1659 2552
537 104 680 139 LIBER
704 105 790 140 XIII
816 108 965 140 35—39.
1348 101 1433 143 399

653 234 869 277 XXXVII.

372 316 447 352 Ser.
475 317 628 359 Romae,
653 321 695 351 ut
718 317 872 360 videtur,
897 328 931 351 α.
960 318 1033 351 708
1060 317 1151 359 (46).

352 399 542 434 CICERO
566 398 748 434 ACILIO
774 398 1112 433 PROCONSULI
1140 397 1175 432 S.

177 482 403 537 Hippiam,
444 482 669 523 Philoxeni
707 482 864 537 filium,
903 481 1185 536 Calacffinum,
1222 480 1437 534 hospitem

55 556 71 579 5
91 545 132 583 et
163 542 446 582 necessarium
477 556 636 595 meum,
668 541 749 582 tibi
776 541 1024 582 commendo
1050 541 1094 581 in
1119 540 1324 581 maiorem
1349 553 1438 580 mo-

40 850 73 873 10

48 1852 81 1878 25

51 2261 86 2286 30

93 601 203 642 dum.
266 600 370 641 Eius
401 600 531 654 bona,
573 615 698 654 quem
730 599 783 640 ad
813 599 988 656 modum
1019 599 1073 640 ad
1102 614 1169 640 me
1202 598 1340 639 delata
1371 612 1437 638 res

92 663 174 713 est,
218 659 387 713 publice
430 659 701 713 possidentur
745 658 882 699 alieno
922 658 1094 699 nomine
1136 660 1283 698 contra
1322 657 1437 712 leges

93 717 417 759 Calactinorum.
478 716 529 758 Id
560 717 595 758 si
626 718 687 758 ita
718 719 792 771 est,
824 717 952 758 etiam
984 717 1073 758 sine
1104 731 1197 757 mea
1229 730 1439 757 commen-

94 777 263 818 datione
295 777 347 817 ab
380 776 592 830 aequitate
623 779 698 817 tua
728 790 794 817 res
826 776 917 830 ipsa
948 776 1174 831 impetrare
1209 775 1349 828 debet,
1390 776 1439 815 ut

95 836 132 876 ei
165 835 399 876 subvenias.
462 834 641 889 Quoquo
673 834 800 875 modo
833 838 974 875 autem
1001 850 1043 875 se
1069 849 1135 875 res
1166 834 1306 888 habet,
1338 835 1438 887 peto

94 909 117 935 a
142 897 196 948 te,
227 897 274 935 ut
299 893 475 935 honoris
505 894 590 934 mei
622 908 746 934 eausa
777 908 874 934 eum
900 894 1096 948 expedias
1122 895 1373 946 tantumque
1400 891 1438 932 ei

94 953 334 995 commodes
360 955 401 994 et
426 953 470 993 in
495 952 574 993 hac
600 967 644 994 re
671 956 712 993 et
743 952 788 992 in
814 952 974 1007 ceteris,
1007 955 1212 1006 quantum
1237 954 1310 991 tua
1335 950 1440 991 fides

95 1012 363 1068 dignitasque
401 1011 597 1066 patietur.
659 1010 710 1051 Id
745 1011 852 1052 mihi
889 1014 1106 1052 vementer
1143 1012 1314 1067 gratum
1347 1009 1438 1050 erit.

647 1126 886 1168 XXXVIII.

378 1208 453 1243 Ser.
480 1208 629 1251 Romae,
655 1212 695 1242 ut
720 1208 877 1250 videtur,
903 1219 936 1242 α.
965 1209 1039 1242 708
1066 1210 1157 1251 (46).

357 1289 548 1324 CICERO
573 1289 755 1324 ACILIO
782 1289 1121 1324 PROCONSULI
1146 1289 1180 1324 S.

185 1372 229 1413 L.
262 1373 478 1427 Bruttius,
519 1387 646 1427 eques
682 1373 750 1427 R„
792 1373 1035 1414 adulescens
1075 1373 1273 1414 omnibus
1315 1372 1442 1413 rebus

98 1434 283 1486 ornatus,
315 1432 359 1472 in
384 1432 490 1472 meis
520 1432 864 1473 familiarissimis
895 1435 954 1473 est
981 1446 1132 1486 meque
1160 1433 1357 1486 opservat
1383 1431 1443 1472 di-

98 1490 398 1546 ligentissime3
434 1490 552 1531 cuius
584 1504 680 1531 cum
710 1494 830 1545 patre
862 1505 1017 1546 magna
1047 1490 1155 1531 mihi
1186 1491 1269 1531 fuit
1301 1489 1443 1530 amici-

45 1562 59 1585 Ξ
98 1548 158 1588 tia
183 1549 267 1589 iam
292 1549 389 1590 inde
416 1563 440 1589 a
465 1552 691 1602 quaestura
717 1564 812 1590 mea
837 1548 1059 1590 Siciliensi.
1121 1548 1305 1590 Omnino
1330 1562 1444 1589 nunc

99 1607 188 1661 ipse
224 1606 419 1648 Bruttius
454 1606 616 1648 Romae
653 1622 820 1649 mecum
857 1610 937 1663 est3
977 1608 1051 1648 sed
1086 1610 1229 1649 tamen
1270 1607 1444 1648 domum

99 1665 188 1706 eius
227 1668 268 1705 et
306 1679 395 1706 rem
432 1665 685 1706 familiarem
717 1669 758 1707 et
795 1669 1091 1720 procuratores
1127 1666 1209 1707 tibi
1242 1667 1302 1707 sic
1333 1680 1444 1706 com-

98 1723 264 1777 mendo,
291 1725 338 1763 ut
363 1724 523 1764 maiore
550 1724 690 1765 studio
711 1725 1004 1765 commendare
1023 1738 1110 1765 non
1135 1725 1306 1778 possim.
1344 1723 1445 1767 Gra-

100 1782 313 1823 tissimum
337 1781 445 1822 mihi
470 1782 630 1836 feceris,
662 1782 698 1823 si
722 1782 893 1836 curaris,
919 1784 967 1822 ut
992 1782 1213 1838 intellegat
1238 1782 1445 1834 BruttiuS,

101 1840 144 1881 id
176 1840 290 1894 quod
327 1840 364 1880 ei
402 1840 557 1894 recepi,
595 1840 704 1881 hanc
740 1855 878 1881 meam
916 1840 1326 1882 commendationem
1364 1840 1446 1881 sibi

101 1913 257 1954 magno
291 1898 535 1939 adiumento
568 1899 708 1939 fuisse.

677 2003 872 2045 XXXIX.

385 2084 459 2119 Ser.
486 2084 640 2126 Romae,
665 2088 706 2117 ut
730 2085 885 2127 videtur,
909 2096 942 2119 α.
971 2086 1044 2118 708
1071 2086 1161 2127 (46).

365 2165 555 2200 CICERO
580 2164 763 2200 ACILIO
789 2165 1129 2200 PROCONSULI
1155 2164 1188 2199 S.

195 2248 302 2290 Cum
340 2249 503 2290 familia
539 2247 736 2289 Titurnia
773 2248 1038 2290 necessitudo
1078 2248 1185 2288 mihi
1225 2247 1449 2289 intercedit

103 2310 241 2362 vetus3
285 2322 335 2349 ex
376 2322 459 2362 qua
499 2306 687 2360 reliquus
729 2310 791 2348 est
827 2306 883 2348 M.
916 2306 1136 2348 Titurnius
1174 2305 1331 2361 Rufus,
1376 2307 1449 2360 qui
