1659 2552
592 99 736 133 LIBER
761 99 829 134 VII
858 103 913 143 23,
941 103 995 135 24.
1384 100 1468 141 191

126 208 212 235 non
243 193 449 247 manebit,
482 193 665 248 aliquem
692 194 1153 250 Pseudodamasippum
1179 196 1245 236 vel
1272 210 1366 236 cum
1392 196 1472 237 iac-

126 255 223 293 tura
257 252 526 306 reperiemus.

216 309 339 360 Quod
376 311 429 351 ad
458 326 526 352 me
559 311 608 352 de
641 312 766 352 domo
804 312 954 353 scribis
992 312 1163 366 iterum,
1202 312 1285 353 iam
1318 313 1361 353 id
1392 328 1471 368 ego
1497 323 1519 353 4

126 370 397 424 proficiscens
421 370 665 411 mandaram
691 385 808 412 meae
833 370 1013 425 Tulliae3
1040 386 1088 412 ea
1113 370 1225 412 enim
1251 371 1342 425 ipsa
1366 371 1471 412 hora

93 441 108 464 5
128 442 369 482 acceperam
395 431 489 469 tuas
514 429 688 469 litteras.
733 429 917 485 Egeram
949 430 1076 470 etiam
1109 444 1203 470 cum
1235 432 1309 470 tuo
1335 429 1471 484 Nicia,

129 487 243 541 quod
274 487 309 528 is
340 487 493 541 utitur,
534 490 582 528 ut
613 488 710 541 sois,
752 488 1019 529 familiariter
1051 487 1206 529 Cassio.
1268 488 1328 530 Ut
1366 488 1472 529 redii

128 548 282 600 autem,
307 546 555 600 priusquam
580 549 674 587 tuas
700 547 784 602 legi
810 547 886 588 has
911 547 1126 601 proximas
1146 547 1322 601 litteras,
1350 562 1472 601 quae-

129 604 207 645 sivi
235 605 285 645 de
310 619 404 645 mea
423 604 574 659 Tullia,
601 605 703 659 quid
729 605 893 661 egisset.
934 605 1016 646 Per
1034 605 1241 646 Liciniam
1267 620 1310 647 se
1336 606 1472 661 egisse

129 662 296 704 dicebat
334 661 426 719 (sed
464 664 616 717 opinor
648 663 839 705 Cassium
878 665 940 705 uti
978 679 1063 705 non
1103 664 1164 705 ita
1193 665 1377 705 multum
1409 679 1473 705 so-

74 735 108 760 10
128 720 261 778 r·ore)
300 736 391 762 eam
428 736 557 776 porro
594 737 748 788 negaie
786 737 828 763 se
866 723 1036 777 audere,
1078 737 1173 764 cum
1205 723 1271 764 vir
1307 723 1473 764 abesset

129 779 212 836 (est
243 781 355 821 enim
387 781 603 835 profectus
634 781 679 821 in
710 781 960 844 Hispaniam
991 780 1190 837 Dexius),
1221 782 1296 823 illo
1329 784 1371 823 et
1402 782 1473 822 ab-

128 842 245 880 sente
271 841 313 880 et
338 839 542 880 insciente
567 839 761 895 migrare.
812 840 891 881 Est
910 833 1021 881 mihi
1047 840 1337 896 gratissimum
1361 841 1472 881 tanti

128 913 152 938 a
182 900 224 938 te
257 898 521 939 aestimatam
553 899 900 940 consuetudinem
931 899 1042 940 vitae
1073 899 1294 953 victusque
1325 899 1473 953 nostri,

128 956 314 1011 primum
345 959 393 997 ut
424 971 515 997 eam
549 957 720 997 domum
753 972 955 1011 sumeres,
987 960 1034 998 ut
1064 973 1151 999 non
1181 958 1308 999 modo
1340 972 1472 1012 prope

76 1026 109 1052 15
127 1030 212 1069 me,
250 1015 323 1056 sed
359 1015 483 1069 plane
513 1030 678 1056 mecum
710 1016 903 1057 habitare
934 1031 1095 1071 posseS,
1138 1017 1286 1057 deinde
1318 1019 1366 1057 ut
1395 1016 1473 1057 mi-

129 1088 251 1130 grare
282 1076 402 1114 tanto
436 1088 561 1128 opere
593 1075 776 1115 festines.
840 1074 922 1115 Sed
947 1091 998 1116 ne
1024 1075 1176 1128 vivam,
1209 1076 1243 1116 si
1269 1075 1350 1116 tibi
1377 1089 1473 1116 con—

130 1132 244 1187 cedo,
275 1135 324 1173 ut
355 1132 444 1173 eius
476 1133 537 1173 rei
568 1135 616 1173 tu
648 1133 842 1187 cupidior
873 1134 941 1188 sis,
973 1149 1099 1188 quam
1132 1149 1210 1189 ego
1243 1148 1346 1174 sum.
1390 1132 1472 1174 Ita-

130 1206 210 1245 que
248 1191 390 1232 omnia
430 1192 639 1246 experiar,
679 1192 802 1233 video
844 1193 973 1246 enim,
1016 1192 1119 1247 quid
1157 1207 1252 1233 mea
1291 1192 1472 1246 intersit,

130 1249 233 1304 quid
269 1250 491 1304 utriusque
528 1253 733 1291 nostrum.
797 1249 842 1291 Si
884 1251 987 1305 quid
1027 1265 1174 1306 egero,
1214 1251 1384 1305 faciam,
1424 1253 1473 1291 ut

77 1319 110 1344 20
130 1308 245 1349 scias.
308 1307 372 1349 Tu
404 1311 446 1349 et
477 1309 530 1349 ad
561 1309 704 1350 omnia
729 1309 933 1350 rescribes
959 1311 1012 1364 et,
1045 1310 1212 1363 quando
1238 1312 1281 1351 te
1307 1324 1474 1364 exspec-

128 1370 228 1422 tem,
258 1367 386 1408 facies
417 1382 501 1422 me,
534 1368 569 1408 si
600 1368 681 1408 tibi
713 1368 893 1423 videtur,
925 1368 1160 1409 certiorem.

723 1519 878 1561 XXIV.

255 1599 328 1634 Ser.
355 1600 396 1634 in
420 1600 626 1635 Tusculano
651 1601 733 1635 circ.
761 1601 874 1635 XIII
895 1601 944 1634 K.
972 1601 1064 1645 Sept.
1093 1613 1124 1635 a.
1156 1603 1226 1635 709
1256 1603 1346 1644 (45).

390 1680 438 1715 M.
466 1680 634 1716 CICERO
662 1681 695 1716 S.
722 1681 765 1716 D.
792 1682 840 1716 M.
868 1681 1012 1716 FADIO
1047 1682 1214 1717 GALLO.

79 1786 112 1811 25
220 1774 392 1816 Amoris
423 1776 594 1829 quidem
625 1777 701 1831 tui,
733 1791 904 1831 quoquo
936 1792 1003 1818 1116
1032 1778 1153 1831 verti,
1184 1777 1375 1832 vestigia,
1407 1777 1474 1817 vel
1502 1787 1520 1818 1

132 1834 325 1888 proxime
358 1834 407 1875 de
439 1834 639 1889 Tigelli03
681 1836 791 1875 sensi
824 1835 936 1876 enim
969 1850 1020 1876 ex
1050 1836 1206 1876 litteris
1237 1836 1322 1876 tuis
1354 1835 1474 1875 valde

133 1896 174 1933 te
205 1892 429 1934 laborasse.
491 1892 602 1934 Amo
640 1893 774 1948 igitur
810 1894 1084 1934 voluntatem.
1148 1893 1231 1934 Sed
1260 1908 1394 1947 pauca
1425 1893 1474 1934 de

134 1966 188 1992 re.
240 1950 404 2005 Cipius,
437 1951 606 2005 opinor,
639 1952 757 1992 olim:
808 1951 939 1993 ‘Non
978 1952 1208 1993 omnibus
1247 1951 1474 1992 dormio'.

134 2009 204 2051 Sic
235 2024 314 2066 ego
345 2024 433 2051 non
466 2010 674 2064 omnibus,
705 2010 765 2050 mi
793 2009 923 2064 Galle,
955 2011 1102 2051 servio.
1159 2010 1254 2051 Etsi
1280 2025 1386 2064 quae
1412 2012 1475 2050 est

81 2080 114 2104 30
132 2068 236 2109 haec
266 2069 475 2110 servitus?
507 2067 632 2122 Olim,
665 2083 759 2109 cum
791 2083 966 2124 regnare
999 2069 1358 2123 existimabamur,
1388 2083 1475 2109 non

132 2129 220 2168 tam
258 2127 310 2168 ab
348 2127 447 2168 ullis
486 2142 612 2181 quam
648 2127 730 2173 hoc
770 2130 959 2181 tempore
999 2142 1200 2181 opservor
1237 2142 1261 2167 a
1296 2127 1475 2167 familia-

133 2186 311 2226 rissimis
350 2185 540 2226 Caesaris
582 2185 778 2226 omnibus
818 2188 986 2239 praeter
1025 2186 1165 2226 istum.
1226 2184 1277 2226 Id
1313 2200 1392 2241 ego
1430 2186 1475 2226 in

132 2243 261 2285 lucris
292 2259 423 2298 pono,
461 2259 546 2285 non
583 2244 692 2285 ferre
723 2244 940 2285 hominem
971 2244 1306 2298 pestilentiorem
1337 2244 1476 2298 patria

134 2317 228 2358 sua3
272 2317 451 2358 eumque
496 2302 710 2344 addictum
752 2303 835 2344 iam
875 2304 905 2357 †
942 2305 1034 2344 tum
1077 2305 1181 2357 puto
1226 2317 1314 2344 esse
1356 2302 1474 2343 Calvi
