1659 2552
420 71 483 104 AD
512 69 670 112 QUINT.
697 70 867 105 FRATR.
895 70 1037 104 LIBER
1061 70 1078 104 Ι
1104 74 1140 114 2,
1168 74 1199 105 3.
1415 68 1500 110 513

159 167 271 206 tores
303 165 507 206 habemus
541 166 816 207 amicissimos
850 168 890 206 et
928 166 1154 206 acerrimos
1187 166 1314 219 cives,
1356 164 1500 205 Domi-

158 224 287 278 tium,
327 224 571 280 Nigidium,
612 225 878 279 Memmium,
915 224 1164 279 Lentulum,
1206 224 1340 265 bonos
1373 224 1501 264 etiam

159 282 264 323 alios
297 283 541 338 singulares
605 282 741 332 Quare
780 298 982 339 magnum
1019 283 1084 323 fac
1126 283 1313 323 animum
1345 282 1501 323 habeas

159 344 200 382 et
232 356 348 395 spem
383 342 546 382 bonam.
609 342 671 382 De
704 342 882 397 singulis
918 345 1059 383 tamen
1092 342 1229 396 rebus,
1262 356 1367 396 quae
1400 341 1502 382 coti-

123 411 140 436 5
160 400 225 440 die
256 404 474 456 gerantur,
507 401 658 441 faciam
690 404 732 442 te
765 401 911 441 crebro
945 401 1178 441 certiorem.

791 552 865 594 III.

403 634 477 668 Ser.
509 635 780 669 Thessalonicae
805 634 862 668 Id.
889 634 973 668 Iun.
1001 645 1035 667 α.
1063 636 1136 667 696
1162 635 1254 676 (58).

393 714 586 749 MARCUS
614 714 793 756 QUINTO
826 714 1004 749 FRATRI
1031 714 1264 749 SALUTEM.

245 810 307 851 Mi
339 811 480 864 frater,
512 810 571 851 mi
602 811 743 865 frater,
775 810 834 851 mi
866 811 1013 865 frater,
1046 813 1147 851 tune
1179 810 1223 850 id
1254 810 1413 851 veritus
1446 824 1500 864 es,

107 883 139 906 10
158 885 210 910 ne
251 884 329 925 ego
370 869 586 910 iracundia
626 870 767 923 aliqua
807 869 1011 910 adduc-tus
1051 884 1204 923 pueros
1242 869 1294 909 ad
1331 872 1372 909 te
1411 869 1500 909 sine

159 929 313 969 litteris
345 928 533 969 miserim
566 931 636 968 aut
670 928 797 969 etiam
822 943 874 969 ne
900 931 941 969 te
967 928 1108 969 videre
1134 928 1373 968 noluerim?
1405 927 1500 982 Ego

159 987 239 1028 tibi
265 988 476 1040 irascerer,
502 987 583 1027 tibi
609 1001 687 1042 ego
714 1001 880 1041 possem
906 987 1058 1027 irasci?
1103 986 1283 1040 Scilicet,
1315 989 1362 1027 tu
1389 987 1501 1026 enim

159 1061 226 1086 me
258 1046 472 1099 adflixisti,
509 1046 572 1086 tui
604 1060 670 1086 me
707 1046 889 1099 inimici,
926 1048 1000 1086 tua
1036 1060 1103 1086 me
1141 1045 1299 1086 invidia
1337 1059 1384 1085 ao
1415 1059 1501 1085 non

161 1119 238 1160 ego
271 1107 312 1145 te
343 1105 493 1144 misere
531 1104 706 1158 perdidi.
768 1104 887 1144 Meus
928 1104 999 1145 ille
1030 1104 1225 1144 laudatus
1258 1103 1500 1145 consulatus

110 1175 141 1199 15
161 1163 267 1203 mihi
298 1165 352 1216 te,
383 1163 550 1216 liberos,
582 1163 775 1217 patriam,
808 1163 1011 1217 fortunas,
1043 1163 1123 1203 tibi
1155 1163 1282 1203 velim
1314 1177 1366 1203 ne
1399 1162 1501 1216 quid

162 1222 363 1275 eripuerit
394 1224 560 1275 praeter
591 1236 722 1262 unum
753 1236 830 1262 me.
895 1220 977 1262 Sed
1006 1224 1116 1262 certe
1148 1237 1171 1262 a
1202 1224 1244 1262 te
1276 1221 1382 1261 mihi
1416 1235 1501 1261 om-

160 1281 231 1320 nia
267 1295 431 1334 semper
467 1281 643 1320 honesta
682 1283 723 1320 et
760 1280 941 1320 iucunda
973 1280 1228 1334 ceciderunt,
1268 1295 1291 1320 a
1322 1294 1388 1320 me
1420 1279 1500 1320 tibi

159 1339 299 1379 luctus
329 1353 445 1379 meae
479 1339 746 1393 calamitatis,
779 1341 916 1379 metus
948 1342 1062 1393 tuae,
1095 1339 1360 1392 desiderium,
1392 1352 1501 1378 mae-

161 1412 248 1452 ror,
286 1397 481 1438 solitudo.
544 1397 638 1452 Ego
676 1400 717 1438 te
755 1397 896 1438 videre
934 1397 1176 1438 noluerim?
1230 1396 1367 1437 Immo
1399 1411 1499 1437 vero

110 1470 143 1492 20
161 1471 228 1496 me
255 1471 279 1496 a
302 1459 344 1496 te
370 1456 503 1497 videri
528 1456 656 1496 nolui.
700 1455 801 1497 Non
827 1456 939 1496 enim
965 1456 1140 1497 vidisses
1166 1456 1341 1496 fratrem
1366 1459 1500 1509 tuum,

162 1529 247 1555 non
278 1529 384 1568 eum,
417 1529 541 1568 quem
574 1515 814 1568 reliqueras,
845 1529 931 1555 non
958 1529 1064 1569 eum,
1097 1529 1222 1568 quem
1247 1529 1384 1568 noras,
1415 1529 1500 1554 non

163 1587 275 1626 eum,
319 1587 443 1626 quem
486 1574 590 1613 flens
632 1574 820 1627 flentem,
864 1576 1188 1627 prosequentem
1231 1573 1501 1627 proficiscens

163 1631 397 1684 dimiseras,
438 1646 489 1671 ne
521 1631 747 1687 vestigium
780 1632 950 1685 quidem
983 1632 1071 1672 eius
1108 1646 1183 1672 nec
1217 1632 1499 1685 simulacrum,

163 1690 235 1730 sed
267 1690 475 1743 quandam
508 1690 693 1744 effigiem
725 1690 924 1743 spirantis
956 1690 1125 1730 mortui.
1169 1689 1311 1743 Atque
1338 1690 1500 1729 utinam

111 1759 143 1783 25
163 1762 229 1789 me
270 1751 486 1788 mortuum
529 1748 645 1801 prius
686 1748 861 1788 vidisses
903 1750 974 1787 aut
1015 1748 1217 1801 audisses,
1259 1748 1422 1788 utinam
1459 1750 1501 1787 te

163 1821 249 1847 non
274 1806 410 1846 solum
436 1806 558 1858 vitae,
590 1805 663 1846 sed
688 1806 815 1846 etiam
842 1806 1062 1861 dignitatis
1087 1820 1203 1846 meae
1231 1806 1500 1859 superstitem

164 1865 443 1918 reliquissem!
506 1863 588 1904 Sed
618 1866 751 1904 testor
777 1878 921 1905 omnes
954 1864 1053 1904 deos
1084 1879 1150 1904 me
1181 1864 1260 1904 hac
1291 1879 1373 1904 una
1399 1878 1500 1904 voce

164 1939 187 1964 a
218 1926 353 1964 morte
385 1937 473 1963 esse
505 1924 757 1976 revocatum,
790 1923 903 1976 quod
929 1937 1073 1963 omnes
1104 1923 1148 1962 in
1180 1937 1272 1963 mea
1297 1923 1384 1962 vita
1409 1937 1501 1976 par-

164 1986 250 2023 tem
288 1982 472 2035 aliquam
510 1983 605 2021 tuae
637 1981 748 2021 ritae
787 1981 1014 2035 repositam
1048 1996 1135 2021 esse
1168 1981 1380 2035 dicebant,
1419 1996 1501 2034 qua

111 2052 146 2076 30
164 2055 208 2081 re
239 2040 407 2095 peccavi
440 2039 719 2092 scelerateque
746 2040 836 2079 feci.
881 2039 1003 2094 Nam,
1036 2040 1071 2080 si
1099 2040 1354 2093 occidissem,
1386 2053 1501 2079 mors

164 2099 256 2153 ipsa
291 2113 428 2139 meam
464 2098 665 2151 pietatem
703 2112 972 2151 amoremque
1004 2098 1048 2138 in
1082 2101 1124 2138 te
1156 2098 1277 2138 facile
1311 2098 1502 2138 defende-

165 2160 245 2211 ret3
277 2172 388 2198 nunc
420 2156 632 2209 commisi,
665 2159 710 2196 ut
742 2171 808 2196 me
841 2156 938 2197 vivo
972 2171 1148 2209 careres,
1180 2157 1277 2196 vivo
1308 2170 1375 2196 me
1408 2156 1502 2196 aliis

165 2215 387 2271 indigeres,
419 2229 511 2255 mea
543 2229 625 2254 vox
657 2214 700 2254 in
731 2214 970 2255 domesticis
1002 2215 1201 2268 periculis
1231 2215 1501 2268 potissimum

167 2274 391 2328 occideret,
443 2287 547 2327 quae
598 2287 718 2326 saepe
768 2273 1035 2313 alienissimis
1084 2273 1293 2327 praesidio
1343 2273 1501 2314 fuisset.

241 2348 393 2374 Ciceronis
414 2348 500 2379 epist.
528 2349 548 2371 Ι,
1245 2344 1288 2374 33

1526 1876 1545 1906 10
