1659 2552
359 71 422 105 AD
450 70 607 112 QUINT.
633 69 802 104 FRATR.
830 69 971 126 LIBER
996 69 1029 103 Π
1056 72 1204 104 10—12.
1365 68 1451 109 535

201 167 352 208 Omnia
384 166 551 222 colligo,
583 168 630 206 ut
661 165 759 206 novi
792 165 973 206 scribam
1005 165 1167 218 aliquid
1192 165 1244 205 ad
1274 168 1336 220 te3
1369 164 1452 219 sed,

112 229 160 268 ut
191 227 319 279 vides,
352 240 417 266 res
447 240 514 265 me
549 225 639 278 ipsa
673 224 823 265 deficit.
884 223 1032 278 Itaque
1064 224 1116 264 ad
1150 223 1452 264 Callisthenem

113 289 154 327 et
186 285 237 326 ad
268 284 496 325 Philistum
529 284 670 337 redeo,
709 284 752 323 in
784 283 937 337 quibus
974 285 1015 323 te
1047 282 1169 323 video
1202 283 1452 323 volutatum.

114 343 392 385 Callisthenes
418 342 588 397 quidem
613 342 786 397 vulgare
818 344 858 382 et
889 344 1038 382 notum
1063 342 1295 396 negotium,
1328 355 1453 395 quem

77 416 93 441 5
113 403 165 444 ad
196 403 369 443 modum
401 402 564 455 aliquot
597 399 742 441 Graeci
775 400 906 441 locuti
939 402 1056 454 sunt,
1089 399 1256 441 Siculus
1287 400 1358 440 ille
1391 414 1453 440 ca-

112 461 273 516 pitalis,
315 460 476 513 creber,
517 462 682 514 acutus,
722 459 879 513 brevis,
910 473 1041 512 paene
1077 459 1258 512 pusillus
1289 458 1453 512 Thucy—

115 521 248 574 dides3
286 520 373 573 sed,
412 522 530 559 utros
563 519 651 559 eius
681 518 880 558 habueris
911 518 1044 558 libros
1076 516 1178 572 (duo
1211 517 1324 558 enim
1356 520 1454 557 sunt

114 578 308 633 corpora)
342 593 394 618 an
425 580 645 631 utrosque,
682 577 833 617 nescio.
894 575 963 617 Me
995 576 1131 631 magis
1163 576 1212 616 de
1244 576 1452 629 Dionysio

115 638 310 691 delectat3
348 637 437 690 ipse
475 638 537 676 est
575 636 686 676 enim
718 638 930 676 veterator
966 649 1145 690 magnus
1177 637 1218 675 et
1257 635 1453 689 perfami-

62 712 95 735 ιο
113 697 231 737 liaris
255 695 438 736 Philisto
464 694 706 748 Dionysius.
770 694 863 748 Sed,
895 694 924 747 †
951 708 1033 747 quo
1061 694 1276 748 adscribis,
1308 694 1453 749 adgre-

114 755 277 796 derisne
309 754 361 795 ad
390 754 642 794 historiam?
703 753 771 794 Me
803 755 973 793 auctore
1003 755 1136 807 potes,
1168 755 1220 806 et,
1253 753 1453 806 quoniam

113 813 357 855 tabellarios
383 812 690 865 subministras,
715 812 909 852 hodierni
933 811 1015 851 diei
1042 826 1107 852 res
1132 814 1272 866 gestas
1297 810 1453 865 Luper-

114 873 274 914 calibus
298 871 486 912 habebis.
538 870 711 911 Oblecta
738 873 779 911 te
807 884 901 910 cum
929 869 1129 911 Cicerone
1154 873 1301 911 nostro
1328 884 1454 924 quam

114 931 354 973 bellissime.

62 1051 94 1075 15
640 1034 733 1075 ΧΠ.
779 1033 930 1089 [XIV]

222 1117 295 1152 Ser.
324 1118 361 1150 ln
390 1116 552 1151 Cumano
576 1116 630 1150 vel
654 1115 875 1158 Pompeiano
899 1126 943 1148 m.
971 1114 1066 1149 Mai.
1094 1126 1126 1149 a.
1156 1117 1228 1150 700
1256 1116 1342 1158 (54).

305 1197 523 1232 MARCUS
549 1196 747 1242 QUINTO
773 1196 984 1230 FRATRI
1004 1195 1271 1230 SALUTEM.

204 1281 320 1322 Duas
351 1281 487 1321 adhuc
519 1296 541 1321 a
572 1282 614 1320 te
646 1280 786 1334 accepi
819 1280 1035 1334 epistolas3
1068 1294 1246 1333 quarum
1279 1279 1454 1320 alteram

117 1341 160 1381 in
192 1341 283 1394 ipso
317 1340 499 1380 discessu
531 1342 694 1389 nostro,
734 1339 909 1379 alteram
940 1338 1135 1378 Arimino
1169 1338 1327 1392 datam,
1365 1338 1455 1392 plu-

64 1414 97 1438 ἑο
119 1399 193 1453 ris,
227 1413 329 1452 quas
361 1398 509 1439 scribis
541 1401 583 1438 te
616 1397 794 1451 dedisse,
832 1412 917 1438 non
949 1411 1201 1450 acceperam.
1262 1396 1357 1451 Ego
1389 1411 1456 1437 me

118 1458 162 1498 in
195 1457 383 1498 Cumano
417 1459 458 1497 et
488 1456 765 1510 Pompeiano,
802 1459 1098 1509 praeterquam
1131 1455 1245 1509 quod
1282 1455 1370 1496 sine
1402 1458 1456 1509 te,

119 1519 303 1556 ceterum
353 1515 453 1555 satis
497 1515 714 1556 commode
759 1515 1023 1555 oblectabam
1068 1517 1108 1554 et
1154 1529 1269 1554 eram
1317 1514 1362 1554 in
1405 1514 1458 1554 is-

120 1574 214 1614 dem
245 1574 349 1614 locis
379 1588 511 1627 usque
543 1574 596 1613 ad
621 1573 670 1613 K.
697 1572 839 1613 lunias
865 1574 1043 1613 futurus.
1101 1572 1347 1613 Scribebam
1373 1572 1457 1626 illa,

121 1647 226 1686 quae
259 1632 463 1685 dixeram,
501 1632 719 1679 πολιτικά,
757 1632 938 1685 spissum
971 1646 1068 1671 sane
1101 1646 1206 1684 opus
1239 1634 1280 1671 et
1313 1645 1457 1684 opero—

67 1705 100 1729 ‘25
121 1705 231 1743 sum3
264 1690 352 1743 sed,
390 1691 423 1730 si
456 1705 506 1730 ex
538 1690 745 1730 sententia
783 1689 1043 1742 successerit,
1081 1689 1187 1729 bene
1219 1689 1299 1729 erit
1332 1703 1459 1742 opera

119 1750 269 1803 posita,
302 1749 366 1788 sin
390 1749 542 1801 minus,
574 1748 618 1787 in
645 1748 750 1787 illud
775 1748 913 1800 ipsum
939 1761 1054 1787 mare
1081 1747 1460 1800 deiciemus,·quod

121 1810 356 1862 spectantes
390 1806 624 1859 scribimus,
656 1806 950 1860 adgrediemur
982 1805 1080 1859 alia,
1113 1805 1313 1858 quoniam
1346 1806 1458 1859 quie-

121 1880 233 1907 scere
265 1880 349 1905 non
380 1879 613 1918 possumus,

210 1924 299 1964 Tua
342 1924 539 1963 mandata
575 1937 802 1976 persequar
840 1922 1065 1977 diligenter
1102 1925 1143 1962 et
1181 1922 1459 1977 adiungendis

69 1996 102 2021 30
119 1982 365 2024 hominibus
391 1984 432 2022 et
458 1982 709 2035 quibusdam
734 1995 819 2021 non
845 1981 1093 2035 alienandis3
1119 1981 1327 2021 maximae
1353 1981 1459 2021 mihi

122 2056 221 2082 vero
260 2055 381 2081 curae
423 2040 522 2093 erit,
564 2042 610 2080 ut
643 2039 886 2080 Ciceronem
927 2042 1048 2080 tuum
1087 2042 1363 2092 nostrumque
1400 2039 1460 2079 vi—

123 2100 242 2140 deam
274 2099 433 2139 scilicet
465 2098 630 2151 cotidie,
663 2098 734 2138 sed
758 2098 990 2151 inspiciam,
1024 2098 1126 2151 quid
1158 2098 1300 2151 discat,
1333 2112 1460 2150 quam

123 2159 363 2212 saepissime
411 2160 468 2209 et,
508 2156 590 2196 nisi
627 2156 698 2196 ille
737 2159 995 2209 contemnet,
1037 2157 1164 2196 etiam
1206 2156 1459 2211 magistrum

122 2230 188 2256 me
220 2217 257 2257 ei
288 2215 532 2270 profitebor,
565 2214 682 2254 cuius
713 2214 773 2254 rei
805 2229 890 2255 non
921 2215 1081 2254 nullam
1113 2214 1459 2256 consuetudinem

69 2286 103 2312 35
123 2277 269 2315 nactus
301 2289 393 2315 sum
424 2274 468 2314 in
499 2273 580 2314 hoc
603 2273 756 2313 horum
783 2273 944 2313 dierum
972 2273 1059 2313 otio
1082 2272 1281 2313 Cicerone
1312 2275 1458 2314 nostro
