1659 2552
186 103 275 145 404
695 102 1034 137 EPISTULARUM

763 243 957 286 XLVIII.

329 326 404 362 Ser.
432 326 579 367 Romae,
605 329 646 360 ut
669 327 828 368 videtur,
854 329 1049 360 auctumno
1074 325 1166 359 «mni
1193 326 1265 359 707
1293 326 1383 366 (47).

331 407 500 443 CICERO
528 406 564 442 C.
593 406 811 442 SEXTILIO
838 406 965 442 RUFO
993 404 1266 448 QUAESTORI
1295 405 1329 440 S.
1354 405 1398 440 D.

277 491 433 533 Omnes
465 491 545 532 tibi
578 491 826 532 commendo
855 489 1047 546 CypriOS,
1079 489 1153 531 sed
1182 489 1319 546 magis
1349 487 1536 543 Paphios

189 550 364 608 (quibus
401 553 449 591 tu
487 563 775 604 quaecumque
808 549 1106 603 commodaris,
1146 551 1269 589 erunt
1305 547 1412 589 mihi
1443 561 1536 603 gra·
1574 561 1590 587 5

188 609 384 666 tissima),
417 623 550 663 eoque
576 609 685 649 facio
711 609 926 662 libentius,
958 611 1005 649 ut
1032 621 1102 648 eos
1127 607 1208 648 tibi
1235 606 1537 660 commendem,

190 669 304 724 quod
336 672 377 709 et
408 670 505 708 tuae
537 667 670 722 laudi,
709 668 827 708 cuius
859 682 938 723 ego
977 668 1119 707 fautor
1156 680 1266 720 sum,
1305 665 1537 707 conducere

190 728 386 781 arbitror,
419 741 515 767 cum
545 727 709 780 primus
740 727 785 767 in
811 741 903 767 eam
929 725 1111 767 insulam
1138 727 1336 779 quaestor
1359 723 1537 778 veneris,

191 802 238 828 ea
270 789 311 827 te
342 786 584 840 instituere,
624 800 730 839 quae
768 788 998 839 sequantur
1030 784 1120 839 alii,
1161 798 1284 838 quae,
1323 785 1370 824 ut
1401 797 1537 837 spero,

190 845 356 886 facilius
389 858 655 898 consequere,
688 844 723 884 si
755 847 797 885 et
827 843 872 885 P.
898 843 1082 897 Lentuli,
1113 842 1338 883 necessarii
1368 842 1449 896 tui,
1481 841 1537 882 le·
1557 856 1591 881 10

190 919 287 960 gem
320 906 361 945 et
393 918 452 958 ea,
485 917 591 956 quae
623 918 647 944 a
677 917 745 943 me
778 903 1010 943 constituta
1042 904 1151 956 sunt,
1184 901 1303 955 sequi
1335 900 1537 956 volueris;

192 978 318 1017 quam
351 977 440 1003 rem
472 961 552 1002 tibi
586 961 752 1002 confido
785 976 963 1018 magnae
995 961 1111 1002 laudi
1143 960 1245 1001 fore.

792 1113 941 1154 XLIX.

263 1195 336 1231 Scr.
365 1195 501 1230 Romae
526 1195 622 1230 inter
647 1195 736 1229 med.
761 1205 806 1229 m.
838 1193 911 1229 Oet.
938 1206 972 1229 α.
1001 1195 1075 1228 707
1101 1194 1181 1237 (47)
1208 1196 1241 1227 et
1265 1192 1322 1227 Id.
1350 1191 1467 1227 Mart.

740 1253 773 1276 α.
802 1243 873 1276 710
899 1243 988 1285 (44).
1558 1255 1592 1280 15

582 1320 752 1357 CICERO
780 1321 922 1357 CURIO
952 1321 1146 1356 PROCOS.

283 1417 330 1467 Q.
358 1417 588 1472 Pompeius
620 1416 713 1458 Sex.
747 1418 772 1457 f.
806 1417 953 1457 multis
985 1420 1026 1458 et
1056 1416 1271 1457 veteribus
1303 1415 1439 1457 causis
1470 1430 1539 1457 ne·

193 1477 462 1519 cessitudinis
493 1476 598 1516 mihi
633 1476 882 1516 coniunctus
915 1479 986 1516 est.
1049 1474 1090 1516 Is
1132 1490 1226 1516 cum
1268 1477 1391 1516 antea
1432 1475 1538 1515 meis

193 1534 634 1577 commendationibus
671 1538 713 1575 et
750 1549 839 1575 rem
877 1537 918 1575 et
955 1535 1137 1590 gratiam
1170 1537 1211 1575 et
1242 1533 1539 1574 auctoritatem

194 1609 314 1636 suam
344 1594 456 1634 tueri
489 1593 713 1647 consuerit,
744 1607 857 1634 nunc
887 1594 1079 1647 profecto
1105 1595 1147 1634 te
1172 1593 1436 1647 provinciam
1468 1606 1539 1647 op-
1558 1605 1592 1630 »ο

193 1654 355 1694 tinente
387 1652 493 1692 meis
523 1651 678 1693 litteris
705 1652 878 1706 adsequi
905 1652 1040 1705 debet,
1073 1654 1120 1692 ut
1150 1651 1311 1692 nemini
1343 1665 1386 1692 se
1418 1651 1539 1692 intel-

192 1712 308 1768 legat
339 1711 741 1751 commendatiorem
773 1724 975 1765 umquam
1006 1711 1146 1751 fuisse.
1209 1709 1343 1759 Quam
1369 1709 1424 1751 ob
1450 1724 1539 1750 rem

194 1786 217 1811 a
249 1774 290 1811 te
322 1770 528 1811 maiorem
565 1770 609 1810 in
646 1769 820 1811 modum
857 1772 974 1824 peto,
1016 1772 1080 1824 ut,
1121 1783 1217 1810 cum
1255 1768 1392 1810 omm's
1422 1782 1539 1809 meos

194 1843 326 1884 aeque
363 1843 411 1869 ac
447 1830 544 1869 tuos
583 1842 805 1882 opservare
842 1842 920 1882 pro
957 1827 1266 1869 necessitudine
1296 1829 1441 1868 nostra
1473 1826 1539 1868 de-

194 1888 311 1941 beas,
352 1887 465 1927 hunc
497 1887 540 1927 in
577 1887 728 1941 primis
765 1887 825 1928 ita
856 1887 900 1927 in
937 1889 1055 1927 tuam
1092 1886 1219 1927 fidem
1257 1885 1451 1940 recipias,
1492 1888 1540 1926 ut
1560 1897 1593 1923 25

195 1947 284 2001 ipse
328 1946 549 2001 intellegat
592 1945 754 1987 nullam
794 1960 883 1986 rem
921 1945 1003 1986 sibi
1043 1945 1196 1986 maiori
1233 1944 1327 1986 usui
1365 1946 1438 1984 aut
1476 1957 1540 1984 or—

194 2007 395 2046 namento
433 2018 561 2059 quam
598 2019 736 2045 meam
774 2004 1184 2046 commendationem
1214 2017 1303 2045 esse
1339 2002 1539 2058 potuisse.

195 2063 315 2105 Vale.
