1659 2552
101 2157 119 2186 ΚΟ

151 118 233 159 13ss
643 118 986 153 EPISTULARUM

148 214 271 262 Quod
308 229 387 270 ego
425 215 512 255 sive
551 229 684 269 aequo
723 215 863 255 animo
902 214 989 255 sive
1027 213 1174 267 iniquo
1213 213 1320 268 fero,
1360 216 1408 255 tu
1441 214 1490 255 de

147 272 219 313 HS
247 276 273 317 ὃ
305 288 438 328 aequo
466 273 606 314 animo
633 275 741 313 ferre
775 273 900 313 debes
932 275 974 313 et
1005 272 1247 313 existimare
1275 287 1323 314 eo
1349 273 1490 314 minus

147 332 200 372 ad
230 335 272 372 te
304 333 370 373 vel
404 332 452 372 de
484 332 568 372 tuis
601 332 770 372 cibariis
802 331 869 372 vel
907 332 956 372 de
988 346 1082 371 mea
1112 331 1367 372 liberalitate
1398 346 1490 386 per—

146 391 319 431 venisse.
383 390 541 439 Quodsi
579 390 684 431 mihi
723 404 903 444 expensa
935 390 1016 430 ista
1047 388 1120 430 HS
1148 392 1172 433 'C
1205 390 1390 445 tulisses,
1430 393 1490 431 ta-

146 464 254 502 men,
287 464 391 503 quae
424 453 497 490 1116
528 452 591 489 681
622 449 806 489 suavitas
839 448 994 502 quique
1027 448 1070 488 in
1102 463 1169 489 me
1195 463 1325 503 amor,
1356 449 1490 490 nolles
1527 461 1542 486 5

147 523 170 548 a
195 522 261 548 me
287 508 368 548 1166
392 511 582 562 tempore
608 508 945 548 aestimationem
971 507 1176 562 accipere3
1207 522 1317 562 nam,
1348 522 1490 549 nume-

147 569 286 607 ratum
319 567 353 607 si
387 581 593 620 cuperem,
625 581 710 607 non
742 569 841 607 erat.

236 624 318 665 Sed
349 625 451 666 haec
483 625 667 665 iocatum
705 639 771 665 1116
808 627 976 679 putato,
1018 627 1065 665 ut
1096 639 1175 680 ego
1207 627 1249 666 te
1281 625 1489 666 existimo.

147 683 241 739 Ego
274 687 426 738 tamen,
460 698 554 724 cum
586 683 750 724 Tullius
782 698 878 724 rure
905 683 1089 738 redierit,
1121 683 1291 725 mittam
1317 698 1413 725 eum
1439 684 1491 724 ad

146 745 199 796 te,
233 742 266 782 si
300 743 401 796 quid
432 742 484 782 ad
515 751 604 782 r‘em
635 742 805 796 putabis
836 742 1058 796 pertinere.
1120 741 1242 783 Hanc
1267 743 1490 797 epistolam
1511 755 1544 780 10

148 815 221 841 6111·
252 801 466 841 conscindi
499 801 637 855 velim,
671 815 794 842 causa
825 802 942 842 nulla
974 804 1047 842 est.

757 951 869 994 XXI.

311 1033 385 1067 Ser.
412 1034 549 1068 Romae
577 1035 624 1069 ἰη.
653 1039 717 1069 aut
744 1035 830 1068 med.
856 1046 900 1068 m.
928 1034 1047 1078 April.
1082 1046 1114 1069 a.
1144 1037 1217 1068 708
1245 1036 1336 1077 (46).

463 1116 509 1150 M.
539 1115 707 1150 CICERO
735 1115 768 1150 S.
796 1115 838 1150 D.
866 1115 904 1150 L.
932 1115 1170 1150 MESCINIO.

236 1209 389 1251 Gratae
426 1211 531 1251 mihi
570 1214 666 1252 tuae
706 1211 873 1252 litterae
911 1212 1103 1266 fuerunt3
1147 1226 1198 1252 ex
1236 1211 1390 1265 quibus
1428 1211 1489 1252 in-
1510 1223 1542 1249 15

146 1269 307 1322 tellexi,
346 1269 459 1323 quod
491 1269 618 1310 etiam
651 1270 739 1310 sine
770 1270 925 1310 litteris
957 1270 1213 1324 arbitrabar,
1251 1273 1293 1310 te
1325 1284 1490 1311 summa

147 1327 377 1381 cupiditate
419 1328 630 1369 adfectum
668 1343 755 1369 esse
793 1328 963 1369 videndi
1000 1329 1095 1369 mei.
1157 1328 1281 1377 Quod
1317 1343 1396 1384 ego
1429 1329 1489 1369 ita

145 1386 342 1426 lubenter
378 1386 557 1440 accipio,
602 1389 648 1427 ut
684 1390 826 1427 tamen
863 1387 944 1427 tibi
980 1401 1066 1427 non
1104 1387 1347 1441 concedam3
1389 1401 1488 1428 nam

147 1448 286 1484 tecum
313 1459 412 1499 esse,
444 1445 504 1485 ita
534 1445 641 1485 mihi
667 1445 888 1486 commoda
919 1446 1076 1499 omnia,
1109 1460 1215 1499 quae
1242 1448 1360 1500 opto,
1393 1459 1488 1486 con-

146 1503 334 1557 tingant,
390 1505 437 1543 ut
492 1506 708 1544 vementer
761 1504 906 1545 velim!
977 1503 1169 1558 Etenim,
1225 1518 1321 1545 cum
1377 1507 1486 1545 68861
1506 1517 1539 1542 20

147 1561 282 1602 maior
313 1563 355 1601 et
386 1562 575 1602 virorum
613 1565 654 1602 61
693 1562 848 1603 civium
886 1562 1096 1603 bonorum
1133 1566 1174 1603 et
1206 1562 1487 1604 iucundorum

146 1620 368 1660 hominum
406 1623 447 1660 et
485 1621 717 1661 amantium
755 1621 838 1661 mei
876 1622 1013 1675 copia,
1052 1624 1193 1662 tamen
1231 1624 1320 1662 erat
1351 1635 1488 1676 nemo,

148 1679 317 1732 quicum
350 1692 482 1719 essem
514 1679 716 1719 libentius
749 1695 875 1733 quam
900 1683 1051 1734 16611111,
1084 1683 1125 1720 61
1150 1680 1285 1734 pauci,
1317 1680 1488 1734 quibus-

147 1751 241 1777 cum
274 1751 406 1777 essem
438 1751 568 1791 aeque
598 1737 798 1793 libenter3
829 1738 910 1779 1166
933 1753 1032 1779 vero
1064 1741 1255 1793 tempore
1287 1753 1383 1780 cum
1413 1739 1486 1780 alii

146 1795 396 1850 interierint,
428 1796 500 1836 alii
525 1796 676 1851 absint,
709 1797 781 1837 alii
806 1797 959 1838 mutati
983 1797 1202 1838 voluntate
1227 1797 1323 1852 sint,
1355 1812 1486 1838 unum
1506 1809 1540 1834 25

146 1854 309 1894 medius
349 1854 474 1895 fidius
518 1857 657 1895 tecum
702 1856 812 1896 diem
854 1856 1058 1897 libentius
1100 1856 1316 1910 posuerim
1359 1870 1485 1910 quam

145 1913 226 1954 hoc
268 1927 391 1953 6111116
431 1916 597 1967 tempus
638 1928 733 1955 cum
773 1914 985 1969 plerisque
1026 1930 1192 1969 eorum,
1234 1914 1485 1969 quibuscum

146 1972 242 2012 vivo
274 1972 519 2012 necessario.
580 1971 682 2013 Noli
714 1974 826 2014 enim
861 1974 1103 2014 existimare
1134 1973 1241 2014 mihi
1271 1987 1357 2014 non
1389 1973 1485 2013 soli-

146 2030 336 2071 tudinem
376 2030 667 2071 iucundiorem
711 2046 817 2086 esse,
861 2047 944 2086 qua
986 2036 1127 2073 tamen
1167 2032 1259 2086 ipsa
1299 2031 1362 2072 uti
1399 2045 1484 2072 non

147 2089 259 2142 licet,
298 2104 424 2143 quam
456 2104 669 2130 sermones
700 2104 863 2145 eorum,
902 2091 974 2145 qui
1011 2092 1281 2144 frequentant
1313 2089 1484 2131 domum
1504 2102 1538 2127 30

148 2161 300 2201 meam,
333 2151 507 2201 excepto
540 2163 623 2189 uno
656 2151 728 2190 aut
760 2164 972 2190 summum
1003 2150 1147 2190 altero.
1207 2146 1356 2202 Itaque
1387 2151 1486 2189 utor

147 2206 292 2246 eodem
330 2207 543 2261 perfugio,
587 2221 670 2261 quo
707 2207 788 2248 tibi
829 2208 1033 2249 utendum
1073 2212 1241 2261 censeo,
1283 2206 1485 2248 litterulis

148 2265 320 2317 nostris,
358 2269 574 2318 praeterea
611 2266 868 2307 conscientia
904 2267 1032 2307 etiam
1070 2265 1342 2306 consiliorum
1373 2280 1485 2306 meo-

148 2336 251 2361 rum.
314 2322 407 2377 Ego
439 2324 551 2364 enim
583 2324 618 2364 is
649 2338 754 2379 sum,
787 2339 911 2378 quem
937 2325 989 2366 ad
1013 2323 1187 2366 modum
1213 2326 1259 2364 tu
1285 2323 1484 2365 facillime
