1659 2552
108 425 124 450 5

94 718 127 742 10

632 80 776 114 LIBER
801 79 883 114 VIII
910 82 941 123 7,
969 82 1001 115 8.
1397 79 1479 120 211

229 176 346 218 Haec
377 190 545 231 quoque
585 190 740 231 magna
775 189 887 216 nunc
925 174 1141 215 contentio
1179 174 1319 215 forum
1351 177 1483 215 tenet:
1510 187 1530 217 2

142 235 198 277 M.
232 234 436 277 Servilius
466 237 703 289 postquam,
736 236 784 275 ut
815 235 1021 288 coeperat,
1054 233 1251 274 omnibus
1283 233 1326 273 in
1359 233 1484 274 rebus

142 295 337 336 turbarat
367 308 456 348 nec,
489 294 602 348 quod
633 308 717 334 non
750 292 960 346 venderet,
996 292 1223 346 quicquam
1255 291 1484 345 reliquerat

143 354 435 407 maximaeque
478 353 602 393 nobis
648 351 829 392 traditus
867 354 956 392 erat
993 351 1195 404 invidiae,
1233 364 1369 404 neque
1408 349 1485 390 La-

143 412 321 454 terensis
363 414 535 466 praetor
582 411 824 465 postulante
865 409 1074 450 Pausania
1116 409 1240 450 nobis
1283 409 1485 463 patronis,

145 481 237 520 Qvo
270 483 329 511 EA
360 481 560 511 PECIJNIA
591 479 924 522 PERVENISSET,
956 468 1141 522 recipere
1166 467 1320 521 voluit,
1353 466 1399 516 Q.
1420 466 1487 506 Pi-

144 530 238 583 lius,
264 529 522 570 necessarius
547 527 683 568 Attici
708 527 856 581 nostri,
881 527 928 568 de
953 527 1196 581 repetundis
1223 541 1319 567 eum
1344 528 1488 580 postu-

145 588 260 629 lavit.
322 587 478 643 Magna
516 587 613 627 ilico
654 587 767 627 fama
803 585 1004 639 surrexit,
1048 588 1090 626 et
1129 585 1178 626 de
1217 584 1487 625 damnatione

146 648 358 688 ferventer
405 646 524 700 loqui
568 648 632 686 est
681 647 887 699 coeptum.
961 643 1053 692 Quo
1102 646 1230 685 vento
1279 643 1488 698 proicitur

147 704 311 759 Appius
336 704 488 759 minor,
519 706 567 744 ut
591 705 621 757 †
640 703 798 757 inpicet
830 703 1103 757 depecuniam
1129 717 1181 743 ex
1199 702 1323 743 bonis
1353 702 1488 756 patris

146 764 386 818 pervenisse
424 763 477 804 ad
514 761 741 803 Servilium
779 761 1236 816 praevaricationisque
1274 775 1398 802 causa
1430 760 1488 800 di-

115 825 260 875 ceret
309 822 548 876 depositum
597 819 670 862 HS
721 832 873 861 LXXXI.
903 829 912 840 ’
952 819 1189 861 Admiraris
1239 820 1488 873 amentiam3

96 1010 129 1035 15

147 881 296 935 immo,
333 881 368 921 si
406 880 615 920 actionem
653 879 1007 933 stultissimasque
1046 878 1095 919 de
1127 893 1188 933 se,
1224 878 1406 919 nefarias
1439 877 1488 918 de

146 942 267 994 patre
304 939 587 980 confessiones
624 938 820 979 audisses.
882 937 1020 978 Mittit
1057 937 1101 977 in
1139 937 1363 978 consilium
1401 950 1488 978 eos—

150 998 244 1039 dem
284 997 397 1051 illos,
436 998 509 1052 qui
539 997 628 1038 litis
661 997 944 1050 aestimarant,
976 995 1145 1037 iudices.
1209 994 1315 1037 Cum
1354 1009 1488 1049 aequo

148 1070 325 1098 numero
363 1056 596 1097 sententiae
632 1055 828 1110 fuissent,
865 1054 1105 1095 Laterensis
1142 1055 1256 1110 leges
1288 1055 1489 1110 ignorans

149 1115 459 1170 pronuntiavit,
501 1114 603 1169 quid
640 1114 798 1169 singuli
840 1114 1007 1154 ordines
1045 1113 1318 1167 iudicassent,
1359 1116 1400 1153 et
1437 1112 1490 1153 ad

151 1177 403 1227 extremum,
435 1176 483 1214 ut
513 1173 661 1227 solent,
695 1173 810 1214 ‘NON
841 1172 1085 1213 REDIGAM'.
1145 1171 1378 1225 Postquam
1411 1171 1490 1220 dis-

151 1233 285 1286 cessit,
317 1235 359 1273 et
388 1246 466 1286 pro
498 1232 693 1272 absoluto
727 1230 931 1272 Servilius
961 1230 1110 1271 haberi
1142 1233 1335 1284 coeptus,
1366 1230 1490 1285 legis-

98 1304 112 1328 2
151 1306 232 1346 que
263 1305 394 1332 unum
426 1293 468 1332 et
500 1290 775 1332 centesimum
807 1292 932 1344 caput
962 1289 1079 1345 legit,
1112 1289 1155 1329 in
1182 1303 1265 1343 quo
1291 1289 1351 1329 ita
1383 1291 1490 1329 erat:

151 1351 300 1400 ‘QVOD
332 1360 493 1391 EORVM
523 1360 719 1390 IVDICVM
751 1359 897 1390 MAIOR
922 1358 1036 1388 PARS
1063 1358 1314 1402 IVDICARIT,
1341 1359 1390 1388 ID
1416 1358 1488 1388 IUS

151 1419 404 1457 RATVMQVE
442 1408 600 1461 ESTO’,
637 1408 682 1448 in
718 1407 884 1448 tabulas
922 1406 1165 1447 absolutum
1195 1420 1281 1447 non
1312 1405 1491 1459 rettulit,

152 1467 348 1508 ordinum
394 1466 560 1507 iudicia·
593 1466 857 1521 perscripsit3
905 1465 1148 1520 postulante
1189 1479 1311 1505 rusus
1348 1463 1490 1518 Appio

153 1540 248 1566 cum
290 1524 335 1566 L.
372 1524 511 1566 Lollio
551 1525 758 1580 transegit
799 1527 840 1565 et
880 1538 923 1565 se
966 1524 1200 1565 relaturum
1242 1523 1359 1564 dixit.
1423 1522 1493 1564 Sic

101 1596 134 1620 ⁸25
152 1597 264 1624 nunc
294 1598 429 1638 neque
461 1583 678 1624 absolutus
709 1597 845 1637 neque
872 1583 1092 1623 damnatus
1119 1581 1323 1623 Servilius
1357 1582 1406 1622 de
1431 1596 1493 1622 re-

154 1642 350 1696 petundis
388 1642 552 1682 saucius
589 1641 700 1682 Pilio
736 1642 937 1682 tradetur.
998 1641 1111 1683 Nam
1150 1641 1200 1681 de
1233 1640 1492 1682 divinati0ne

154 1701 340 1754 Appius,
389 1714 484 1740 cum
528 1700 781 1740 calumniam
824 1700 1022 1754 iurasset,
1072 1699 1324 1740 contendere
1368 1713 1492 1740 ausus

154 1774 239 1800 non
271 1761 334 1799 est
363 1757 558 1812 Pilioque
589 1758 713 1799 cessit
744 1760 786 1798 et
822 1758 911 1812 ipse
943 1757 992 1798 de
1029 1757 1218 1812 pecuniis
1250 1757 1494 1811 repetundis

155 1833 179 1858 a
217 1816 407 1858 Serviliis
451 1819 513 1857 est
554 1816 792 1870 postulatus
833 1819 874 1857 et
913 1818 1131 1870 praeterea
1171 1815 1220 1857 de
1257 1816 1301 1856 vi
1338 1830 1433 1856 reus
1471 1830 1495 1855 a

103 1889 118 1913 3
157 1876 338 1930 quodam
380 1889 455 1916 suo
496 1875 733 1928 emissario,
775 1873 813 1915 S.
846 1874 1005 1928 Tettio,
1045 1875 1191 1915 factus.
1252 1873 1383 1914 Recte
1413 1874 1495 1914 hoc

155 1950 232 1989 par
263 1934 402 1975 habet.

245 1992 367 2041 Quod
407 1991 459 2032 ad
497 2006 586 2032 rem
629 1991 843 2044 publicam
884 1990 1090 2044 pertinet,
1135 1990 1307 2031 omnino
1348 1989 1494 2030 multis

158 2051 304 2092 diebus
345 2050 657 2104 exspectatione
697 2048 929 2089 Galliarum
970 2051 1111 2090 actum
1150 2048 1260 2089 nihil
1301 2051 1381 2103 est3
1422 2048 1495 2088 ali-

158 2110 324 2164 quando
355 2112 497 2150 tamen
529 2122 650 2162 saepe
681 2121 726 2148 re
753 2107 882 2148 dilata
908 2110 950 2148 et
974 2108 1162 2163 graviter
1188 2109 1281 2147 acta
1306 2109 1347 2147 et
1371 2106 1495 2161 plane

122 2180 137 2204 5
157 2170 375 2222 perspecta
401 2166 472 2208 Cn.
494 2166 670 2220 Pompei
688 2166 906 2206 voluntate
931 2166 976 2206 in
1002 2180 1093 2206 eam
1118 2168 1295 2219 partem,
1326 2168 1374 2206 ut
1400 2179 1495 2206 eum

159 2227 355 2268 decedere
384 2229 481 2280 post
513 2225 562 2266 K.
589 2224 764 2265 Martias
794 2224 997 2279 placeret,
1035 2227 1204 2265 senatus
1243 2223 1496 2278 consultum,

159 2285 272 2339 quod
301 2285 382 2326 tibi
412 2284 521 2338 misi,
552 2284 710 2324 factum
743 2286 806 2323 est
838 2283 1193 2337 auctoritatesque
1225 2282 1494 2336 perscriptae.

1218 2351 1285 2383 14*
