1659 2552
133 2145 152 2174 6

176 98 202 139 2
209 98 265 139 84
677 96 1016 131 EPISTULARUM

175 193 357 235 fideliter
387 192 494 235 mihi
525 196 689 247 pateret
721 194 812 233 iter.
870 191 1054 246 Lepidus
1086 191 1305 246 desperato
1337 192 1520 233 adventu

174 267 281 308 meo,
314 267 438 307 quem
471 267 555 293 non
587 251 856 292 mediocriter
888 250 1095 305 captabat,
1129 265 1171 292 se
1204 265 1298 291 cum
1330 251 1520 292 Antonio

176 311 398 353 coniunxit
423 326 457 352 a.
480 311 515 351 d.
537 323 604 351 1111
632 310 681 351 Κ.
709 310 812 363 Iun.,
845 310 1075 363 eodemque
1109 309 1174 350 die
1207 310 1260 350 ad
1290 324 1357 351 me
1383 312 1520 351 castra

175 373 409 411 moverunt.
477 369 646 424 Viginti
678 369 813 409 millia
843 382 1043 423 passuum
1076 382 1171 409 cum
1203 368 1414 423 abessent,
1455 383 1521 409 res

175 429 281 470 mihi
306 429 503 470 nuntiata
529 424 602 469 est.
664 428 773 468 Dedi
806 442 988 482 operam,
1022 427 1146 467 deum
1177 426 1441 483 benignitate
1473 430 1521 468 ut
1558 439 1575 465 5

176 491 217 529 et
249 488 441 529 celeriter
472 502 538 528 me
571 487 813 541 reciperem,
845 489 886 527 et
917 486 987 527 hic
1019 486 1224 527 discessus
1255 486 1364 527 nihil
1395 486 1520 542 fugae

175 547 312 587 simile
344 547 536 599 haberet,
567 560 653 586 non
684 545 806 586 miles
839 545 962 599 ullus,
994 559 1079 586 non
1112 559 1258 599 eques,
1290 559 1376 586 non
1408 545 1521 599 quic-

175 620 301 660 quam
335 605 736 659 impedimentorum
767 604 1034 645 amitteretur
1065 606 1137 644 aut
1164 603 1216 644 ab
1242 604 1327 645 illis
1359 604 1521 645 ferven-

175 664 291 705 tibus
331 664 569 704 latronibus
610 663 944 717 interciperetur.
1011 662 1161 717 Itaque
1202 663 1338 717 pridie
1374 661 1521 704 Nonas

174 722 317 764 Iunias
365 723 501 763 omnis
542 722 687 776 copias
730 721 890 763 Isaram
933 721 1079 763 traieci
1122 722 1370 776 pontisque,
1415 735 1521 776 quos
1542 736 1574 761 10

176 782 372 835 feceram,
411 781 638 835 interrupi,
676 784 723 821 ut
756 781 939 835 spatium
972 780 1024 821 ad
1056 780 1342 836 colligendum
1375 794 1417 821 se
1447 780 1521 821 ho-

175 841 309 881 mines
347 840 568 893 haberent,
608 843 649 881 et
688 854 766 895 ego
804 854 871 880 me
909 840 1070 880 interea
1103 853 1197 880 cum
1231 839 1392 895 collega
1425 853 1521 880 con-

176 900 412 955 iungerem,
451 913 575 953 quem
613 898 774 953 triduo,
816 912 911 940 cum
942 898 1018 939 has
1052 898 1203 939 dabam
1233 898 1414 952 litteraS,
1454 913 1521 939 ex-

175 958 407 1012 pectabam.
1048 1010 1051 1014 .

264 1016 504 1057 Laterensis
541 1016 677 1057 nostri
716 1019 756 1057 et
794 1016 921 1057 fidem
960 1018 1001 1056 et
1042 1016 1230 1056 animum
1263 1015 1520 1072 singularem
1541 1029 1575 1054 15

175 1076 219 1116 in
251 1090 294 1116 re
326 1091 364 1130 p.
404 1090 568 1129 semper
606 1075 789 1129 fateboi·;
831 1075 903 1116 sed
941 1077 1051 1115 certe
1089 1075 1220 1115 nimia
1259 1075 1348 1115 eius
1385 1075 1520 1115 indul-

175 1135 319 1190 gentia
350 1134 394 1174 in
426 1134 634 1188 Lepidum
666 1134 719 1174 ad
748 1134 851 1174 haec
880 1133 1068 1188 pericula
1098 1133 1390 1188 perspicienda
1419 1133 1521 1174 fecit

176 1208 271 1234 eum
304 1193 444 1233 minus
476 1207 679 1248 sagacem.
742 1191 823 1241 Qui
850 1192 1020 1246 quidem
1053 1207 1147 1233 cum
1180 1192 1223 1233 in
1254 1192 1446 1233 fraudem
1477 1206 1520 1233 se

177 1252 404 1293 deductum
435 1251 614 1305 videret,
655 1266 822 1305 manus,
855 1265 958 1305 quas
990 1251 1142 1292 iustius
1174 1251 1218 1291 in
1249 1250 1398 1305 Lepidi
1430 1265 1521 1305 per-

177 1311 330 1351 niciem
363 1312 576 1364 armasset,
609 1310 691 1350 sibi
723 1310 885 1350 adferre
918 1312 1092 1350 conatus
1124 1312 1204 1363 est3
1235 1310 1279 1350 in
1312 1324 1395 1364 quo
1423 1324 1519 1350 casu
1541 1322 1574 1348 20

176 1373 319 1410 tamen
351 1368 644 1423 interpellatus
677 1371 718 1409 et
749 1368 886 1408 adhuc
916 1368 1023 1408 vivit
1056 1371 1097 1409 et
1130 1368 1285 1409 dicitur
1310 1369 1520 1423 victurus,

177 1428 250 1468 sed
289 1430 431 1468 tamen
472 1428 521 1468 de
561 1427 643 1467 hoc
681 1441 831 1481 parum
871 1427 978 1467 mihi
1019 1429 1180 1467 certum
1221 1429 1293 1467 est.
1361 1426 1519 1483 Magno

178 1501 273 1527 cum
315 1486 459 1527 dolore
499 1485 805 1540 parricidarum
844 1485 1009 1539 elapsus
1047 1500 1139 1526 sum
1167 1486 1250 1539 .iis;
1294 1486 1520 1526 veniebant

178 1545 290 1586 enim
323 1545 469 1586 eodem
501 1546 643 1585 furore
671 1544 713 1584 in
738 1559 805 1585 me
838 1558 920 1598 quo
947 1544 992 1585 in
1016 1544 1199 1598 patriam
1231 1544 1409 1599 incitati,
1441 1545 1520 1586 ira-

178 1604 350 1645 cundias
383 1606 523 1644 autem
560 1603 712 1644 harum
750 1617 891 1644 rerum
924 1603 1103 1644 recentis
1133 1603 1365 1658 habebant,
1406 1603 1520 1658 quod
1540 1616 1574 1642 ⁴25

176 1662 384 1717 Lepidum
417 1662 622 1717 castigare
653 1676 739 1703 non
772 1662 1026 1715 destiteram,
1058 1664 1105 1702 ut
1138 1662 1404 1717 extingueret
1435 1662 1520 1703 bel-

176 1722 278 1775 lum,
311 1721 423 1775 quod
455 1720 680 1775 conloquia
716 1721 827 1761 facta
863 1720 1175 1775 improbabam,
1214 1721 1328 1775 quod
1357 1721 1521 1778 legatos

178 1781 259 1821 fide
286 1779 435 1834 Lepidi
467 1780 619 1820 missos
652 1779 704 1820 ad
735 1794 802 1820 me
834 1779 877 1819 in
910 1783 1181 1834 conspectum
1206 1779 1349 1820 venire
1380 1782 1521 1821 vetue—

179 1854 285 1893 ram,
324 1839 439 1893 quod
471 1838 513 1879 C.
548 1837 715 1879 Catium
747 1838 990 1893 Vestinum,
1028 1841 1079 1879 tr.
1110 1838 1216 1892 mil.,
1253 1838 1430 1879 missum
1467 1838 1519 1879 ab
1638 1883 1641 1891 ,

177 1898 367 1938 Antonio
411 1897 464 1938 ad
507 1912 602 1938 eum
646 1912 741 1938 cum
782 1897 936 1938 litteris
977 1911 1222 1951 exceperam
1261 1911 1520 1951 numeroque
1540 1910 1574 1935 30
1634 1912 1637 1914 ·

178 1957 313 1997 hostis
338 1956 580 1997 habueram.
630 1955 680 1997 In
706 1970 789 2010 quo
815 1956 924 1996 hanc
950 1956 1069 2010 capio
1101 1956 1374 2010 voluptatem,
1407 1955 1520 2009 quod

180 2019 308 2069 certe,
353 2030 436 2069 quo
477 2015 613 2071 magis
653 2030 720 2056 me
763 2015 1021 2069 petiverunt,
1066 2017 1185 2055 tanto
1225 2014 1428 2055 maiorem
1469 2014 1521 2054 iis

180 2075 400 2115 frustratio
434 2074 623 2115 dolorem
662 2074 816 2114 attulit.

269 2133 349 2185 Tu,
387 2133 446 2174 mi
481 2132 644 2186 Cicero,
683 2132 797 2187 quod
835 2132 971 2173 adhuc
1008 2132 1161 2186 fecisti,
1200 2131 1311 2172 idem
1342 2134 1520 2185 praesta,

182 2195 228 2232 ut
259 2192 487 2247 vigilanter
517 2206 776 2245 nervoseque
808 2205 897 2245 nos,
929 2190 1001 2245 qui
1034 2194 1192 2231 stamus
1224 2190 1267 2230 in
1293 2190 1392 2243 acie,
1424 2190 1520 2231 sub·
1539 2213 1574 2238 35
1635 2204 1638 2206 ·

182 2264 314 2291 ornes
377 2250 533 2291 Veniat
573 2249 725 2291 Caesar
763 2264 858 2290 cum
889 2249 1039 2304 copiis,
1078 2263 1180 2303 quas
1211 2248 1339 2289 habet
1371 2249 1520 2289 firmis-

182 2309 319 2362 simas,
352 2312 435 2363 aut,
468 2309 501 2349 si
535 2309 673 2363 ipsum
699 2308 840 2362 aliqua
872 2323 937 2349 res
968 2307 1156 2362 impedit,
1188 2307 1396 2348 exercitus
1426 2307 1522 2348 mit-
