1659 2552
133 211 173 242 17

130 1069 171 1100 18

128 1716 168 1746 19

202 80 287 120 496
708 80 1047 115 EPISTULARUM

290 174 400 230 Iam,
444 175 517 230 qui
558 175 602 216 in
643 175 731 216 eius
772 175 886 215 modi
931 175 1073 230 rebus,
1118 175 1161 216 in
1202 176 1356 230 quibus
1393 190 1540 217 vereor

200 234 328 275 etiam
369 249 420 275 ne
461 235 607 275 (1111101
647 235 747 287 81111,
789 236 935 274 cautus
972 248 1060 275 esse
1098 235 1225 275 velim
1263 249 1311 276 ac
1348 235 1539 290 diligens,

201 308 284 347 quo
310 308 376 334 me
403 293 543 334 animo
571 294 614 333 in
639 268 770 333 servis
797 306 884 333 esse
911 293 1084 334 censes?
1117 307 1222 347 quos
1239 293 1418 359 quidem
1444 308 1539 335 cum

200 352 397 393 omnibus
435 353 478 393 in
515 352 619 393 locis
657 354 747 392 tum
785 352 1009 406 praecipue
1047 352 1089 392 in
1127 352 1357 406 provinciis
1394 366 1538 409 regere

201 411 410 452 debemus.
473 410 565 460 Quo
599 411 648 451 de
679 424 832 465 genere
862 411 998 451 multa
1030 411 1216 465 praecipi
1247 414 1435 465 possunt,
1467 411 1539 452 sed

198 469 280 510 hoc
311 473 352 510 et
384 445 704 510 brevissimumD
718 471 781 509 est
818 471 859 509 et
891 469 1089 510 facillime
1127 470 1262 511 teneri
1293 472 1451 524 potest,
1492 472 1539 510 ut

199 528 259 569 ita
296 543 338 569 se
376 531 538 584 gerantv
567 528 611 568 in
652 528 744 568 istis
781 526 981 568 Asiaticis
1022 528 1267 583 itineribuS,
1307 531 1354 569 ut
1392 529 1427 569 si
1459 529 1540 569 iter

198 586 339 641 Appia
381 588 449 627 via
491 587 668 641 faceres,
716 600 821 627 neve
864 586 1065 628 interesse
1109 587 1335 653 quicquam
1377 590 1539 641 putent,

198 649 342 686 utrum
380 645 533 687 Trallis
571 660 624 686 an
658 621 852 686 7Formias
889 646 1091 686 venerint.
1154 645 1233 700 Ac,
1271 646 1307 687 si
1345 646 1439 700 quis
1477 649 1539 687 est

198 719 250 745 ex
291 705 421 745 servis
462 705 631 760 egregie
671 704 828 757 fidelis,
870 704 925 745 sit
965 705 1007 745 in
1050 704 1290 746 domesticis
1331 704 1457 745 rebus
1497 707 1539 745 et

197 764 392 819 privatis,
433 778 539 817 quae
580 778 645 804 res
686 763 738 803 ad
779 739 967 804 of⁷ficium
1008 763 1175 817 imperii
1215 763 1279 804 tui
1320 766 1446 818 atque
1487 763 1539 804 ad

198 823 383 876 aliquam
414 825 578 877 partem
611 822 671 863 rei
702 821 895 876 publicae
927 822 1212 877 pertinebunt,
1248 822 1298 863 de
1329 821 1381 863 iis
1413 821 1538 863 rebus

198 896 249 921 ne
270 882 373 935 quid
392 881 585 937 attingat.
618 880 753 921 Multa
774 881 897 934 enim,
918 896 1023 934 quae
1044 884 1154 922 recte
1176 881 1385 921 committi
1406 881 1538 922 servis

198 940 394 981 fidelibus
425 942 614 994 possunt,
646 943 787 980 tamen
819 940 1024 980 sermonis
1056 942 1098 981 et
1123 940 1448 994 vituperationis
1479 939 1539 980 vi-

198 999 348 1039 tandae
381 1013 504 1039 causa
535 998 837 1039 committenda
867 1013 952 1039 non
984 1001 1092 1039 sunt.

287 1057 370 1099 Sed
400 1058 540 1099 nescio
568 1071 651 1112 quo
682 1060 806 1112 pacto
833 1057 885 1098 ad
915 1057 1199 1111 praecipiendi
1232 1057 1439 1098 rationem
1472 1057 1539 1098 de-

197 1116 314 1171 lapsa
351 1119 413 1157 est
453 1116 588 1158 oratio
625 1131 735 1170 mea,
773 1130 868 1157 cum
905 1116 949 1156 id
979 1116 1085 1157 mihi
1116 1115 1382 1170 propositum
1413 1115 1536 1157 initio

197 1190 282 1216 11011
319 1176 478 1216 fuisset.
541 1174 653 1224 Quid
689 1175 801 1216 enim
839 1175 877 1216 ei
913 1175 1186 1229 praecipiam,
1225 1189 1350 1229 quem
1381 1188 1460 1231 ego
1492 1175 1537 1216 in

196 1234 278 1275 hoc
314 1234 562 1288 praesertim
600 1248 752 1290 genere
790 1233 1034 1289 intellegam
1070 1233 1296 1288 prudentia
1332 1248 1416 1274 non
1447 1247 1536 1274 esse

198 1293 442 1334 inferiorem
468 1307 594 1347 quam
625 1307 704 1345 me,
736 1307 814 1333 usu
839 1306 939 1333 vero
965 1292 1092 1343 etiam
1119 1292 1410 1345 superiorem?
1454 1291 1538 1333 Sed

196 1354 349 1406 tamen,
382 1352 417 1393 81
443 1352 495 1392 ad
521 1366 579 1405 ea,
612 1366 717 1405 quae
743 1352 912 1405 faceres,
938 1351 1166 1391 auctoritas
1193 1351 1406 1391 accederet
1430 1365 1534 1405 mea,

196 1411 275 1451 tibi
310 1411 389 1464 ipsi
422 1410 495 1450 illa
526 1410 673 1464 putavi
704 1410 794 1450 fore
827 1409 1084 1450 iucundiora.
1147 1407 1284 1457 Quare
1316 1409 1401 1449 sint
1431 1408 1535 1450 haec

196 1469 470 1509 fundamenta
507 1468 727 1523 dignitatis
758 1471 870 1520 tuae,
912 1470 984 1508 tua
1021 1468 1207 1521 primum
1238 1467 1461 1523 integritas
1493 1471 1533 1509 et

197 1528 473 1581 continentia,
515 1527 663 1567 deinde
702 1527 909 1580 omnium,
951 1526 1023 1580 qui
1061 1529 1199 1566 tecum
1231 1529 1345 1579 sunt,
1385 1526 1533 1581 pudor,

197 1586 381 1627 delectus
413 1586 456 1626 in
494 1585 855 1626 familiaritatibus
887 1587 928 1626 et
959 1585 1283 1638 provincialium
1314 1585 1534 1626 hominum

196 1648 238 1686 et
265 1644 520 1685 Graecorum
551 1646 775 1698 percautus
808 1647 848 1684 et
881 1644 1072 1698 diligens,
1104 1644 1289 1685 familiae
1320 1644 1461 1699 gravis
1493 1646 1534 1684 et

196 1707 391 1745 constans
418 1703 649 1757 disciplina.
701 1702 815 1751 Quae
841 1717 936 1743 cum
967 1702 1144 1743 honesta
1170 1702 1254 1743 sint
1286 1702 1330 1742 in
1360 1702 1427 1744 his
1452 1702 1535 1757 pri-

195 1763 303 1803 vatis
328 1763 486 1803 nostris
511 1762 817 1815 cotidianisque
844 1761 1092 1815 rationibus,
1125 1761 1167 1801 in
1199 1763 1317 1801 tanto
1344 1761 1534 1815 imperio,

194 1824 282 1862 tam
315 1821 553 1875 depravatis
584 1820 786 1873 moribus,
818 1823 906 1860 tam
938 1820 1195 1874 corruptrice
1227 1819 1445 1874 provincia
1476 1819 1534 1860 di-

194 1881 292 1921 vina
317 1880 540 1921 videantur
570 1893 737 1920 necesse
764 1882 835 1920 est.
886 1878 1000 1919 Haec
1032 1878 1244 1919 institutio
1276 1881 1401 1932 atque
1432 1878 1534 1919 haec

196 1939 417 1993 disciplina
454 1940 594 1992 potest
632 1938 837 1979 sustinere
875 1937 919 1978 in
957 1937 1082 1977 rebus
1120 1936 1352 1978 statuendis
1389 1939 1431 1977 et
1468 1936 1534 1977 de-

196 1997 414 2038 cernendis
453 2012 544 2037 eam
582 1996 867 2050 severitatem,
909 2010 991 2050 qua
1027 1998 1074 2036 tu
1113 1995 1156 2036 in
1194 1995 1246 2036 iis
1277 1995 1402 2036 rebus
1434 2009 1533 2036 usus

195 2070 255 2110 08,
297 2070 347 2096 ex
387 2056 541 2110 quibus
578 2069 662 2096 non
694 2055 830 2095 nullas
863 2055 1098 2095 simultates
1131 2068 1240 2095 011111
1257 2067 1411 2108 magna
1441 2068 1534 2095 mea

193 2114 355 2155 laetitia
393 2116 606 2168 susceptas
646 2113 868 2161 habemus3
910 2113 991 2153 nisi
1028 2113 1137 2153 forte
1174 2126 1240 2153 me
1277 2111 1434 2152 Paconi
1465 2127 1534 2154 ne-

194 2173 280 2213 scio
325 2173 460 2226 cuius,
503 2172 688 2213 hominis
729 2187 780 2212 ne
823 2171 970 2212 (111001
1012 2171 1181 2225 quidem
1222 2184 1269 2211 30
1309 2169 1420 2223 Mysi
1461 2173 1533 2212 aut

194 2231 376 2287 Phrygis
407 2231 566 2285 potius,
600 2230 781 2285 querelis
805 2230 966 2270 moveri
991 2232 1115 2284 putas
1141 2231 1213 2270 aut
1238 2228 1533 2282 Τ11800111,110-

193 2267 336 2330 minis
352 2290 501 2330 furiosi
534 2303 580 2330 ac
613 2288 783 2342 sordidi,
815 2288 1001 2342 vocibus,
1034 2289 1151 2328 cuius
1182 2290 1229 2328 tu
1255 2301 1306 2328 ex
1338 2287 1547 2341 impuris-'

1558 716 1592 741 10

1558 1009 1591 1034 15

1555 1303 1589 1329 20

1555 1594 1589 1621 *25

1553 1889 1587 1914 30

1553 2181 1586 2207 35
