1659 2552
587 75 729 110 LIBER
754 75 820 109 XV
846 78 879 119 2,
905 79 936 110 3.
1347 75 1434 115 445

96 172 362 226 discederem,
388 174 435 212 ut
462 171 638 212 consilio
665 173 816 225 vestro,
843 184 939 211 casu
966 170 1206 211 incredibili
1232 184 1279 210 ac
1303 185 1435 224 paene

96 232 239 272 divino
281 245 443 286 regem,
485 245 610 284 quem
650 244 725 270 vos
765 229 1191 270 honorificentissime
1233 229 1435 283 appellas-

95 290 195 331 setis
232 290 350 330 nullo
393 289 634 343 postulante
673 302 881 342 quemque
923 302 1040 329 meae
1083 288 1182 328 fidei
1227 302 1435 328 commen-

97 349 271 389 dassetis
304 351 345 389 et
377 348 494 388 cuius
526 347 705 387 salutem
736 362 913 402 magnae
940 347 1060 388 vobis
1093 361 1215 387 curae
1248 360 1336 387 esse
1369 347 1435 387 de-

60 420 76 445 5
96 407 305 461 cressetiS,
336 421 454 447 meus
485 406 688 446 adventus
719 405 1010 459 praesentibus
1042 405 1206 445 insidiis
1230 405 1434 445 liberarit.

96 465 218 515 Quod
256 466 307 505 ad
338 480 413 505 vos
444 480 468 505 a
498 479 564 505 me
602 464 729 505 scribi
767 478 852 504 non
885 464 1068 504 alienum
1098 463 1264 518 putavi,
1300 467 1347 504 ut
1375 464 1435 503 in-

95 524 353 580 tellegeretis
391 538 442 564 ex
478 523 547 576 iis,
587 537 691 577 quae
728 537 860 577 paene
892 523 1149 576 acciderunt,
1186 537 1261 563 Vos
1298 522 1435 562 multo

96 586 204 637 ante,
235 597 286 623 ne
313 597 360 623 ea
391 582 638 635 acciderent,
668 581 914 635 providisse,
947 595 1079 635 eoque
1105 595 1180 622 vos
1206 581 1436 622 studiosius

95 642 176 683 feci
208 641 418 694 certiores,
451 641 564 694 quod
595 641 639 680 in
670 655 768 695 rege
794 639 1080 681 Ariobarzane
1105 654 1153 680 ea
1183 640 1290 680 mihi
1315 639 1437 695 signa

44 714 76 738 10
96 701 242 741 videor
266 700 449 753 virtutis,
481 699 653 754 ingenii,
685 699 783 739 fidei
809 698 1210 752 benevolentiaeque
1236 713 1336 754 erga
1361 712 1436 739 vos

95 759 375 813 perspexisse,
414 761 461 798 ut
497 773 582 798 non
621 757 708 798 sine
748 772 871 798 causa
902 760 1064 797 tantam
1097 771 1240 797 curam
1271 757 1315 797 in
1347 757 1436 798 eius

94 833 170 859 vos
201 817 380 858 salutem
413 816 759 872 diligentiamque
791 816 1019 857 videamini
1051 815 1289 857 contulisse.

728 943 802 985 ΠΙ.

153 1027 226 1062 Ser.
254 1027 294 1060 in
318 1027 446 1061 castris
471 1026 520 1060 acl
544 1025 925 1116 ΙοοηῖιιηιὲἐέΙέΧΙῐοη.
954 1025 1048 1069 Sept.
1076 1030 1141 1060 aut
1163 1025 1276 1070 paulo
1297 1029 1379 1068 post

44 1088 76 1111 15
645 1084 677 1107 α.
709 1087 720 1106 l
823 1085 842 1106 ο
891 1100 897 1107 .

434 1142 481 1176 M.
508 1141 676 1176 CICERO
704 1141 737 1176 S.
763 1140 806 1177 D.
834 1141 881 1177 M.
909 1141 1096 1176 CATONI.

186 1225 292 1267 Cum
324 1226 376 1266 ad
406 1240 473 1266 me
504 1225 634 1281 legati
666 1225 784 1266 missi
816 1225 868 1266 ab
901 1224 1116 1266 Antiocho
1150 1223 1437 1280 Commageno

97 1285 308 1326 venissent
348 1285 392 1325 in
433 1287 568 1324 castra
608 1284 660 1339 ald
696 1283 888 1324 Iconium
927 1299 960 1324 a.
1000 1284 1035 1324 d.
1074 1296 1124 1324 ΙΙΙ
1160 1283 1271 1324 Non.
1312 1282 1438 1337 Sept,

97 1344 210 1398 iique
247 1343 354 1384 mihi
391 1343 656 1383 nuntiassent
693 1343 805 1398 regis
843 1342 1100 1383 Parthorum
1141 1342 1295 1395 filium,
1334 1356 1439 1395 quo—

44 1416 77 1439 20
97 1417 192 1443 cum
224 1404 332 1443 esset
362 1403 495 1455 nupta
526 1402 638 1457 regis
666 1401 969 1442 Armeniorum
1001 1415 1131 1455 soror,
1164 1401 1217 1440 ad
1246 1400 1438 1455 Euphra-

96 1464 182 1502 tem
233 1475 327 1501 cum
381 1460 577 1500 maximis
625 1459 882 1501 Parthorum
937 1459 1070 1514 copiis
1123 1459 1438 1513 multarumque

97 1522 313 1573 praeterea
355 1519 547 1574 gentium
589 1533 743 1574 magna
786 1533 914 1559 manu
954 1518 1118 1560 venisse
1158 1517 1439 1572 Euphratem-

98 1592 178 1631 que
219 1577 302 1618 iam
339 1577 518 1617 transire
556 1577 761 1631 coepisse,
803 1577 969 1630 dicique
1006 1576 1257 1617 Armenium
1294 1591 1438 1632 regem

98 1636 142 1676 in
181 1635 488 1689 Cappadociam
531 1635 722 1689 inpetum
769 1649 857 1676 esse
900 1636 1132 1688 facturum,
1174 1635 1323 1688 putavi
1360 1649 1437 1688 pro

46 1706 78 1730 25
97 1696 244 1735 nostra
279 1693 586 1734 necessitudine
622 1708 689 1733 me
725 1693 806 1733 hoc
843 1694 896 1733 ad
932 1696 974 1733 te
1015 1693 1199 1733 scribere
1231 1696 1437 1747 oportere.

98 1752 273 1793 Publice
315 1754 490 1805 propter
535 1752 635 1791 duas
680 1765 823 1791 causas
866 1751 975 1791 nihil
1019 1751 1188 1805 scripsi,
1240 1751 1354 1804 quod
1397 1753 1439 1791 et

98 1811 237 1864 ipsum
270 1809 602 1864 Commagenum
639 1809 768 1864 legati
807 1809 1002 1850 dicebant
1039 1810 1092 1849 ad
1128 1811 1321 1849 senatum
1358 1811 1439 1849 sta—

98 1870 177 1909 tim
220 1869 392 1909 nuntios
434 1868 681 1921 litterasque
724 1867 908 1920 misisse,
959 1869 1000 1907 et
1043 1867 1339 1908 existimabam
1381 1866 1437 1907 M.

98 1927 300 1968 Bibulum
344 1940 524 1980 procos,
569 1926 641 1979 qui
683 1925 849 1966 circiter
887 1924 986 1966 Idus
1025 1924 1137 1966 Sext.
1177 1925 1229 1966 ab
1267 1925 1437 1979 Epheso

47 1998 80 2022 30
99 1986 144 2026 in
170 1985 337 2039 Syriam
368 1985 547 2024 navibus
577 1984 792 2038 profectus
824 1986 930 2037 erat,
964 1984 1077 2038 quod
1108 1983 1311 2024 secundos
1343 1997 1439 2024 ven-

99 2046 166 2085 tos
208 2044 447 2097 habuisset,
498 2042 582 2083 iam
625 2042 669 2082 in
712 2042 974 2096 provinciam
1017 2057 1135 2082 suam
1177 2041 1438 2096 pervenisse3

100 2102 218 2143 cuius
248 2102 403 2143 litteris
436 2101 577 2141 omnia
609 2100 787 2141 certiora
818 2101 1028 2154 perlatum
1067 2101 1120 2141 111
1158 2101 1211 2140 ad
1247 2102 1439 2140 senatum

99 2161 311 2226 putabam.
367 2159 475 2200 Mihi
501 2162 548 2199 ut
573 2159 617 2199 in
643 2159 731 2199 eius
755 2159 872 2199 modi
904 2173 948 2199 re
980 2161 1183 2212 tantoque
1215 2158 1327 2199 bello
1354 2173 1439 2199 ma-

98 2219 236 2259 ximae
269 2233 390 2260 curae
423 2221 504 2271 est,
537 2220 600 2270 ut,
634 2232 738 2270 quae
771 2217 903 2271 copiis
935 2219 976 2257 et
1009 2217 1161 2271 opibus
1192 2219 1336 2257 tenere
1366 2217 1439 2257 vix

47 2289 80 2314 35
98 2291 332 2332 possumus,
358 2292 405 2318 ea
429 2276 749 2317 mansuetudine
775 2278 815 2316 et
839 2275 1098 2316 continentia
1124 2278 1281 2329 nostra,
1307 2275 1439 2317 socio-

1464 1763 1484 1791 :0
