1659 2552
635 115 776 149 LIBER
801 115 851 149 111
879 119 932 159 10,
962 120 1014 150 11.
1444 115 1498 155 75

156 210 229 252 sed
258 210 368 251 nihil
406 210 455 251 de
488 210 727 265 insignibus
764 210 818 251 ad
852 210 1020 251 laudem
1052 210 1154 251 viris
1187 210 1363 251 obscure
1395 224 1499 250 nun-

157 270 255 310 tiari
293 267 436 324 solet),
478 272 620 310 tamen
658 269 802 310 eadem
840 269 914 310 illa
950 269 1127 310 laetiora
1165 269 1354 310 fecerunt
1391 268 1498 309 mihi

156 332 252 369 tuae
284 328 466 382 litterae,
505 342 590 369 non
631 329 768 369 solum
807 328 905 382 quia
942 328 1110 382 planius
1140 327 1426 382 loquebantur
1457 328 1502 367 et'

158 387 328 428 uberius
367 402 492 441 quam
524 387 641 442 vulgi
680 401 834 441 sermo,
873 387 946 428 sed
982 387 1110 428 etia-m
1143 387 1242 440 quia
1272 386 1409 441 magis
1440 385 1499 426 vi-

122 459 138 484 5
159 446 288 487 debar
318 446 399 486 tibi
437 446 660 501 gratulari,
702 460 796 486 cum
829 445 879 486 de
910 448 951 486 te
984 460 1036 487 ex
1066 448 1107 487 te
1139 446 1232 499 ipso
1265 444 1497 485 audiebam.

160 504 399 559 Conplexus
430 505 563 559 igitur
594 519 687 545 sum
719 504 976 560 cogitatione
1007 507 1049 545 te
1076 504 1313 558 absentem,
1345 503 1498 558 episto-

157 564 242 604 lam
278 578 378 604 vero
417 563 629 604 osculatus
667 563 794 604 etiam
832 563 920 617 ipse
960 563 1067 604 mihi
1108 563 1346 619 gratulatus
1388 577 1498 616 sum,

159 637 264 677 quae
296 622 408 663 enim
440 637 465 663 a
498 625 648 663 cuncto
680 622 857 676 populo,
890 636 914 662 a
944 624 1109 677 senatu,
1142 637 1165 662 a
1197 621 1407 662 iudicibus
1439 621 1499 661 in-

158 681 300 737 genio,
342 681 591 736 industriae,
633 680 783 721 virtuti
820 680 1088 736 tribuuntur,
1130 681 1229 735 quia
1266 680 1372 721 mihi
1410 680 1499 734 ipse

106 754 138 778 10
159 740 356 781 adsentor
386 740 575 794 fortasse,
608 753 703 780 cum
735 754 783 780 ea
814 754 914 780 esse*
933 739 977 780 in
1008 754 1075 781 me
1105 740 1235 795 fingo,
1265 739 1373 780 mihi
1399 752 1500 792 quo—

159 814 239 853 que
272 799 352 852 ipsi
384 798 517 839 tribui
554 801 669 853 puto.
730 797 821 839 Nec
858 801 945 838 tam
976 798 1211 854 gloriosum
1243 798 1404 839 exitum
1435 797 1499 837 tui

160 858 305 898 iudicii
344 857 550 912 extitisse,
589 857 661 898 sed
698 859 785 897 tam
822 872 995 910 pravam
1026 857 1297 898 inimicorum
1328 859 1500 897 tuorum

159 919 344 957 mentem
384 916 512 957 fuisse
556 915 752 956 mirabar.
824 915 909 956 <De
950 916 1114 957 ambitu
1154 930 1253 957 vero
1298 915 1400 969 quid
1440 914 1500 955 in-

159 975 321 1029 terest’,
353 974 530 1029 inquies,
557 975 625 1015 ‘an
652 974 701 1015 de
727 973 991 1015 maiestate‘?’
1035 973 1104 1015 Ad
1130 990 1217 1015 rem
1243 974 1369 1029 nihil3
1401 973 1500 1014 alte—

107 1047 140 1072 15
160 1049 254 1075 rum
280 1033 392 1074 enim
417 1048 502 1074 non
522 1033 716 1089 attigisti,
743 1033 919 1073 alteram
939 1034 1106 1074 auxisti.
1138 1033 1339 1087 †Verum
1359 1035 1501 1073 tamen

160 1096 222 1134 est
253 1093 466 1146 maiestas,
505 1092 583 1133 etsi
617 1091 734 1132 Sulla
771 1092 924 1145 voluit,
961 1106 1013 1132 ne
1045 1092 1089 1132 in
1121 1091 1312 1145 quemvis
1344 1091 1501 1145 inpune

161 1151 385 1193 declamari
415 1151 579 1205 liceret,
611 1150 796 1191 ambitus
822 1165 921 1191 vero
948 1150 1007 1191 ita
1034 1154 1222 1205 apertam
1248 1150 1335 1190 vim
1360 1149 1501 1202 habet,

160 1213 207 1251 ut
239 1213 311 1251 aut
342 1212 559 1251 accusetur
590 1209 768 1263 inprobe
800 1211 872 1249 aut
905 1209 1162 1250 defendatur.
1220 1208 1331 1257 Quid
1358 1208 1501 1249 enim‘.>

161 1270 271 1310 facta
301 1283 430 1309 necne
462 1269 572 1309 facta
603 1268 788 1324 largitio,
820 1268 1008 1323 ignorari
1033 1268 1203 1322 potest?
1235 1270 1407 1308 tuorum
1433 1281 1502 1307 au-

108 1341 141 1366 20
161 1331 247 1369 tem
278 1327 488 1368 honorum
521 1341 666 1367 cursus
698 1326 765 1367 cui
797 1329 1014 1380 suspectus
1045 1341 1247 1380 umquam
1279 1326 1389 1366 fuit?
1433 1325 1502 1365 Me

160 1386 373 1440 miserum,
401 1386 473 1440 qui
497 1400 583 1426 non
609 1385 833 1426 adfuerim!
867 1400 972 1439 quos
998 1400 1076 1441 ego
1102 1385 1211 1426 risus
1238 1385 1502 1425 excitassem!

163 1445 245 1486 Sed
277 1445 326 1486 de
357 1444 589 1485 maiestatis
621 1444 777 1485 iudicio
810 1444 892 1484 duo
924 1444 1030 1484 mihi
1062 1444 1135 1484 illa
1161 1458 1212 1485 ex
1236 1444 1322 1484 tuis
1348 1442 1502 1483 litteris

162 1503 462 1544 iucundissima
486 1504 669 1557 fuerunt,
695 1518 837 1556 unum,
864 1503 978 1556 quod
1002 1505 1043 1543 te
1070 1503 1121 1543 ab
1148 1503 1239 1557 ipsa
1264 1516 1308 1543 re
1334 1501 1504 1556 publica

164 1563 380 1603 defensum
412 1562 572 1615 scribis,
605 1576 711 1615 quae
743 1561 913 1615 quidem
946 1561 1073 1602 etiam
1104 1561 1148 1602 in
1179 1575 1344 1602 summa
1374 1560 1505 1601 bono-

113 1633 146 1658 25
166 1636 260 1661 rum
298 1623 339 1661 et
376 1621 552 1662 fortium
590 1621 745 1661 civium
784 1620 904 1674 copia
940 1620 1051 1661 tueri
1089 1620 1193 1660 tales
1230 1620 1344 1660 viros
1384 1619 1505 1659 debe-

164 1682 245 1733 ret,
283 1693 394 1720 nunc
431 1694 530 1720 vero
568 1693 617 1720 eo
655 1679 807 1734 magis,
848 1679 961 1733 quod
998 1681 1116 1719 tanta
1153 1678 1330 1732 penuria
1367 1680 1430 1719 est
1461 1677 1505 1717 in

166 1737 282 1779 omni
313 1738 380 1778 vel
409 1737 584 1778 honoris
616 1738 683 1778 vel
715 1737 864 1778 aetatis
895 1737 1040 1792 gradu,
1074 1740 1120 1778 ut
1151 1740 1239 1777 tam
1272 1737 1375 1777 orba
1407 1736 1505 1776 civi-

163 1800 228 1837 tas
259 1796 355 1836 talis
386 1798 548 1836 tutores
574 1796 797 1849 complecti
823 1796 988 1849 debeat,
1021 1796 1211 1849 alterum,
1245 1795 1358 1849 quod
1382 1794 1505 1835 Pom-

164 1856 233 1909 pei
270 1858 311 1895 et
348 1854 471 1894 Bruti
509 1854 635 1894 fidem
675 1854 1096 1908 benevolentiamque
1134 1853 1504 1901 mirificelaudas.

112 1926 145 1951 30
165 1914 319 1954 Laetor
350 1913 507 1953 virtute
540 1915 580 1953 et
613 1912 753 1952 officio
793 1926 921 1965 quom
958 1915 1130 1953 tuorum
1161 1912 1505 1965 necessariorum,

164 1987 355 2013 meorum
405 1971 757 2011 amicissimorum
795 1973 886 2010 tum
926 1970 1098 2011 alterius
1132 1970 1321 2010 omnium
1353 1969 1506 2010 saeclo-

165 2046 259 2071 rum
291 2033 332 2071 et
363 2030 555 2085 gentium
586 2028 800 2083 principis,
834 2028 1005 2069 alterius
1044 2029 1128 2069 iam
1165 2029 1329 2082 pridem
1365 2028 1506 2068 iuven-

164 2090 289 2143 tutiS,
331 2089 541 2142 celeriter,
583 2090 629 2128 ut
667 2101 806 2141 spero,
849 2086 1043 2127 civitatis.
1106 2086 1169 2127 De
1206 2086 1506 2127 mercennariis

165 2148 345 2188 testibus
385 2163 408 2188 a
449 2147 534 2188 suis
576 2145 820 2187 civitatibus
863 2145 1059 2185 notandis
1100 2145 1182 2185 nisi
1224 2145 1308 2185 iam
1348 2145 1507 2185 factum

114 2218 146 2243 35
166 2206 327 2260 aliquid
366 2208 428 2246 est
465 2220 540 2260 per
575 2205 791 2258 Flaccum,
831 2204 905 2244 fiet
943 2218 966 2244 a
1002 2218 1086 2258 me,
1129 2217 1223 2244 cum
1254 2218 1329 2258 per
1359 2202 1507 2244 Asiam

167 2265 373 2306 decedam.

251 2323 377 2364 Nunc
397 2323 449 2363 ad
468 2323 643 2364 alteram
664 2321 886 2375 epistolam
906 2321 1041 2362 venio.
1086 2320 1208 2369 Quod
1228 2321 1280 2362 ad
1298 2335 1365 2362 me
1387 2321 1507 2375 quasi

1526 515 1544 544 [ὓ

1529 1455 1548 1484 00

1532 2332 1554 2362 4
