1659 2552
91 254 111 284 ‘2
139 240 502 283 obtrectationem.
564 237 712 291 Itaque
744 239 839 291 post
867 235 1096 276 discessum
1122 233 1359 289 legatorum
1386 247 1481 274 cum

139 300 251 342 binis
283 298 494 341 continuis
526 297 681 338 litteris
713 299 753 336 et
784 294 969 349 Lepidus
1000 308 1079 347 me,
1110 295 1158 333 ut
1186 292 1384 346 venirem,
1416 306 1482 333 ro-

138 361 275 415 garet,
314 361 355 399 et
392 356 631 398 Laterensis
668 355 804 396 multo
842 353 969 394 etiam
1000 351 1137 407 magis
1168 365 1300 406 prope
1332 350 1480 405 implo-

139 432 236 459 rans
277 417 561 458 obtestaretur
600 428 686 455 non
729 413 860 453 ullam
903 425 991 452 rem
1035 410 1161 451 aliam
1205 409 1481 451 extimescens
1517 422 1533 446 5

140 492 266 531 quam
298 476 484 528 eandem,
517 488 621 527 quae
654 472 759 513 mihi
785 485 952 525 quoque
984 470 1085 510 facit
1110 469 1320 523 timorem,
1351 468 1482 510 varie-

139 538 270 576 tatem
302 537 428 588 atque
460 532 754 574 infidelitatem
786 529 994 570 exercitus
1026 528 1132 582 eius,
1169 542 1255 569 non
1287 527 1482 568 dubitan-

140 594 239 635 dum
265 593 423 648 putavi,
456 592 558 645 quin
578 603 864 631 succurrerem
883 602 1034 642 meque
1055 586 1268 628 communi
1293 586 1481 641 periculo

142 654 347 694 offerrem.
399 650 593 692 Sciebam
625 649 749 702 enim,
782 648 863 689 etsi
894 647 1056 688 cautius
1088 645 1195 686 illud
1227 648 1316 686 erat
1349 645 1482 686 consi-

139 712 245 753 lium
287 712 505 764 expectare
535 722 611 752 ‚me
650 708 703 748 ad
737 706 914 761 Isaram,
956 705 1056 746 dum
1087 704 1245 745 Brutus
1285 704 1481 745 traiceret
1503 717 1534 741 10

141 770 388 822 exercitum,
428 771 469 809 et
501 782 596 808 cum
629 767 790 821 collega
822 765 1127 818 consentiente,
1168 763 1355 804 exercitu
1387 777 1482 804 con-

143 829 258 870 cordi
291 843 338 869 ac
369 828 474 868 bene
507 826 556 867 de
583 840 626 866 re
658 841 696 880 p.
724 824 947 878 sentiente,
980 823 1089 864 sicut
1119 822 1277 863 milites
1308 822 1481 877 faciunt,

140 887 336 929 hostibus
363 886 531 927 obviam
563 885 636 939 ire,
667 887 820 938 tamen,
853 884 887 924 si
919 882 1023 937 quid
1045 881 1231 936 Lepidus
1256 881 1362 922 bene
1393 895 1483 922 sen—

140 947 250 988 tiens
283 944 525 986 detrimenti
557 943 745 998 cepisset,
776 943 858 983 hoc
884 956 1007 983 omne
1032 941 1300 996 adsignatum
1331 939 1385 980 iri
1410 942 1483 980 aut

141 1005 397 1059 pertinaciae
427 1018 544 1044 meae
577 1005 648 1043 aut
679 1002 826 1042 timori
856 1001 1064 1055 videbam,
1096 999 1131 1040 si
1163 1002 1235 1040 aut
1265 998 1482 1040 hominem
1503 1011 1536 1036 15

143 1065 348 1105 offensum
379 1062 498 1117 mihi,
530 1061 801 1102 coniunctum
833 1074 928 1101 cum
953 1073 998 1100 re
1023 1075 1061 1113 p.
1086 1073 1173 1099 non
1198 1057 1482 1099 sublevassem

142 1126 213 1164 aut
255 1123 343 1177 ipse
381 1137 405 1162 a
443 1120 671 1162 certamine
712 1119 814 1160 belli
854 1122 941 1159 tam
980 1117 1205 1159 necessarii
1245 1131 1312 1157 me
1349 1130 1483 1157 remo-

95 1195 114 1224 3
142 1182 306 1223 vissem.
367 1179 516 1234 Itaque
546 1179 689 1233 potius
714 1178 946 1233 periclitari
970 1176 1099 1231 volui,
1131 1177 1166 1217 si
1197 1189 1365 1230 possem
1389 1189 1483 1216 mea

142 1239 379 1295 praesentia
416 1241 457 1280 et
493 1237 703 1292 Lepidum
740 1237 850 1278 tueri
888 1239 929 1277 et
969 1235 1201 1276 exercitum
1232 1234 1368 1275 facere
1399 1248 1483 1275 me-

141 1300 292 1340 liorem
325 1312 451 1352 quam
487 1297 614 1337 nimis
653 1299 798 1337 cautus
829 1295 974 1335 videri.
1037 1293 1339 1335 Sollicitiorem
1371 1295 1482 1333 certe
1502 1306 1535 1330 20

142 1358 359 1398 hominem
407 1370 492 1397 non
542 1355 628 1396 suis
671 1354 897 1395 contractis
939 1353 1151 1394 neminem
1193 1354 1297 1406 puto
1341 1351 1481 1392 fuisse.

142 1415 271 1470 Nam,
304 1429 410 1470 quae
441 1429 507 1455 res
538 1414 699 1454 nullam
729 1412 915 1453 habebat
948 1411 1268 1464 dubitationem,
1301 1410 1337 1450 si
1369 1423 1482 1450 exer-

144 1475 252 1515 citus
283 1473 432 1528 Lepidi
464 1473 586 1527 absit,
619 1486 666 1513 ea
696 1486 808 1512 nunc
838 1485 1037 1526 magnam
1067 1470 1204 1510 adfert
1236 1468 1483 1510 sollicitudi-

143 1548 240 1574 nem
277 1545 563 1588 magnumque
600 1530 729 1571 habet
767 1544 918 1571 casum.
980 1528 1089 1569 Mihi
1127 1528 1239 1569 enim
1278 1527 1314 1568 si
1352 1527 1483 1568 conti-

143 1592 292 1648 gisset,
329 1594 377 1631 ut
413 1590 531 1644 prior
561 1603 824 1631 occurrerem
855 1588 1065 1641 Antonio,
1105 1601 1191 1628 non
1221 1585 1482 1627 mehercules
1502 1595 1534 1620 25

143 1651 292 1692 horam
325 1649 603 1703 constitisset3
634 1651 800 1688 tantum
832 1662 910 1703 ego
943 1650 984 1687 et
1015 1645 1121 1687 mihi
1154 1645 1319 1686 confido
1351 1647 1392 1686 et
1424 1644 1484 1685 sic
1643 1662 1654 1703 ‚³

143 1709 355 1764 perculsas
392 1708 506 1749 illius
545 1707 685 1762 copias
716 1706 974 1760 Ventidique
1011 1705 1212 1746 mulionis
1250 1706 1385 1745 castra
1418 1703 1484 1744 de·
1648 1708 1652 1718 '

143 1768 292 1823 spicio3
324 1767 397 1808 sed
421 1781 506 1808 non
537 1780 709 1820 possum
734 1779 820 1806 non
845 1765 1151 1819 exhorrescere,
1183 1763 1219 1803 si
1245 1762 1348 1817 quid
1371 1762 1484 1803 intra

143 1830 282 1868 cutem
308 1826 452 1866 subest
477 1825 674 1879 vuhieris,
707 1824 821 1879 quod
843 1824 961 1878 prius
986 1837 1138 1864 nocere
1167 1824 1324 1876 potest,
1357 1835 1483 1876 quam

143 1886 240 1927 sciri
279 1885 499 1938 curarique
536 1884 681 1938 possit.
749 1882 831 1924 Sed
869 1886 1000 1936 certe,
1040 1881 1123 1922 nisi
1160 1895 1244 1921 uno
1281 1880 1374 1921 loco
1412 1893 1479 1920 me
1499 1890 1532 1915 80

142 1948 346 1998 tenerem,
386 1957 589 1998 magnum
629 1942 864 1997 periculum
904 1941 993 1996 ipse
1033 1939 1240 1994 Lepidus,
1280 1952 1482 1994 magnum

143 2018 191 2044 ea
230 2017 328 2057 pars
369 2002 578 2043 exercitus
619 2001 771 2055 adiret,
813 2014 918 2055 quae
959 1999 1065 2040 bene
1104 1998 1153 2039 de
1190 2012 1234 2039 re
1272 2013 1310 2052 p.
1343 1996 1481 2038 sentit.

142 2061 342 2117 Magnam
362 2061 490 2101 etiam
514 2060 670 2115 perditi
694 2059 837 2100 hostes
863 2058 1143 2100 accessionem
1169 2056 1251 2097 sibi
1275 2055 1482 2110 fecissent,

143 2121 177 2160 si
211 2135 314 2174 quas
347 2119 487 2173 copias
519 2134 543 2159 a
573 2118 734 2174 Lepido
767 2117 1080 2159 abstraxissent.
1132 2114 1246 2164 Quae
1272 2115 1307 2155 si
1333 2114 1484 2155 adven-
1644 2151 1650 2164 ,

143 2183 210 2219 tus
248 2193 365 2219 meus
403 2178 666 2233 represserit,
707 2191 831 2232 agam
867 2176 1026 2232 gratias
1065 2175 1260 2216 fortunae
1293 2175 1483 2214 constan-
1503 2183 1536 2209 35
1645 2180 1657 2210 r

143 2237 308 2291 tiaeque
340 2251 468 2290 meae,
501 2250 607 2291 quae
632 2249 699 2276 me
725 2235 778 2276 ad
801 2235 911 2276 hanc
931 2233 1245 2288 >experientiam
1271 2231 1482 2273 excitavit.

96 2305 115 2334 4
143 2294 289 2349 Itaque
322 2311 355 2336 a.
385 2295 420 2336 d.
454 2307 515 2335 xv
548 2294 598 2336 K.
624 2293 715 2335 Iun.
747 2293 800 2335 ab
831 2292 947 2335 Isara
979 2295 1115 2334 castra
1144 2291 1277 2346 movi3
1308 2293 1484 2345 pontem

141 86 226 127 278
656 80 994 117 EPISTULARUM
1654 0 1659 195 1

139 183 238 223 dum
269 196 336 223 me
367 179 610 236 probarem,
650 193 776 232 quam
807 179 966 230 tutum,
1007 175 1120 229 quod
1152 174 1307 216 habere
1338 177 1480 229 posset
1658 201 1659 230 3

1631 321 1646 532 ἔ

1636 557 1649 606 ἰ

1637 610 1651 769 l
