1659 2552
579 110 722 144 LIBER
747 111 780 145 V
805 115 837 155 2,
865 115 896 146 3.
1329 114 1412 155 109

74 205 251 247 moleste
282 205 362 247 tuli
395 207 520 259 atque
553 206 698 260 etiam,
730 209 778 248 ut
809 207 869 248 ita
900 207 1032 262 fieret,
1064 222 1142 262 pro
1174 223 1269 249 mea
1299 212 1421 263 parte

75 265 235 319 adiuvi,
277 267 324 305 ut
364 265 499 305 senati
538 265 730 307 consulto
767 280 885 307 meus
926 266 1144 322 inimicus,
1187 268 1286 321 quia
1323 270 1421 309 tuus

75 324 207 365 frater
239 326 339 378 erat,
372 323 674 365 sublevaretur.

165 381 301 431 Quare
333 396 418 422 non
451 396 529 438 ego
562 382 837 438 ‘oppugnavi'
868 383 1044 424 fratrem
1076 386 1209 438 tuum,
1242 384 1316 424 sed
1340 385 1420 425 fra-

39 441 132 482 5tri
169 443 243 481 tuo
282 441 515 496 repugnavi
557 455 634 482 nec
683 442 727 482 in
766 444 826 496 te,
866 444 914 482 ut
951 442 1118 497 scribis,
1160 443 1317 484 ‘animo
1357 443 1420 484 fui

74 499 254 553 mobili',
294 499 367 540 sed
403 500 463 540 ita
499 499 660 553 stabili,
699 502 747 540 ut
784 500 827 541 in
864 515 959 542 mea
995 515 1095 557 erga
1125 504 1168 542 te
1199 502 1419 542 voluntate

76 559 204 599 etiam
237 558 424 599 desertus
457 558 509 598 ab
537 558 689 599 officiis
714 559 799 600 tuis
824 574 1125 614 permanerem.
1169 559 1313 614 Atque
1338 560 1420 601 hoc

76 618 168 672 ipso
206 620 396 671 tempore
433 617 515 657 tibi
552 631 684 671 paene
726 618 943 659 minitanti
980 618 1104 659 nobis
1141 633 1218 673 per
1254 619 1419 660 litteras

74 676 156 717 hoc
187 675 372 717 rescribo
405 678 530 729 atque
563 676 812 730 iespondeo:
845 676 939 732 Ego
973 677 1109 718 dolori
1141 680 1215 718 tuo
1242 692 1328 718 non
1354 692 1418 718 so-

23 735 164 776 mlum
196 735 382 791 ignosco,
415 734 487 775 sed
518 748 725 775 summam
758 736 886 776 etiam
911 736 1079 777 laudem
1103 736 1248 777 tribuo
1282 735 1419 792 (meus

76 794 188 835 enim
218 808 286 834 me
317 807 474 847 sensus,
506 796 665 847 quanta
694 793 758 834 vis
789 787 966 835 fraterni
998 795 1052 835 sit
1078 795 1246 849 amoris,
1279 795 1420 836 admo-

74 851 184 908 net);
216 867 240 893 a
269 854 311 892 te
341 854 458 906 peto,
491 854 538 892 ut
569 855 616 892 tu
649 866 816 906 quoque
849 867 1030 907 aequum
1060 855 1103 894 te
1134 853 1317 894 iudicem
1349 853 1420 894 do-

74 911 156 952 lori
181 925 275 952 meo
300 910 519 965 praebeas3
551 910 587 951 si
613 911 772 965 acerbe,
799 911 834 952 si
855 912 1092 966 crudeliter,
1119 913 1154 953 si
1181 912 1269 953 sine
1297 927 1420 953 causa

74 985 168 1011 sum
200 985 223 1010 a
253 969 338 1010 tuis
370 971 650 1025 oppugnatus,
681 972 729 1010 ut
754 972 914 1012 statuas
938 970 1045 1011 mihi
1070 985 1155 1011 non
1180 970 1308 1012 modo
1332 985 1420 1012 non

23 1040 56 1066 15
76 1028 323 1083 cedendum,
364 1028 438 1069 sed
475 1028 602 1069 etiam
639 1031 714 1069 tuo
753 1031 879 1083 atque
917 1030 1125 1070 exercitus
1162 1030 1227 1070 tui
1259 1030 1419 1071 auxilio

75 1088 119 1129 in
151 1088 240 1128 eius
271 1086 387 1128 modi
420 1101 543 1128 causa
574 1087 778 1128 utendum
804 1088 943 1129 fuisse.
993 1088 1088 1144 Ego
1114 1091 1156 1129 te
1181 1088 1288 1128 mihi
1314 1103 1419 1129 sem-

74 1161 150 1201 per
187 1146 368 1187 amicum
407 1160 494 1186 esse
532 1146 666 1200 volui,
703 1160 771 1187 me
802 1149 850 1187 ut
882 1147 962 1187 tibi
995 1147 1297 1187 amicissimum
1330 1161 1418 1188 esse

75 1205 360 1261 intellegeres,
396 1204 598 1245 laboravi.
660 1204 812 1246 Maneo
850 1205 895 1246 in
926 1206 1146 1246 voluntate
1178 1208 1237 1259 et,
1280 1206 1420 1259 quoad

74 1264 190 1305 voles
220 1267 279 1317 tu,
310 1263 566 1317 permanebo
594 1263 801 1318 citiusque
833 1279 976 1305 amore
1006 1264 1070 1305 tui
1095 1265 1272 1305 fratrem
1296 1267 1418 1305 tuum

23 1335 56 1360 20
76 1323 212 1364 odisse
254 1322 440 1363 desinam
479 1337 605 1376 quam
643 1322 757 1364 illius
796 1323 893 1364 odio
932 1323 1159 1378 quicquam
1193 1323 1242 1363 de
1272 1326 1419 1364 nostra

75 1381 362 1423 benivolentia
394 1381 623 1422 detraham.

708 1485 782 1528 III.

381 1566 455 1601 Ser.
485 1567 526 1600 in
552 1567 741 1611 Hispania
766 1568 824 1602 eit.
851 1579 884 1602 a.
913 1570 987 1602 698
1014 1571 1106 1611 (56).

265 1647 305 1689 Q.
331 1647 583 1682 METELLUS
609 1648 763 1684 NEPOS
791 1649 824 1684 S.
850 1649 896 1684 D.
922 1649 971 1684 M.
999 1649 1233 1685 CICERONI.

23 1744 57 1770 25
163 1730 361 1772 Hominis
387 1732 741 1785 importunissimi
767 1733 1058 1786 contumeliae,
1085 1733 1240 1786 quibus
1260 1733 1418 1774 crebris

78 1789 347 1831 contionibus
378 1804 445 1830 me
478 1793 635 1844 onerat,
670 1791 755 1831 tuis
787 1806 888 1846 erga
917 1806 985 1832 me
1019 1792 1170 1832 officiis
1201 1792 1420 1832 leniuntur

77 1851 135 1903 et,
167 1851 214 1888 ut
246 1850 344 1888 sunt
374 1847 486 1888 leves
518 1847 570 1888 ab
603 1849 691 1889 eius
722 1849 838 1890 modi
869 1849 1058 1903 homine,
1091 1864 1115 1890 a
1145 1864 1212 1890 me
1246 1850 1419 1903 despici-

76 1910 223 1961 untur,
260 1906 525 1960 libenterque
564 1910 822 1947 commutata
852 1921 1031 1961 persona
1062 1910 1104 1948 te
1135 1908 1242 1948 mihi
1274 1908 1418 1948 fratris

75 1966 169 2007 loco
209 1979 296 2006 esse
336 1964 453 2005 duco.
515 1963 578 2005 De
616 1964 690 2005 illo
728 1979 780 2006 ne
817 1966 1059 2006 meminisse
1097 1966 1268 2018 quidem
1308 1966 1418 2020 volo,

25 2037 58 2062 30
78 2024 248 2065 tametsi
279 2023 344 2064 bis
377 2037 473 2064 eum
504 2023 687 2063 invitum
718 2023 892 2064 servavi.
953 2023 1017 2064 De
1048 2024 1153 2064 meis
1184 2024 1328 2077 rebus,
1365 2038 1417 2065 ne

77 2083 198 2124 vobis
223 2081 496 2123 multitudine
522 2081 761 2121 litterarum
786 2081 1006 2122 molestior
1037 2096 1181 2135 essem,
1214 2082 1267 2122 ad
1290 2081 1419 2123 Lolli-

78 2156 150 2182 um
189 2141 434 2195 perscripsi,
476 2140 525 2180 de
566 2140 801 2180 rationibus
842 2140 1083 2193 provinciae
1125 2139 1228 2194 quid
1266 2140 1419 2181 vellem

77 2199 181 2254 fieri,
213 2202 260 2240 ut
290 2199 326 2240 is
357 2213 432 2240 vos
459 2198 626 2239 doceret
652 2200 693 2239 et
719 2198 1106 2239 commonefaceret.
1171 2197 1216 2239 Si
1247 2199 1417 2254 poteris,

77 2258 205 2300 velim
242 2257 465 2312 pristinam
502 2260 619 2298 tuam
657 2271 757 2312 erga
793 2271 860 2297 me
891 2257 1155 2298 voluntatem
1187 2271 1416 2299 conserves.

1449 397 1490 428 10
