1659 2552
112 894 131 924 Ν)

155 84 181 124 3
189 84 209 124 1
216 83 241 125 8
648 83 987 118 EPISTULARUM

746 223 903 266 XVIII.

404 305 478 342 Ser.
505 307 642 341 Romae
669 306 802 339 XIIII
825 305 872 340 K.
899 305 983 339 Iun.
1011 316 1044 339 a.
1072 307 1141 339 ¹711
1164 308 1252 350 (43).

297 388 346 424 M.
374 387 542 423 CICERO
571 387 604 422 S.
631 387 673 422 D.
700 386 742 421 D.
770 385 929 421 BRUTO
960 386 1054 420 ΙΜΡ.
1083 386 1177 422 COS.
1203 386 1354 423 DESIG.

244 471 337 513 Etsi
365 486 416 512 ex
442 470 663 525 mandatis,
696 484 801 524 quae
830 469 986 511 Galbae
1013 469 1328 524 Volumnioque
1360 470 1413 512 ad
1438 485 1498 513 se-

155 533 302 572 natum
337 530 505 583 dedisti,
543 529 645 583 quid
676 529 911 570 timendum
943 531 1131 583 putares,
1170 529 1498 585 suspicabamur,
1535 542 1551 568 5

156 593 298 631 tamen
318 589 534 630 timidiora
553 587 751 628 mandata
770 588 1033 641 videbantur,
1066 602 1191 641 quam
1213 590 1302 629 erat
1323 588 1498 644 dignum

156 651 228 690 tua
269 648 499 702 populique
538 646 719 687 Romani
761 647 948 687 victoria.
1021 645 1199 687 Senatus
1240 650 1398 701 autem,
1438 647 1498 688 mi

156 707 299 761 Brute,
332 707 454 747 fortis
487 708 549 755 est
575 708 617 746 et
641 705 771 746 habet
802 705 925 746 fortis
953 705 1086 746 duces.
1148 704 1296 760 Itaque
1321 706 1498 747 moleste

158 766 319 807 ferebat
356 780 398 806 se
437 780 460 805 a
497 767 556 817 te,
598 778 723 818 quem
762 764 972 818 omnium,
1023 764 1277 818 quicumque
1308 765 1498 819 fuissent,

158 825 437 865 fortissimum
464 823 679 877 iudicaret,
704 823 903 864 timidum
930 825 1056 876 atque
1083 823 1283 878 ignavum
1309 823 1497 865 iudicari.
1519 837 1552 862 ιο

158 883 341 937 Etenim,
374 897 468 923 cum
495 884 536 923 te
562 882 725 923 incluso
757 896 873 935 spem
904 882 1133 922 maximam
1160 896 1304 923 omnes
1331 882 1499 923 habuis-

158 944 251 983 sent
290 942 332 981 in
370 944 443 982 tua
481 941 638 982 virtute
679 941 856 981 florente
894 940 1102 994 Antonio,
1144 941 1237 995 quis
1275 943 1384 995 erat,
1425 941 1498 995 qui

159 1000 384 1054 quicquam
409 1000 579 1040 timeret
610 1000 838 1054 profligato
864 999 938 1040 illo
966 1002 1007 1040 te
1032 999 1243 1040 liberato?
1283 999 1373 1041 Nec
1398 1014 1498 1041 vero

157 1060 365 1113 Lepidum
397 1059 661 1099 timebamus.
724 1058 826 1107 Quis
859 1058 971 1099 enim
1003 1060 1122 1112 esset,
1155 1058 1227 1113 qui
1259 1058 1380 1100 illum
1412 1061 1498 1099 tam

158 1119 365 1159 furiosum
397 1118 688 1171 arbitraretur,
720 1120 778 1170 ut,
811 1117 883 1171 qui
915 1117 959 1157 in
990 1117 1175 1158 maximo
1208 1117 1320 1158 bello
1351 1132 1498 1172 pacem
1519 1129 1551 1154 15

158 1177 265 1217 velle
297 1192 339 1217 se
372 1176 561 1230 dixisset,
600 1176 635 1217 is
667 1176 711 1216 in
743 1176 1007 1230 optatissima
1044 1190 1145 1230 pace
1177 1176 1336 1217 bellum
1368 1176 1428 1218 rei
1459 1191 1497 1231 p.

160 1236 391 1276 indiceret?
452 1234 542 1276 Nec
580 1235 746 1288 dubito,
791 1235 893 1288 quin
936 1237 982 1275 tu
1020 1235 1115 1288 plus
1152 1235 1390 1290 provideas,
1428 1235 1499 1276 sed

159 1297 299 1335 tamen
331 1296 418 1334 tam
451 1294 608 1334 recenti
639 1293 941 1348 gratulatione,
983 1308 1108 1347 quam
1140 1296 1214 1334 tuo
1246 1294 1416 1334 nomine
1447 1293 1500 1334 ad

160 1353 301 1393 onmia
333 1352 507 1392 deorum
545 1353 702 1405 templa
734 1352 927 1405 fecimus,
966 1352 1184 1392 renovatio
1216 1352 1382 1392 timoris
1414 1366 1498 1392 ma-

159 1426 286 1467 gnam
318 1411 555 1451 molestiam
588 1410 813 1451 adferebat.
876 1409 1013 1459 Quare
1045 1410 1172 1450 velim
1211 1410 1422 1464 equidem,
1455 1410 1499 1451 id
1519 1423 1552 1448 20

160 1469 273 1523 quod
304 1483 439 1523 spero,
470 1472 517 1509 ut
548 1469 671 1522 plane
703 1469 891 1509 abiectus
923 1471 964 1509 et
989 1469 1147 1509 fractus
1179 1469 1234 1509 sit
1265 1469 1498 1522 Antonius3

160 1529 223 1569 sin
257 1527 417 1581 aliquid
448 1527 603 1568 virium
635 1528 744 1567 forte
777 1523 1012 1582 collegerit,
1044 1527 1198 1568 sentiet
1228 1542 1304 1568 nec
1336 1528 1499 1568 senatui

160 1587 382 1627 consilium
414 1600 490 1626 nec
520 1586 679 1640 populo
705 1585 898 1627 Romano
925 1586 1126 1626 virtutem
1160 1585 1300 1627 deesse
1332 1600 1408 1627 nec
1440 1586 1500 1628 rei

158 1661 197 1700 p.
230 1648 271 1686 te
304 1646 400 1685 vivo
434 1645 744 1699 imperatorem.
806 1656 906 1685 X1111
938 1644 988 1685 K.
1020 1643 1110 1685 Iun.

774 1796 886 1838 XIX.
1519 1809 1552 1833 25

400 1875 474 1912 Ser.
509 1877 676 1912 Vercellis
703 1878 791 1911 XII
813 1877 859 1911 K.
887 1878 970 1911 Iam.
999 1889 1032 1912 a.
1060 1879 1128 1912 711
1161 1879 1250 1921 (43).

251 1958 294 1994 D.
322 1958 510 1993 BRUTUS
541 1958 636 1993 IMP.
665 1958 760 1993 COS.
788 1958 937 1993 DESIG.
967 1958 999 1993 S.
1026 1958 1068 1994 D.
1096 1959 1143 1993 M.
1172 1957 1403 1993 CICERONI.

244 2053 313 2095 Ad
345 2056 537 2095 senatum
576 2068 679 2108 quas
711 2053 874 2094 litteras
906 2053 1020 2107 misi,
1061 2053 1188 2094 velim
1219 2053 1337 2108 prius
1368 2053 1499 2106 perle-

158 2128 231 2167 gas
264 2116 317 2166 et,
350 2113 383 2153 si
418 2127 499 2167 qua
531 2113 610 2153 tibi
643 2112 911 2165 videbuntur,
947 2116 1189 2153 commutes.
1250 2111 1498 2153 Necessario

158 2187 223 2212 me
262 2172 478 2225 scripsisse
519 2172 607 2225 ipse
645 2171 973 2225 animadvertes,
1014 2186 1133 2225 nam,
1170 2185 1264 2211 cum
1305 2173 1497 2223 putarem
1517 2183 1551 2208 30

159 2233 352 2282 quartam
379 2233 420 2271 et
446 2230 645 2271 Martiam
670 2229 858 2285 legiones
884 2244 1048 2270 mecum
1080 2230 1253 2282 futuras,
1286 2231 1332 2268 ut
1359 2228 1497 2271 Druso

159 2288 390 2342 Paulloque
434 2289 649 2343 placuerat
692 2288 814 2329 vobis
864 2288 1216 2341 adsentientibus,
1266 2287 1406 2328 minus
1449 2288 1498 2329 de
