1659 2552
145 328 164 356 [ὗ

191 102 277 144 382
684 104 1025 139 EPISTULARUM

190 199 336 254 magni
368 198 574 240 faciebam
609 202 649 240 et
687 199 940 254 probabam3
979 203 1069 241 erat
1101 201 1213 242 enim
1246 205 1288 243 et
1324 202 1539 244 studiosus

193 257 333 299 Crassi
359 260 401 299 et
432 258 485 298 ad
517 258 605 299 eius
633 259 794 311 optima
821 258 961 299 studia
987 259 1258 301 vehementer
1289 264 1430 316 aptus,
1462 262 1537 303 ita-

193 330 273 370 que
300 317 352 358 ab
380 331 429 357 eo
456 316 683 357 admodum
718 317 987 372 diligebatur.
1048 317 1151 359 Post
1182 322 1364 361 mortem
1397 323 1537 362 autem

193 374 332 416 Crassi
359 390 408 416 eo
434 376 540 416 mihi
567 376 694 416 etiam
723 375 893 431 dignior
924 377 1039 417 visus
1072 380 1145 430 est,
1179 393 1303 431 quem
1336 379 1379 419 in
1411 379 1537 420 fidem

191 437 318 488 atque
356 435 587 475 amicitiam
625 448 762 475 meam
801 435 1048 489 reciperem,
1088 437 1201 490 quod
1234 451 1303 478 eos
1336 453 1360 478 a
1390 452 1433 479 se
1466 438 1538 479 ob·
1574 449 1592 475 5

192 493 418 534 servandos
457 496 498 533 et
537 493 734 534 colendos
771 493 968 548 putabat,
1007 509 1112 548 quos
1145 495 1215 536 ille
1249 496 1465 538 dilexisset
1497 499 1539 538 et

191 552 346 606 quibus
380 566 499 592 carus
531 552 690 592 fuisset.
751 550 901 606 Itaque
934 556 976 593 et
1007 554 1059 594 ad
1090 568 1156 595 me
1183 554 1227 594 in
1254 554 1446 596 Ciliciam
1472 570 1538 596 ve-

190 611 266 665 nit,
298 611 528 664 multisque
561 611 604 651 in
636 610 763 652 rebus
794 611 900 652 mihi
933 626 1088 667 magno
1122 613 1215 654 usui
1248 614 1330 654 fuit
1362 617 1403 655 et
1434 614 1538 655 fides

191 670 281 710 eius
319 673 360 710 et
391 669 633 724 prudentia,
675 672 734 724 et,
772 673 819 711 ut
853 671 1020 725 opinor,
1058 671 1139 712 tibi
1172 672 1215 712 in
1246 672 1536 714 Alexandrino

191 729 321 783 bello,
371 731 577 782 quantum
621 728 762 769 studio
807 731 848 770 et
891 729 1096 771 fidelitate
1141 732 1340 786 consequi
1384 732 1537 786 potuit,
1557 744 1591 768 10

192 802 278 828 non
311 787 456 828 defuit.
518 786 640 836 Quod
679 801 774 828 cum
812 791 1001 842 speraret
1030 791 1072 830 te
1105 804 1273 844 quoque
1305 791 1364 831 ita
1395 790 1537 832 existi-

190 862 322 899 mare,
367 846 410 886 in
450 845 703 900 Hispaniam
744 846 796 887 ad
836 850 878 887 te
918 848 1101 888 maxime
1142 848 1213 889 ille
1252 849 1422 903 quidem
1460 863 1536 890 suo

190 905 379 959 consilio,
411 905 484 945 sed
516 905 643 946 etiam
675 919 742 946 me
773 908 944 947 auctore
977 909 1040 947 est
1070 908 1296 961 profectus.
1347 907 1425 949 Cui
1457 923 1536 964 ego

191 964 601 1005 commendationem
642 978 728 1005 non
769 979 862 1006 sum
902 965 1137 1020 pollicitus,
1177 980 1263 1007 non
1301 967 1404 1020 quin
1445 981 1536 1008 eam

189 1023 417 1064 valituram
458 1023 570 1077 apud
610 1025 651 1063 te
693 1023 944 1078 arbitrarer,
986 1024 1059 1065 sed
1094 1039 1231 1079 neque
1269 1040 1391 1081 egere
1428 1025 1534 1067 mihi
1555 1037 1589 1062 15

190 1082 556 1123 commendatione
591 1081 833 1137 videbatur,
871 1083 943 1137 qui
977 1085 1018 1123 et
1049 1083 1093 1124 in
1125 1084 1237 1125 bello
1269 1087 1409 1126 tecum
1436 1085 1535 1126 fuis-

190 1143 253 1181 set
294 1144 335 1181 et
375 1143 551 1195 propter
587 1141 836 1182 memoriam
875 1141 1015 1182 Crassi
1055 1142 1104 1183 de
1142 1143 1228 1184 tuis
1269 1157 1377 1184 unus
1415 1146 1535 1197 esset,

190 1203 242 1253 et,
270 1199 305 1240 si
331 1200 395 1240 uti
421 1199 861 1240 commendationibus
886 1200 1025 1253 vellet,
1055 1201 1182 1242 etiam
1207 1216 1282 1256 per
1308 1202 1413 1243 alios
1438 1216 1534 1244 eum

190 1258 387 1299 videbam
429 1258 473 1298 id
514 1259 713 1312 consequi
754 1273 894 1313 posse3
935 1260 1227 1301 testimonium
1268 1262 1352 1302 mei
1395 1261 1444 1302 de
1485 1275 1534 1302 eo

191 1317 349 1371 iudicii,
382 1317 497 1371 quod
522 1320 563 1357 et
595 1317 684 1371 ipse
716 1318 860 1373 magni
893 1318 1144 1359 aestimabat
1176 1321 1218 1360 et
1243 1334 1322 1374 ego
1355 1319 1467 1374 apud
1492 1322 1532 1360 te
1554 1332 1588 1355 20

191 1376 330 1416 valere
363 1390 477 1416 eram
510 1378 720 1429 expertUS,
753 1377 790 1416 ei
823 1376 1019 1417 lubenter
1051 1376 1156 1417 dedi.

279 1434 464 1475 Doctum
497 1434 630 1489 igitur
660 1434 877 1475 hominem
904 1435 1085 1490 cognovi
1111 1438 1153 1476 et
1178 1435 1329 1476 studiis
1361 1435 1534 1489 optimis

192 1493 392 1548 deditum,
424 1493 551 1546 idque
583 1508 607 1533 a
637 1507 787 1547 puero,
819 1508 919 1534 nam
943 1494 1057 1534 domi
1082 1508 1198 1534 meae
1225 1508 1320 1535 cum
1346 1493 1533 1535 Diodoto

191 1551 357 1606 Stoico,
396 1551 569 1592 homine
609 1566 703 1592 meo
745 1552 901 1593 iudicio
943 1552 1247 1607 eruditissimo,
1288 1552 1470 1593 multum
1511 1567 1534 1593 a

188 1624 321 1664 puero
359 1610 451 1651 fuit.
513 1610 640 1652 Nunc
677 1613 817 1651 autem
856 1611 1050 1652 incensus
1089 1611 1228 1652 studio
1267 1626 1408 1652 rerum
1445 1614 1534 1652 tua·
1553 1623 1587 1648 25

190 1683 284 1709 rum
334 1683 402 1709 eas
446 1669 601 1710 litteris
649 1668 819 1710 Graecis
868 1670 1068 1711 mandare
1119 1670 1325 1725 cupiebat.
1405 1669 1534 1711 Posse

189 1727 392 1783 arbitror,
424 1728 535 1768 valet
568 1728 757 1783 ingenio,
789 1728 918 1769 habet
943 1743 1078 1783 usum,
1110 1729 1194 1770 iam
1225 1729 1389 1783 pridem
1414 1729 1458 1769 in
1484 1743 1533 1770 eo

189 1801 342 1842 genere
381 1787 511 1827 studii
548 1786 870 1841 litterarumque
902 1791 1111 1842 versatur,
1152 1788 1254 1828 satis
1291 1788 1426 1828 facere
1459 1787 1534 1828 im-

189 1845 443 1886 mortalitati
474 1845 647 1886 laudum
679 1848 848 1886 tuarum
880 1846 1135 1887 mirabiliter
1166 1846 1292 1901 cupit.

277 1903 421 1945 Habes
447 1904 661 1958 opinionis
692 1919 808 1945 meae
840 1905 1150 1959 testimonium,
1183 1905 1255 1946 sed
1286 1908 1332 1945 tu
1364 1904 1444 1945 hoc
1474 1904 1533 1944 fa-
1552 1915 1586 1940 30

190 1963 312 2003 cilius
343 1963 479 2004 multo
511 1978 588 2017 pro
615 1966 689 2004 tua
721 1963 927 2019 singulari
958 1964 1184 2018 prudentia
1216 1962 1432 2004 iudicabis.
1476 1961 1533 2002 Et

189 2024 347 2076 tamen,
387 2022 502 2075 quod
532 2036 803 2077 negaveram,
845 2023 1094 2063 commendo
1132 2022 1212 2063 tibi
1244 2036 1350 2063 eum.
1413 2019 1533 2069 Quic-

190 2081 292 2134 quid
324 2081 361 2121 ei
395 2081 750 2135 commodaveris,
787 2081 868 2122 erit
907 2081 950 2121 id
987 2081 1093 2122 mihi
1130 2081 1334 2122 maiorem
1371 2079 1415 2121 in
1447 2094 1534 2120 mo-

190 2140 289 2180 dum
322 2142 503 2195 gratum.
