1659 2552
588 101 731 136 LIBER
755 101 822 136 XII
848 105 996 137 ρει-23.
1363 102 1445 142 357

112 198 207 252 fers,
240 212 295 239 ea*
311 212 397 239 non
423 197 660 238 ulciscenda
685 199 794 252 sunt,
829 196 994 238 etiamsi
1026 210 1111 237 non
1137 198 1235 237 sunt
1261 196 1448 237 dolenda.

113 255 196 298 Sed
226 256 329 297 haec
360 256 581 311 posterius.

201 314 359 356 Rerum
391 315 648 355 urbanarum
679 316 771 354 acta
795 313 875 354 tibi
900 313 1016 354 mitti
1042 315 1155 353 certo
1182 313 1278 353 scio.
1329 312 1451 361 Quod
1476 324 1495 353 2

113 374 157 414 ni
196 374 255 414 ita
291 375 502 428 putarem,
541 373 629 427 ipse
666 372 970 426 perscriberem
1008 372 1050 411 in
1088 371 1319 425 primisque
1353 371 1450 411 Cae-

78 444 93 467 ῑ»
115 432 218 472 saris
251 431 470 473 Octaviani
503 433 718 485 conatum3
751 431 800 472 de
827 445 909 485 quo
935 430 1200 471 multitudini
1226 430 1372 469 fictum
1399 430 1450 469 ab

63 737 96 761 10

65 1324 98 1346 *20

71 1907 104 1931 30

113 490 302 532 Antonio
341 491 499 531 crimen
536 490 720 543 videtur,
758 492 805 530 ut
842 490 885 530 in
922 488 1143 543 pecuniam
1175 488 1452 529 adulescentis

114 550 320 603 impetum
352 549 524 603 faceret3
556 548 784 603 prudentes
816 550 956 588 autem
989 550 1030 588 et
1061 547 1163 588 boni
1188 547 1269 587 viri
1302 549 1343 586 et
1370 560 1453 586 cre-

115 608 220 649 dunt
257 608 415 648 factum
454 610 495 648 et
531 607 724 661 probant.
787 606 898 655 Quid
935 606 1132 660 quaeris?
1175 619 1329 660 magna
1360 619 1453 658 spes

115 670 178 707 est
210 666 254 706 in
286 680 353 720 eo3
394 666 503 706 nihil
541 668 620 719 est,
662 665 776 719 quod
815 680 899 705 11011
940 665 1206 705 existimetur
1244 663 1380 704 laudis
1413 665 1454 703 et

115 724 276 780 gloriae
308 739 431 765 causa
462 724 659 764 facturus.
721 723 934 764 Antonius
966 726 1124 777 autem,
1161 725 1305 763 noster
1336 721 1455 762 fami-

114 784 251 837 liaris,
288 786 407 824 tanto
446 797 488 823 se
526 782 622 823 odio
655 796 743 823 esse
776 782 1002 841 intellegit,
1039 785 1104 835 ut,
1136 795 1231 821 cum
1262 780 1455 821 interfec-

115 845 229 884 tores
266 856 364 883 suos
403 841 517 882 domi
555 840 882 895 comprenderit,
923 855 1012 881 rem
1048 841 1238 893 proferre
1269 853 1354 879 non
1386 852 1456 879 au-

117 900 224 942 deat.
290 899 340 941 A.
379 900 415 940 d.
454 911 518 940 V11
557 898 616 940 Id.
657 898 745 939 Oct.
789 898 1064 939 Brundisium
1108 900 1197 939 erat
1239 898 1455 952 profectus

118 959 287 1001 obviam
312 958 552 1014 legionibus
578 957 859 998 Macedonicis
885 959 1097 1011 quattuor,
1124 970 1226 1010 quas
1253 955 1335 996 sibi
1361 969 1456 996 con-

81 1030 96 1053 5
117 1018 260 1059 ciliare
290 1017 469 1071 pecunia
493 1016 708 1071 cogitabat
739 1031 890 1070 easque
922 1016 974 1056 ad
1005 1015 1154 1056 urbem
1185 1014 1390 1055 adducere
1416 1015 1457 1054 et

118 1077 162 1118 in
194 1076 427 1117 cervicibus
459 1075 615 1115 nostris
648 1075 876 1115 conlocare.

206 1134 348 1175 Habes
380 1134 561 1175 formam
591 1133 653 1174 rei
683 1148 740 1187 p.,
779 1134 813 1173 si
846 1133 889 1173 in
922 1132 1069 1173 castris
1099 1134 1239 1186 potest
1272 1145 1359 1171 esse
1391 1144 1456 1170 res

117 1209 175 1248 p.;
206 1194 251 1234 111
283 1207 365 1247 quo
397 1195 515 1233 tuam
545 1191 680 1233 vicem
712 1206 833 1245 saepe
866 1191 999 1245 doleo,
1032 1190 1144 1245 quod
1175 1189 1335 1230 nullam
1366 1203 1458 1242 par-

117 1255 205 1293 tem
240 1265 318 1306 per
354 1253 534 1292 aetatem
576 1265 699 1290 sanae
730 1252 772 1290 et
803 1249 941 1290 salvae
973 1249 1034 1290 rei
1064 1264 1102 1303 p.
1135 1251 1305 1303 gustare
1336 1250 1458 1301 potu-

119 1311 202 1351 isti.
271 1309 413 1363 Atque
457 1309 634 1350 antehac
677 1308 847 1363 quidem
891 1322 1057 1361 sperare
1102 1307 1250 1347 saltem
1292 1305 1459 1359 licebat,

118 1383 231 1410 nunc
261 1369 389 1409 etiam
420 1368 465 1408 id
496 1370 687 1422 ereptum
719 1370 792 1408 est.
855 1366 969 1415 Quae
1001 1366 1113 1407 enim
1139 1367 1202 1406 est
1227 1379 1332 1418 spes,
1365 1378 1460 1404 cum

119 1428 163 1468 in
195 1427 392 1468 contione
417 1426 554 1467 dicere
586 1440 710 1466 ausus
742 1426 797 1466 sit
821 1424 1034 1466 Antonius
1061 1423 1318 1464 Cannutium
1350 1421 1462 1476 apud

120 1500 191 1527 eos
228 1486 369 1526 locum
401 1485 483 1525 sibi
515 1499 732 1538 quaerere,
775 1484 929 1538 quibus
961 1498 1003 1524 se
1036 1482 1151 1524 salvo
1182 1482 1300 1522 locus
1332 1481 1375 1521 in
1408 1480 1462 1520 ci-

120 1545 251 1585 vitate
289 1558 377 1584 esse
413 1557 500 1584 non
535 1543 706 1597 posset?
767 1542 978 1596 Equidem
1016 1544 1057 1583 et
1093 1541 1197 1582 haec
1228 1542 1269 1580 et
1308 1539 1459 1592 omnia,

68 1621 82 1639 ·.
122 1616 228 1656 (luae
252 1601 418 1642 homini
443 1601 629 1642 accidere
655 1604 843 1655 possunt,
876 1601 936 1641 sic
960 1601 1062 1654 fero,
1094 1602 1142 1640 ut
1166 1597 1462 1652 philosophiae

121 1675 319 1716 magnam
350 1660 529 1700 habeam
553 1660 747 1715 gratiam,
779 1673 885 1713 quae
909 1673 977 1699 me
1001 1672 1088 1699 non
1112 1657 1238 1698 modo
1265 1656 1317 1697 ab
1350 1656 1464 1696 solli-

123 1719 309 1760 citudine
341 1718 523 1771 abducit,
556 1718 628 1758 sed
660 1717 788 1758 etiam
821 1719 967 1758 contra
993 1716 1129 1757 omnis
1161 1716 1356 1756 fortunae
1388 1714 1464 1754 im-

122 1780 245 1832 petus
283 1779 438 1830 armat,
477 1776 642 1829 tibique
681 1776 793 1816 idem
834 1789 980 1816 censeo
1021 1773 1266 1814 faciundum
1306 1786 1402 1825 nec,
1440 1786 1464 1811 a

124 1850 207 1890 quo
240 1835 363 1888 culpa
394 1834 515 1888 absit,
547 1834 773 1888 quicquam
805 1833 848 1874 in
873 1833 996 1873 malis
1021 1831 1339 1873 numerandum.
1382 1829 1465 1870 Sed

124 1895 228 1935 haec
258 1896 306 1934 tu
336 1893 498 1933 melius.

212 1952 455 1992 Tratorium
495 1953 688 1991 nostrum
729 1964 824 1990 cum
865 1964 1028 2003 semper
1067 1947 1339 2002 probassem,
1372 1949 1465 1987 tum

124 2011 307 2051 maxime
338 2010 383 2050 in
412 2009 498 2050 tuis
528 2008 654 2049 rebus
680 2023 888 2049 summam
914 2008 1002 2048 eius
1028 2007 1166 2061 fidem,
1199 2005 1465 2061 diligentiam

124 2068 477 2123 prudentiamque
515 2067 706 2123 cognovi.
768 2067 834 2107 Da
872 2081 1058 2120 operam,
1103 2067 1150 2105 ut
1186 2064 1343 2118 valeas,
1384 2063 1465 2103 hoc

126 2128 232 2168 mihi
263 2127 426 2183 gratius
457 2126 593 2166 facere
624 2125 733 2166 nihil
763 2128 895 2179 potes
