1659 2552
386 86 451 121 AD
481 85 639 128 QUINT.
665 85 836 120 FR-ATR.
862 85 1004 119 LIBER
1029 85 1062 119 11
1089 89 1120 130 1,
1147 89 1166 120 2

1357 99 1383 127 Ο
1360 86 1376 94 l

1386 86 1412 126 [Ὁ

1419 86 1438 126 μ

740 228 793 269 II.

346 309 419 344 Ser.
446 309 582 344 Romae
608 309 711 343 XIV
732 309 779 343 K.
809 308 913 344 Febr.
941 321 973 344 a.
1002 311 1075 344 698
1103 311 1194 352 (56).

335 390 528 425 MARCUS
556 390 734 433 QUINTO
766 390 942 424 FRATRI
972 390 1204 426 SALUTEM.

188 474 289 516 Non
330 476 624 530 occupatione,
665 490 747 529 qua
787 490 901 516 eram
942 490 1039 516 sane
1078 475 1328 530 impeditus,
1369 475 1442 515 sed

65 547 203 587 pain
193 534 275 574 ula
315 534 570 588 lippitudine
611 534 814 575 adductus
855 549 968 589 311111,
1008 537 1056 574 ut
1094 534 1295 574 dictarem
1332 534 1441 574 hano

101 592 323 646 epistolam
356 595 398 633 et
428 607 531 647 11011,
564 595 611 633 ut
643 593 695 633 ad
725 596 767 634 te
799 593 931 658 30100,
963 593 1051 647 ipse
1084 593 1322 633 ser-ibeiem.
1383 592 1441 633 Et

99 651 284 715 primum
316 665 382 691 me
414 651 495 691 tibi
528 666 680 692 excuso
712 652 756 692 in
788 666 836 692 eo
868 627 973 705 ipso,
1005 652 1048 691 in
1081 666 1164 717 quo
1196 654 1238 692 te
1270 665 1440 706 accuso,

99 724 166 749 me
198 709 310 750 enim
341 724 465 750 nemo
498 710 634 750 adhuc
662 711 839 765 rogavit,
870 725 972 751 num
999 710 1101 764 quid
1131 711 1176 750 in
1202 686 1440 751 831(111113111
1488 742 1491 744 -

100 768 270 822 vellem,
301 771 342 809 te
373 771 477 822 puto
511 784 631 823 saepe
663 769 835 823 habere,
868 770 940 823 qui
950 803 960 823 ,
992 784 1093 809 num
1126 769 1229 822 quid
1259 768 1440 810 Romam

47 841 80 865 10
101 827 216 881 velis,
249 830 461 881 quaerant.
525 827 647 876 Quod
678 828 730 868 ad
760 843 826 868 me
857 827 1027 868 Lentuli
1060 830 1101 868 et
1128 827 1238 869 Sesti
1269 828 1440 869 nomine

101 886 318 940 scripsisti,
350 886 517 926 locutus
550 901 642 927 311111
675 900 768 927 oum
802 886 960 928 Cincio.
1011 886 1190 940 Quoquo
1222 886 1349 927 modo
1375 901 1440 927 res

101 959 143 985 se
174 944 320 999 habet,
358 959 443 985 non
475 947 538 985 est
570 945 787 999 facillima,
826 946 898 986 sed
933 945 1062 986 habet
1098 946 1289 999 profecto
1323 946 1441 999 quid-

101 1003 196 1043 dam
228 1002 422 1044 Sardinia
460 1004 700 1057 adpositum
733 1004 785 1044 ad
822 1004 1156 1045 recordationem
1187 1004 1440 1058 praeteritae

100 1062 338 1102 memoriae.
399 1061 522 1116 Nam,
555 1065 602 1102 ut
633 1062 712 1104 ille.
737 1062 949 1103 Gracchus
982 1078 1133 1118 augur,
1164 1065 1440 1116 posteaquam

48 1134 80 1158 15
101 1121 145 1160 in
176 1121 300 1161 istam
332 1121 595 1174 provinciam
626 1122 753 1174 venit,
786 1122 1028 1162 recordatus
1055 1124 1128 1175 est7
1161 1121 1263 1175 quid
1289 1121 1370 1162 sibi
1396 1122 1440 1162 in

102 1193 248 1233 campo
280 1178 435 1220 Martio
469 1180 640 1220 comitia
671 1181 890 1220 consulum
921 1180 1096 1221 habenti
1128 1182 1274 1220 contra
1305 1181 1441 1234 auspi-

101 1238 164 1278 cia
190 1238 418 1291 accidisset,
452 1238 511 1278 sic
541 1242 589 1279 tu
620 1238 725 1279 mihi
752 1239 907 1279 videris
938 1239 982 1279 in
1009 1238 1203 1279 Sardinia-
1229 1239 1278 1279 de
1304 1240 1441 1279 forma

99 1295 350 1337 Numisiana
381 1300 422 1337 et
455 1297 504 1337 de
535 1298 779 1338 nominibus
804 1297 1107 1351 Pomponianis
1138 1297 1182 1337 in
1209 1298 1296 1338 otio
1328 1312 1441 1338 reco-

100 1355 266 1409 gitasse.
328 1355 422 1410 Ego
455 1355 592 1396 adhue
623 1356 705 1396 emi
736 1356 854 1396 nihil.
913 1356 1127 1397 Culleonis
1159 1357 1298 1397 auctio
1330 1357 1441 1397 facta

47 1425 80 1450 20
101 1417 174 1454 est.
236 1413 474 1455 Tusculano
507 1417 673 1468 emptor
705 1429 829 1455 nemo
864 1415 955 1456 fuit.
1019 1413 1064 1455 81
1097 1415 1287 1455 condicio
1320 1415 1440 1456 valde

101 1471 213 1512 bona
244 1473 383 1526 fuerit,
414 1474 606 1514 fortassis
636 1488 722 1514 non
754 1474 957 1514 amittam.

189 1529 253 1570 De
272 1531 562 1572 aedificatione
586 1534 660 1572 tua
681 1531 839 1585 Cyrum
864 1547 1014 1588 urgere
1033 1547 1119 1573 non
1140 1547 1266 1573 cesso.
1307 1532 1439 1587 Spero

102 1603 198 1628 011111
229 1589 273 1628 111
306 1590 445 1630 officio
477 1590 577 1630 fore.
641 1590 723 1631 Sed
749 1591 890 1631 omnia
921 1594 1018 1631 sunt
1049 1591 1236 1632 tardiora
1266 1595 1441 1645 propter

102 1647 285 1687 furiosae
323 1648 549 1688 aedilitatis
587 1650 960 1703 exspect-ationem3
1000 1664 1098 1689 nam
1139 1650 1311 1690 comitia
1351 1651 1440 1690 sine

51 1717 82 1741 25
102 1719 221 1745 mora
252 1706 395 1745 futura
426 1706 639 1761 videntur3
671 1707 807 1747 edicta
839 1710 936 1747 sunt
967 1709 1013 1748 in
1044 1722 1077 1747 a.
1105 1707 1141 1747 d.
1167 1719 1216 1747 XI
1241 1708 1291 1748 K.
1317 1708 1439 1748 Febr.

102 1763 159 1804 Te
200 1767 341 1804 tamen
382 1765 611 1804 sollicitum
651 1779 739 1805 esse
776 1765 893 1819 nolo3
936 1780 1058 1806 omne
1098 1780 1231 1820 genus
1263 1781 1286 1806 a
1315 1765 1440 1807 nobis

103 1822 309 1862 cautionis
341 1822 621 1863 adhibebitur.

189 1880 253 1921 De
285 1895 383 1935 rege
414 1880 701 1922 Alexandrino
733 1883 891 1922 factum
918 1885 980 1922 est
1006 1885 1174 1923 senatus
1200 1883 1439 1924 consultum

103 1953 198 1979 cum
229 1939 502 1979 multitudine
534 1954 629 1980 eum
661 1940 803 1981 reduci
839 1941 1123 1995 periculosum
1154 1941 1215 1982 rei
1245 1942 1439 1995 publicae

50 2010 83 2034 30
103 1997 247 2038 videri.
309 1997 489 2051 Reliqua
527 2012 620 2038 cum
659 2002 767 2039 esset
804 2000 848 2040 in
886 2002 1033 2040 senatu
1065 2000 1297 2053 contentio,
1334 2000 1439 2041 Len-

101 2056 269 2096 tulusne
302 2071 354 2096 an
384 2055 611 2109 Pompeius
642 2058 876 2111 reduceret,
915 2058 1105 2098 obtinere
1137 2072 1304 2098 causam
1334 2058 1439 2100 Len-

101 2114 216 2154 tulus
247 2115 470 2155 videbatur
502 2113 564 2169 (in
590 2130 637 2155 ea
662 2130 706 2156 re
737 2131 814 2157 nos
840 2119 881 2157 et
913 2117 1054 2157 officio
1081 2131 1180 2171 erga
1209 2116 1439 2158 Lentulum

101 2172 278 2213 mirifice
317 2176 358 2213 et
395 2174 605 2213 voluntati
636 2173 811 2228 Pompei
848 2175 1060 2229 praeclare
1099 2175 1200 2215 satis
1231 2175 1438 2231 fecimus),

104 2231 175 2271 sed
214 2246 289 2285 per
331 2231 634 2272 obtrectatores
674 2232 844 2273 Lentuli
889 2233 1097 2273 calumnia
1137 2236 1324 2274 extracta
1364 2237 1436 2275 est.

50 2300 83 2325 35
105 2288 328 2330 Consecuti
355 2293 451 2330 sunt
479 2290 565 2331 dies
592 2291 835 2346 comitiales,
866 2306 941 2345 per
967 2306 1072 2346 quos
1098 2294 1266 2333 senatus
1290 2292 1437 2334 haberi

1469 488 1485 517 1

1466 1544 1485 1573 10
