1659 2552
167 98 252 139 486
659 99 998 134 EPISTULARUM

770 239 904 282 XXII.

425 321 499 357 Ser.
526 321 684 356 Asturae
717 321 776 355 VI
797 321 844 356 K.
873 321 968 356 Sext.
998 333 1031 357 a.
1059 324 1132 356 709
1160 323 1250 365 (45).

553 402 752 437 TULLIUS
779 402 946 438 TIRONI
973 402 1061 438 SUO
1089 403 1122 438 S.

122 499 140 530 1
256 486 388 541 Spero
422 502 472 528 ex
504 487 589 528 tuis
621 487 777 528 litteris
807 487 888 528 tibi
920 487 1072 528 melius
1104 501 1203 542 esse,
1237 486 1360 553 cupio
1388 489 1510 528 00110.

169 546 246 588 Cui
280 546 450 600 quidem
482 546 544 587 rei
570 546 685 587 omni
718 545 881 587 ratione
908 560 1007 586 cura
1038 549 1086 587 ut
1117 546 1320 587 inservias
1346 548 1387 586 et
1413 559 1511 586 cave
1550 558 1566 582 5

167 605 392 659 suspiceris
419 607 565 646 contra
590 620 727 646 meam
752 605 1016 646 voluntatem
1042 607 1083 645 te
1109 605 1256 659 facer,e
1289 604 1402 658 quod
1426 618 1512 645 non

168 664 224 705 sis
256 678 431 704 mecum.
493 663 661 704 Mecum
699 678 758 718 es,
801 664 834 704 si
872 666 914 705 te
953 678 1083 705 cur.as
1145 639 1283 713 Quaie
1320 663 1432 704 malo
1470 666 1512 704 te

167 723 400 764 valetudini
442 724 539 763 tuae
581 723 737 763 servire
776 737 902 776 quam
940 723 1044 763 meis
1083 723 1215 763 oculis
1248 725 1289 763 et
1327 721 1510 762 auribus.

168 781 262 822 Etsi
301 782 412 822 enim
451 784 493 822 et
530 781 655 822 audio
693 784 733 822 te
772 785 814 822 et
845 781 967 822 video
1005 781 1217 835 lubenter,
1258 784 1400 821 tamen
1430 780 1511 821 1100

168 841 303 881 11111110
336 840 427 895 0111,
459 840 494 881 81
526 840 697 895 valebis,
730 840 963 881 iucundius.
1027 839 1121 895 Ego
1152 840 1223 880 hic
1254 853 1381 894 cesso,
1413 839 1512 893 quia
1532 852 1565 876 ιο

168 900 256 953 ipse
290 899 397 939 nihil
435 899 591 953 scribo,
629 899 726 955 lego
765 902 906 940 autem
944 899 1247 940 lubentissime.
1309 898 1373 939 Tu
1405 898 1512 952 istic,

168 959 203 999 si
236 958 337 1012 quid
368 958 532 998 librarii
564 972 657 998 mea
687 972 815 999 manu
840 972 925 998 non
952 958 1211 1013 intellegent,
1243 956 1510 998 monstrabis.

167 1016 263 1058 Una
297 1017 469 1057 omnino
508 1017 777 1070 interpositio
811 1017 1026 1057 difficilior
1063 1019 1142 1071 est,
1182 1030 1308 1071 quam
1339 1030 1391 1057 ne
1423 1016 1511 1070 ipse

168 1076 339 1130 quidem
371 1075 494 1116 facile
525 1075 665 1131 legere
704 1076 837 1129 soleo,
879 1076 927 1116 de
961 1075 1182 1129 quadrimo
1216 1074 1386 1116 Catone.
1442 1073 1511 1115 De

168 1134 354 1175 triclinio
382 1149 492 1189 cura,
523 1137 571 1175 ut
596 1134 709 1175 facis.
759 1134 902 1175 Tertia
928 1134 1073 1188 aderit,
1105 1134 1231 1175 modo
1257 1148 1309 1174 ne
1334 1132 1512 1174 Publius
1534 1145 1565 1168 15

122 1206 141 1235 [θ

170 1196 344 1249 rogatus
385 1193 450 1234 sit.
512 1192 754 1234 Demetrius
798 1193 876 1234 iste
921 1207 1151 1247 numquam
1194 1192 1365 1234 omnino
1405 1191 1512 1233 Pha-

168 1252 306 1293 lereus
347 1252 446 1306 fuit,
488 1252 560 1292 sed
599 1266 711 1292 nunc
750 1252 874 1306 plane
911 1251 1119 1292 Billienus
1157 1254 1230 1292 est.
1291 1250 1439 1305 Itaque
1471 1254 1513 1291 10

170 1311 222 1352 (10
249 1311 470 1365 vicarium3
503 1313 550 1351 tu
577 1325 672 1351 eum
700 1310 976 1359 observabis·
1006 1310 1100 1351 Etsi
1123 1334 1176 1339 —
1197 1324 1344 1351 verum
1370 1312 1512 1350 tamen

170 1370 218 1410 de
251 1370 336 1410 illis
363 1394 417 1398 —
444 1370 557 1410 nosti
590 1372 737 1410 cetera.
801 1368 883 1410 Sed
914 1371 1073 1423 tamen,
1111 1369 1146 1409 si
1179 1382 1303 1422 quem
1336 1382 1430 1408 cum
1463 1381 1512 1408 eo

169 1442 406 1469 sermonem
443 1428 660 1482 habueris,
699 1428 856 1468 scribes
888 1427 940 1467 ad
976 1441 1060 1481 me,
1098 1430 1145 1467 ut
1176 1426 1282 1467 mihi
1315 1428 1512 1466 nascatur
1532 1438 1565 1461 20

170 1487 374 1541 epistulae
415 1489 733 1541 argumentum,
776 1489 817 1527 et
858 1488 905 1526 ut
941 1488 1035 1527 tuas
1077 1499 1203 1539 quam
1243 1485 1512 1541 longissimas

168 1546 332 1586 litteras
363 1545 512 1600 legam.
577 1544 704 1599 Cura,
736 1545 794 1585 mi
827 1544 939 1598 Tiro,
972 1547 1019 1585 ut
1050 1544 1206 1599 valeas,
1237 1543 1319 1584 hoc
1349 1543 1513 1599 gratius

168 1604 275 1645 mihi
307 1604 442 1644 facere
474 1603 583 1644 nihil
614 1606 745 1657 potes.
808 1602 923 1644 Vale.

764 1753 918 1796 XXIII.

393 1836 468 1872 Ser.
495 1838 536 1871 in
566 1837 770 1871 Tusculano
804 1835 838 1870 V
859 1835 907 1869 K.
934 1836 1018 1870 Izm.
1045 1847 1078 1870 a.
1107 1838 1177 1870 710
1199 1837 1290 1878 (44).
1533 1846 1566 1870 *25

630 1916 800 1952 CICERO
827 1916 993 1951 TIRONI
1020 1916 1053 1951 S.

125 2028 138 2055 1
259 2014 321 2055 Tu
360 2028 459 2055 vero
499 2014 656 2054 confice
687 2012 1011 2067 professionem,
1052 2011 1086 2052 si
1125 2014 1263 2066 potes3
1300 2010 1378 2051 etsi
1410 2009 1513 2050 haec

169 2073 347 2127 pecunia
388 2087 439 2113 ex
477 2086 526 2113 eo
564 2086 718 2127 genere
756 2074 838 2124 est,
879 2073 926 2111 ut
962 2070 1224 2125 professione
1262 2083 1346 2110 non
1379 2071 1511 2123 egeat.

169 2131 474 2172 Verumtamen
501 2155 574 2171 —.
631 2129 790 2170 Balbus
821 2129 873 2169 ad
904 2143 970 2169 me
1003 2129 1171 2183 sciipsit
1202 2130 1320 2169 tanta
1352 2141 1394 2168 se
1427 2127 1512 2168 ἐπι-

170 2197 288 2245 φορᾷ
314 2204 572 2244 oppressum,
599 2191 646 2228 ut
671 2187 789 2242 loqui
815 2202 900 2228 non
926 2187 1070 2241 possit.
1115 2186 1327 2227 Antonius
1348 2185 1397 2225 de
1417 2185 1510 2240 lege
1530 2197 1565 2222 30

171 2249 286 2313 quod
317 2249 451 2303 egerit
478 2273 533 2276 —
565 2247 690 2287 liceat
722 2246 848 2287 modo
881 2246 1086 2286 rusticari
1136 2245 1205 2285 Ad
1235 2243 1511 2297 Bithynicum

124 2318 143 2347 2
171 2307 330 2360 scripsi.
393 2306 455 2347 De
499 2305 678 2346 Servilio
719 2308 766 2346 tu
804 2304 977 2358 videris,
1018 2304 1090 2358 qui
1131 2305 1388 2344 senectutem
1426 2316 1511 2343 non
