1659 2552
179 83 264 122 554
680 82 1018 117 EPISTULARUM

176 192 288 231 vero,
315 177 429 232 quod
454 178 581 233 voles,
608 178 752 233 facies3
783 192 850 219 me
876 178 984 218 nihil
1011 178 1246 232 interpono.
1282 177 1346 219 De
1371 177 1520 218 subur-

177 236 288 277 bano
327 237 440 291 quod
476 251 561 278 non
599 251 820 291 properas,
864 237 1011 291 laud03
1056 239 1102 277 ut
1139 236 1314 291 habeas,
1357 236 1517 277 hortor.

176 294 294 336 Haec
336 296 482 350 scripsi
529 311 561 336 a.
601 296 636 336 d.
676 308 773 335 VIIII
812 295 861 335 Κ.
899 294 1148 349 Novembr.,
1193 309 1276 349 quo
1321 294 1387 336 die
1429 294 1519 336 ludi

177 355 564 409 committebantur,
596 355 639 395 in
671 354 955 395 Tusculanum
987 354 1256 408 proficiscens
1282 354 1519 408 ducensque

176 427 341 454 mecum
369 413 614 454 Ciceronem
646 427 787 454 meum
820 413 863 453 in
894 413 1042 454 ludum
1074 413 1272 467 discendi,
1303 427 1389 453 non
1420 412 1519 453 lusi·
1556 423 1573 449 5

178 472 288 525 onis,
321 487 368 513 ea
394 487 437 513 re
463 487 549 513 non
575 472 756 527 longiuS,
790 487 916 526 quam
942 472 1111 526 vellem,
1144 471 1258 526 quod
1288 471 1518 526 Pomptino

177 531 229 571 ad
260 531 526 585 triumphum
565 546 598 571 a.
633 531 667 570 d.
701 542 752 571 ΙΙΙ
785 530 931 571 Nonas
962 530 1191 571 Novembr.
1224 530 1420 571 volebam
1451 530 1520 571 ad-

177 604 276 630 esse.
338 590 510 630 Etenim
543 590 623 630 erit
654 589 795 630 nescio
828 590 930 643 quid
960 590 1184 645 negotioli,
1216 604 1314 630 nam
1341 588 1446 630 Cato
1479 591 1521 629 et

178 648 381 690 Servilius
407 650 622 703 praetores
647 648 941 703 prohibituros
967 663 1009 689 se
1038 648 1266 702 minantur,
1298 661 1385 702 nec,
1417 647 1520 702 quid

175 708 359 762 possint,
404 708 490 748 scio
532 705 622 763 (ille
664 707 776 748 enim
815 710 856 748 et
892 707 1080 761 Appium
1119 707 1334 748 consulem
1378 720 1519 747 secum
1539 719 1574 744 10

174 766 351 807 habebit
383 769 424 807 et
455 769 670 820 praetores
697 769 737 807 et
763 766 958 807 tribunos
989 765 1077 821 pl),
1108 766 1181 807 sed
1210 766 1428 806 minantur
1459 768 1520 806 ta-

175 840 271 866 men
304 826 347 865 in
378 825 611 879 primisque
630 824 740 879 ’Ἀρη
771 824 916 866 πνέων
951 824 997 874 Q.
1031 824 1240 865 Scaevola.
1305 822 1427 879 Cura,
1458 823 1519 865 mi

176 884 422 925 suavissime
454 886 496 925 et
528 884 740 925 carissime
772 884 915 937 frater,
947 886 995 924 ut
1026 884 1176 925 valeas.

740 1035 782 1077 V
815 1039 856 1077 et
881 1034 954 1077 VI.

248 1116 321 1151 Ser.
348 1117 389 1150 in
419 1117 623 1151 Tusculano
649 1128 702 1151 em.
728 1129 772 1151 m.
804 1116 875 1151 Oet.
903 1121 968 1150 aut
993 1117 1043 1150 m.
1072 1116 1164 1151 Nov.
1191 1128 1224 1151 α.
1253 1118 1325 1151 700
1351 1118 1442 1160 (54).
1541 1129 1574 1155 15

419 1198 612 1232 MARCUS
640 1197 820 1239 QUINTO
846 1197 1025 1232 FRATRI
1051 1197 1284 1233 SALUTEM

266 1293 389 1343 Quod
425 1295 609 1348 quaeiis,
654 1294 756 1348 quid
798 1294 847 1335 de
888 1294 973 1333 illis
1017 1294 1138 1334 libris
1183 1293 1359 1349 egerim,
1403 1307 1521 1358 quos»,

177 1367 272 1393 cum
305 1367 437 1394 essem
476 1353 519 1393 in
553 1353 758 1407 Cumano,
801 1352 983 1393 scribere
1016 1352 1200 1405 institui,
1241 1366 1325 1392 non
1364 1351 1520 1393 cessavi

176 1426 312 1465 neque
345 1426 471 1465 cesso,
507 1412 580 1452 sed
611 1425 733 1465 saepe
766 1411 850 1451 iam
882 1410 1092 1451 scribendi
1124 1413 1263 1451 totum
1296 1410 1520 1451 consilium

177 1471 469 1524 rationemque
506 1470 679 1510 mutavi.
741 1469 852 1510 Nam
894 1469 977 1509 iam
1019 1469 1183 1510 duobus
1224 1469 1345 1509 factis
1386 1468 1520 1523 libris,
1541 1482 1574 1507 20

178 1529 220 1569 in
254 1528 408 1583 quibus
439 1528 763 1569 novendialibus
795 1528 846 1568 iis
878 1527 1012 1581 feriis,
1055 1542 1160 1581 quae
1192 1528 1364 1569 fuerunt
1396 1527 1521 1568 Tudi-

176 1590 276 1628 tano
310 1589 351 1628 et
382 1586 557 1641 Aquilio
591 1587 852 1640 consulibus,
884 1601 1021 1627 sermo
1054 1589 1117 1627 est
1149 1602 1171 1627 a
1203 1601 1269 1627 me
1300 1586 1521 1627 institutus

176 1645 369 1686 Africani
413 1646 539 1700 paulo
582 1649 678 1686 ante
719 1648 900 1686 mortem
940 1648 981 1685 et
1018 1645 1152 1699 Laeli,
1190 1645 1323 1700 Phili,
1359 1644 1522 1699 Manili,

178 1704 228 1746 P.
261 1704 407 1755 Rutili,
441 1704 486 1754 Q.
519 1704 757 1745 Tuberonis
790 1706 830 1745 et
861 1703 979 1744 Laeli
1010 1718 1281 1759 generorum,
1312 1703 1448 1745 Fanni
1480 1706 1522 1744 et

177 1763 419 1817 Scaevolae,
461 1778 597 1804 sermo
640 1766 780 1804 autem
821 1763 863 1803 in
905 1777 1058 1803 novem
1098 1766 1140 1803 et
1179 1763 1265 1803 dies
1309 1765 1349 1803 et
1388 1762 1522 1803 libros
1542 1773 1575 1799 25

177 1823 430 1863 distributus
457 1823 506 1863 de
533 1822 695 1876 optimo
727 1823 841 1862 statu
868 1821 1052 1862 civitatis
1086 1824 1126 1862 et
1160 1821 1208 1862 de
1241 1821 1404 1875 optimo
1431 1821 1520 1862 cive

178 1880 294 1936 (sane
326 1881 550 1922 texebatur
582 1895 686 1935 opus
724 1880 954 1934 luculente,
994 1880 1300 1934 hominumque
1333 1879 1519 1935 dignitas

177 1940 442 1994 aliquantum
481 1940 663 1980 orationi
694 1938 893 1993 ponderis
925 1938 1177 1994 adferebat),
1220 1939 1249 1979 ii
1289 1938 1389 1979 libri
1429 1952 1523 1979 cum

177 1998 221 2039 in
253 1998 491 2039 Tusculano
530 1998 638 2039 mihi
677 1998 920 2053 legerentur
961 1997 1156 2038 audiente
1196 1996 1415 2050 Sallustio,
1455 1996 1523 2037 ad—

177 2057 366 2098 monitus
399 2072 491 2097 sum
524 2057 575 2097 ab
610 2057 682 2097 illo
715 2056 851 2096 multo
883 2055 1042 2097 maiore
1075 2056 1326 2097 auctoritate
1357 2055 1441 2095 illis
1474 2054 1523 2095 de
1543 2067 1577 2092 3ο

178 2115 304 2156 rebus
339 2116 420 2156 dici
451 2130 592 2170 posse,
624 2115 659 2155 si
691 2114 779 2169 ipse
811 2114 1008 2167 loquerer
1039 2115 1088 2155 de
1121 2129 1164 2155 re
1196 2113 1376 2169 publica,
1407 2127 1524 2167 prae-

179 2174 328 2215 sertim
368 2188 463 2214 cum
501 2188 634 2215 essem
671 2187 757 2214 non
789 2172 1034 2213 Heraclides
1066 2172 1286 2226 Ponticus,
1326 2171 1398 2213 sed
1430 2186 1525 2213 con-

179 2233 334 2273 sularis
374 2235 414 2273 et
453 2233 508 2286 is,
551 2233 622 2286 qui
664 2232 707 2272 in
745 2231 940 2272 maximis
978 2235 1167 2272 versatus
1204 2232 1247 2272 in
1279 2244 1323 2271 re
1354 2230 1526 2284 publica
1561 2278 1564 2280 v

180 2291 306 2331 rebus
328 2305 479 2345 essem3
512 2305 617 2345 quae
643 2293 731 2331 tam
757 2290 942 2344 antiquis
967 2290 1211 2331 hominibus
1237 2288 1526 2343 attribuerem,
