1659 2552
601 92 744 126 LIBER
770 92 820 127 VI
847 94 995 127 12—14.
1398 89 1480 130 16].

139 188 383 244 pationibus
414 189 516 242 eius,
547 203 570 229 a
602 203 685 243 quo
719 187 859 229 omnia
883 189 1098 242 petuntur,
1130 185 1269 226 aditus
1302 186 1355 227 ad
1386 200 1483 226 eum

141 247 402 288 difficiliores
439 248 629 301 fuerunt,
667 249 708 288 et
740 246 867 287 simul
896 245 1121 287 Africanae
1154 259 1301 285 causae
1333 245 1483 285 iratior

141 306 300 347 diutius
331 306 438 348 velle
468 306 636 347 videtur
668 320 738 347 eos
769 305 923 346 habere
955 304 1172 357 sollicitos,
1204 318 1227 344 a
1259 303 1413 357 quibus
1439 316 1482 343 se

141 367 263 420 putat
300 365 637 406 diuturnioribus
675 379 762 406 esse
800 363 1006 405 molestiis
1037 362 1337 404 conflictatum.
1401 360 1484 402 Sed

106 436 122 461 5
142 424 223 465 hoc
254 424 394 478 ipsum
432 423 720 479 intellegimus
752 438 847 464 eum
879 422 1033 463 cotidie
1064 421 1280 462 remissius
1318 423 1360 461 et
1396 420 1483 474 pla-

143 483 276 524 catius
312 483 432 523 ferre.
495 482 631 531 Quare
671 482 777 523 mihi
819 482 938 522 crede
979 483 1020 521 et
1060 480 1289 521 memoriae
1330 479 1484 520 manda

142 556 209 582 me
239 541 320 582 tibi
352 542 395 582 id
426 541 669 595 affirmasse,
701 543 743 581 te
774 541 818 581 in
850 541 942 581 istis
973 539 1180 580 molestiis
1213 538 1372 579 diutius
1397 552 1484 578 11011

143 602 345 641 futurum.

232 658 458 712 Quoniam,
491 659 593 712 quid
630 658 846 711 sentirem,
885 657 1078 711 exposui,
1117 656 1220 710 quid
1250 656 1379 697 velim
1410 658 1484 696 tua

90 732 123 754 10
144 731 283 771 eausa,
315 732 359 758 re
389 717 532 771 potius
565 717 784 758 declarabo
818 731 944 770 quam
976 716 1177 757 oratione.
1240 713 1285 755 Si
1316 716 1484 755 tantum

143 790 328 830 possem,
368 779 573 830 quantum
611 776 656 817 in
693 790 740 816 ea
772 790 815 816 re
847 791 903 829 p.,
945 774 994 815 de
1032 789 1115 828 qua
1145 774 1205 815 ita
1237 788 1330 814 sum
1361 773 1485 814 meri—

142 838 223 889 tus,
255 838 301 875 ut
333 837 380 875 tu
412 835 638 888 existimas,
673 848 795 888 posse
828 829 1043 887 deb'ebam,
1074 847 1127 874 ne
1158 835 1206 874 tu
1238 832 1409 887 quidem
1440 831 1485 872 in

143 894 236 934 istis
274 894 553 934 incommodis
591 908 717 948 esses3
758 893 902 933 eadem
941 892 1053 933 enim
1086 905 1209 932 causa
1240 905 1339 945 opes
1370 904 1484 931 meas

143 952 291 1008 fregit,
324 966 430 1006 quae
461 954 579 992 tuam
611 952 790 992 salutem
821 951 865 992 in
898 951 1122 991 discrimen
1154 950 1340 990 adduxit.
1403 948 1486 990 Sed

91 1022 125 1048 15
144 1014 303 1065 tamen,
342 1011 544 1064 quicquid
581 1011 722 1066 imago
755 1010 909 1051 veteris
945 1024 1062 1050 meae
1095 1008 1332 1065 dignitatis,
1372 1008 1485 1062 quic-

145 1069 247 1124 quid
290 1069 492 1123 reliquiae
535 1070 696 1125 gratiae
737 1069 955 1122 valebunt,
1000 1068 1204 1122 studium,
1249 1067 1484 1120 consilium,

146 1143 284 1182 opera,
315 1128 464 1183 gratia,
496 1128 599 1169 fides
630 1142 724 1169 mea
754 1128 872 1168 nullo
904 1128 997 1168 loco
1031 1127 1163 1167 deerit
1194 1126 1280 1167 tuis
1313 1125 1485 1180 optimis

144 1187 357 1227 fratribus.
419 1186 484 1227 Tu
515 1187 580 1227 fac
610 1187 767 1227 habeas
798 1187 953 1227 fortem
985 1186 1190 1239 animum,
1223 1199 1349 1238 quem
1381 1198 1486 1224 sem-

145 1260 220 1300 per
262 1245 471 1300 habuisti,
520 1245 707 1300 primum
752 1245 805 1286 ob
850 1259 918 1285 eas
963 1258 1126 1298 causas,
1177 1258 1280 1297 quas
1325 1242 1485 1296 scripsi,

93 1317 126 1342 20
148 1304 295 1345 deinde
327 1304 441 1358 quod
472 1319 519 1345 ea
544 1305 592 1346 de
616 1319 660 1345 re
688 1319 727 1358 p.
755 1318 919 1358 semper
943 1303 1117 1344 voluisti
1149 1305 1275 1356 atque
1307 1301 1486 1355 sensisti,

146 1366 192 1404 ut
223 1377 309 1404 non
339 1363 466 1403 modo
498 1377 610 1403 nunc
641 1363 821 1404 secunda
854 1376 1020 1416 sperare
1053 1361 1215 1415 debeas,
1249 1360 1322 1401 sed
1347 1360 1486 1413 etiam,

144 1422 180 1462 si
207 1422 348 1462 omnia
373 1421 546 1462 adversa
571 1424 720 1476 essent,
751 1424 894 1462 tamen
919 1420 1174 1462 conscientia
1207 1422 1247 1460 et
1278 1419 1487 1459 factorum

146 1483 187 1521 et
219 1480 492 1521 consiliorum
522 1483 711 1534 tuorum,
744 1494 1031 1534 quaecumque
1063 1479 1316 1533 acciderent,
1348 1477 1488 1518 fortis-

147 1539 254 1580 simo
287 1542 328 1580 et
358 1538 544 1580 maximo
577 1539 717 1580 animo
749 1540 858 1580 ferre
891 1538 1074 1579 deberes

95 1701 129 1726 25
763 1689 876 1731 XIV.

253 1769 327 1804 Ser.
354 1769 490 1804 Romae
515 1782 548 1804 α.
577 1771 610 1804 d.
645 1771 680 1805 V
700 1770 747 1804 K.
774 1771 935 1805 intercal.
957 1771 1099 1814 priores
1131 1782 1165 1805 a.
1194 1772 1268 1804 708
1296 1771 1387 1813 (46).

619 1850 787 1885 CICERO
813 1850 1019 1885 LIGARIO.

237 1945 306 1987 Me
344 1946 449 1986 scito
482 1959 650 1986 omnem
686 1960 827 1986 meum
857 1945 1063 1999 laborem,
1103 1959 1270 1986 omnem
1303 1951 1486 1998 operam,

152 2019 311 2058 curam,
353 2005 540 2045 studium
577 2005 622 2044 in
659 2007 731 2044 tua
769 2004 902 2044 salute
935 2018 1190 2044 consumere.
1251 2002 1364 2044 Nam
1396 2017 1490 2043 cum

97 2076 132 2100 30
152 2066 193 2104 te
231 2078 395 2117 semper
426 2062 607 2103 maxime
641 2062 786 2115 dilexi,
823 2065 915 2102 tum
946 2062 1126 2102 fratrum
1157 2064 1346 2115 tuorum,
1385 2076 1490 2115 quos

151 2136 281 2176 aeque
322 2124 447 2176 atque
487 2124 528 2161 te
570 2135 733 2161 summa
772 2120 1058 2161 benivolentia
1099 2134 1192 2160 sum
1234 2119 1490 2174 complexus,

151 2180 377 2236 singularis
407 2180 542 2234 pietas
574 2193 774 2233 amorque
807 2180 1017 2219 fraternus
1045 2179 1211 2219 nullum
1234 2193 1302 2219 me
1327 2178 1490 2232 patitur

152 2239 282 2279 officii
322 2253 422 2294 erga
462 2242 503 2279 te
544 2238 756 2291 studiique
796 2252 949 2278 munus
989 2240 1061 2278 aut
1100 2240 1267 2290 tempus
1307 2239 1491 2291 praeter-

149 2297 329 2338 mittere.
375 2297 468 2351 Sed,
495 2311 599 2351 quae
620 2297 770 2337 faciam
790 2296 1044 2350 fecerimque
1063 2310 1140 2350 pro
1161 2298 1214 2349 te,
1241 2310 1292 2336 ex
1317 2296 1489 2337 illorum

225 2372 377 2398 Ciceronis
398 2372 483 2403 epist.
1234 2367 1251 2397 1
1259 2368 1276 2397 1
