1659 2552
678 89 819 124 LIBER
844 89 861 124 1
886 93 918 125 9.
1194 124 1196 127 .
1418 88 1472 129 21

132 185 411 240 restituendo,
452 201 578 240 quam
616 186 782 227 fuerant
818 185 931 226 idem
969 185 1013 225 111
1050 184 1244 226 tenendo.
1307 183 1399 234 Qua
1430 185 1474 225 in

134 245 342 286 sententia
373 245 407 286 si
440 248 631 286 constare
662 244 910 299 voluissent,
943 258 1062 285 suam
1093 244 1390 285 auctoritatem
1422 243 1474 284 si-

133 304 223 344 mul
263 318 358 344 cum
399 304 532 344 salute
573 318 666 345 mea
706 305 1031 357 recuperassent.
1103 301 1320 343 Recreatis
1361 302 1473 343 enim

135 362 258 404 bonis
289 362 392 403 viris
424 362 644 403 consulatu
674 364 748 403 tuo
787 365 828 403 et
860 361 1213 403 constantissimis
1245 363 1371 415 atque
1404 376 1474 415 op-

100 433 116 459 5
135 421 251 462 timis
282 421 519 462 actionibus
550 421 635 462 tuis
660 420 864 475 excitatis,
897 419 969 461 Cn.
995 420 1200 474 Pompeio
1225 420 1475 485 praesertim

135 480 187 520 ad
219 494 386 520 causam
418 480 627 534 adiuncto,
661 494 755 520 cum
787 480 914 520 etiam
947 478 1099 520 030331
1126 479 1251 520 rebus
1276 479 1474 519 maximis

134 539 265 594 gestis
296 538 582 594 singularibus
614 541 786 579 ornatus
818 540 859 579 et
889 538 1010 579 novis
1035 538 1270 579 honoribus
1297 551 1344 578 30
1368 537 1474 578 iudi-

135 597 210 638 ciis
243 600 410 638 senatus
442 598 495 637 ad
525 597 820 638 auctoritatem
852 596 940 638 eius
973 597 1132 638 ordinis
1161 597 1473 652 adiungeryetui

134 656 242 697 nulli
274 656 469 710 improbo
507 656 588 696 civi
625 656 743 697 100113
784 655 836 696 ad
866 670 955 696 rem
985 655 1200 710 publicam
1231 655 1473 696 violandam

83 728 116 752 10
136 728 224 755 esse
255 714 473 769 potuisset.
536 713 618 755 Sed
649 715 846 768 adtende,
879 729 1044 768 quaeso,
1077 729 1182 768 quae
1215 714 1300 755 sint
1332 728 1472 754 001130-

137 775 242 814 cuta.
303 772 495 814 Primum
532 773 606 814 illa
642 773 753 814 furia
783 772 1056 814 muliebrium
1087 773 1360 828 religionum,
1399 772 1472 826 qui

135 846 221 873 non
263 831 398 886 pluris
440 832 596 873 fecerat
636 831 799 872 Bonam
844 832 963 872 deam
1007 846 1132 885 quam
1174 831 1253 873 tris
1296 845 1472 885 sorores,

135 890 473 945 impunitatemst
512 891 683 931 illorum
718 890 937 931 sententiis
972 890 1211 944 adsecutus,
1253 890 1337 944 qui,
1378 904 1473 930 011111

137 952 187 990 tr.
219 949 274 1003 pl.
306 963 463 1003 poenas
495 964 518 989 a
550 949 750 990 seditioso
783 949 864 990 civi
895 964 970 1003 per
1001 949 1135 990 bonos
1166 949 1281 990 viros
1315 948 1472 989 iudicio

83 1019 117 1045 15
135 1008 331 1062 persequi
350 1008 488 1062 vellet,
514 1008 754 1062 exemplum
779 1008 1161 1062 praeclarissimum
1186 1007 1231 1048 in
1255 1009 1473 1062 posterum

136 1066 408 1108 vindicandae
440 1067 659 1108 seditionis
691 1067 740 1107 de
772 1081 816 1107 re
840 1066 1011 1121 publica
1041 1066 1313 1120 sustulerunt,
1344 1066 1474 1106 idem-

137 1139 217 1180 que
248 1128 395 1179 postea
430 1140 516 1166 non
552 1140 694 1166 meum
730 1128 1052 1166 monumentum
1090 1124 1194 1181 (non
1232 1125 1344 1165 enim
1376 1125 1473 1165 illae

135 1184 359 1225 manubiae
389 1198 518 1238 meae,
550 1184 622 1225 sed
654 1184 791 1239 operis
821 1184 976 1225 locatio
1007 1198 1101 1225 mea
1126 1182 1294 1239 fuerat),
1325 1197 1474 1224 monu-

136 1245 326 1283 mentum
362 1257 462 1284 vero
503 1245 671 1283 senatus
709 1243 857 1284 hostili
895 1242 1066 1283 nomine
1107 1245 1149 1283 et
1189 1242 1373 1283 cruentis
1412 1242 1474 1282 in-

85 1312 118 1338 20
137 1304 279 1342 ustum
309 1301 464 1342 litteris
495 1315 583 1342 esse
614 1302 726 1356 passi
757 1304 865 1342 sunt.
928 1301 1009 1350 Qui
1039 1315 1106 1342 me
1136 1301 1330 1342 homines
1360 1300 1475 1354 quod

137 1359 299 1401 salvum
331 1374 419 1401 esse
450 1360 686 1415 voluerunt,
718 1363 780 1401 est
811 1360 918 1401 mihi
948 1360 1255 1416 gratissimum3
1288 1359 1360 1400 sed
1390 1359 1474 1400 vel-

135 1419 220 1459 lem
251 1433 336 1459 non
367 1419 504 1460 solum
536 1419 683 1460 salutis
713 1433 830 1460 meae
863 1433 987 1473 quem
1021 1419 1074 1459 ad
1103 1419 1278 1459 modum
1308 1418 1473 1472 medici,

138 1477 210 1518 sed
240 1480 287 1518 ut
319 1477 472 1532 aliptae
504 1478 631 1518 etiam
657 1477 812 1518 virium
837 1480 879 1518 et
905 1477 1058 1518 coloris
1083 1477 1291 1518 rationem
1316 1476 1473 1517 habere

137 1535 379 1577 voluissent.
439 1535 575 1591 Nunc,
607 1539 654 1577 ut
685 1536 856 1590 Apelles
887 1535 1066 1577 Veneris
1093 1538 1217 1590 caput
1242 1538 1284 1576 et
1310 1550 1474 1576 summa

87 1603 120 1629 25
138 1594 319 1648 pectoris
349 1594 603 1648 politissima
627 1598 715 1635 arte
740 1595 928 1649 perfecit,
959 1595 1165 1649 reliquam
1195 1596 1360 1649 partem
1386 1608 1473 1635 cor-

138 1651 253 1705 poris
284 1652 523 1694 incohatam
553 1653 737 1708 reliquit,
769 1654 828 1694 sie
853 1653 1024 1707 quidam
1048 1653 1242 1694 homines
1267 1653 1311 1693 in
1338 1652 1473 1707 capite

138 1724 232 1750 meo
270 1711 406 1752 solum
443 1712 728 1766 elaborarunt,
768 1712 979 1766 reliquum
1011 1726 1162 1766 corpus
1193 1711 1473 1765 inperfectum

140 1782 187 1809 ac
228 1769 330 1808 rude
373 1769 643 1823 reliquerunt.
708 1769 759 1810 In
803 1785 886 1824 quo
930 1785 1008 1826 ego
1053 1785 1170 1824 spem
1212 1770 1345 1811 fefelli
1386 1783 1473 1810 non

138 1826 264 1868 modo
296 1827 553 1882 invidorum,
590 1828 663 1869 sed
693 1829 819 1869 etiam
850 1829 1120 1870 inimicorum
1151 1842 1359 1882 meorum,
1401 1828 1474 1881 qui

86 1896 119 1922 80
140 1885 189 1926 de
233 1899 317 1926 uno
363 1886 566 1927 acerrimo
609 1889 650 1927 et
693 1887 925 1927 fortissimo
965 1887 1058 1928 viro
1098 1901 1275 1940 meoque
1316 1886 1473 1926 iudicio

141 1944 330 1985 omnium
366 1944 658 1999 magnitudine
699 1945 828 1985 animi
866 1948 907 1985 et
939 1945 1175 1986 constantia
1204 1944 1474 1998 praestantis-

138 2003 258 2057 simo,
291 2001 336 2051 Q.
368 2001 541 2043 Metello
573 2002 618 2043 L.
644 2002 684 2056 f,
717 2003 928 2055 quondam
960 2003 1109 2043 falsam
1141 2003 1384 2057 opinionem
1411 2016 1474 2043 ac-

139 2063 349 2116 ceperunt,
382 2075 506 2115 quem
536 2063 634 2115 post
664 2061 846 2101 reditum
879 2061 1074 2101 dictitant
1104 2061 1238 2101 fracto
1265 2060 1405 2101 animo
1431 2063 1474 2101 et

140 2119 319 2160 demisso
362 2120 491 2160 fuisse
537 2118 619 2175 (est
655 2133 754 2160 vero
795 2118 1077 2173 probandum,
1122 2119 1194 2173 qui
1232 2122 1273 2160 et
1310 2134 1474 2160 summa

86 2189 119 2214 ³5
138 2178 355 2219 voluntate
396 2178 566 2219 cesserit
609 2180 650 2218 et
690 2178 861 2233 egregia
901 2177 1030 2218 animi
1067 2177 1282 2218 alacritate
1320 2178 1473 2218 afuerit

137 2251 273 2291 neque
305 2251 402 2278 sane
440 2237 575 2278 redire
614 2236 787 2290 curarit,
826 2250 921 2277 eum
961 2236 1014 2277 ob
1046 2236 1091 2277 id
1121 2236 1260 2291 ipsum
1291 2236 1472 2277 fractum

138 2295 286 2349 fuisse,
336 2295 380 2336 in
430 2310 513 2350 quo
558 2309 652 2336 cum
697 2309 840 2336 omnes
881 2294 1075 2336 homines
1116 2297 1209 2336 tum
1251 2294 1307 2336 M.
1350 2295 1471 2336 illum

1500 722 1542 754 15

1501 1780 1542 1811 16
