1659 2552
643 90 784 124 LIBER
809 90 858 125 XI
886 95 1033 126 14—17.
1417 92 1500 131 317

164 185 398 240 intercedit,
425 185 620 240 quodque
646 185 878 240 plurimum
903 185 1026 239 valet,
1059 185 1168 225 nihil
1195 185 1300 226 mihi
1326 185 1414 227 eius
1440 188 1503 226 est

165 244 453 285 familiaritate
478 244 711 285 iucundius.
761 243 917 300 Magno
943 246 1159 298 praeterea
1185 243 1388 284 beneficio
1415 244 1503 284 eius

165 317 404 358 magnoque
435 303 587 344 merito
619 317 711 343 sum
739 302 962 357 obligatus.
1023 301 1134 343 Nam
1163 301 1376 342 Clodianis
1402 305 1504 342 tem-

167 362 359 416 poribus,
401 376 495 402 cum
533 362 737 415 equestris
776 361 935 402 ordinis
973 361 1168 414 princeps
1205 363 1312 400 esset
1343 374 1504 413 proque

133 432 259 461 5mea
300 420 433 461 salute
471 434 684 461 acerrume
724 422 1028 475 propugnaret,
1067 434 1090 459 a
1123 417 1304 459 Gabinio
1336 418 1504 458 consule

168 479 378 534 relegatus
410 481 491 533 est,
533 478 645 532 quod
682 481 777 519 ante
815 478 859 518 id
889 481 1055 531 tempus
1087 477 1169 517 eivi
1199 476 1392 517 Romano
1424 476 1506 516 Ro-

167 552 260 578 mae
286 537 467 592 contigit
497 537 666 578 nemini.
727 536 821 577 Hoo
847 551 941 577 eum
973 535 1154 589 populus
1179 534 1395 576 Romanus
1424 549 1507 575 me-

168 596 305 650 minit,
336 610 402 636 me
428 596 566 650 ipsum
591 610 677 636 non
702 595 941 635 meminisse
967 594 1259 649 turpissimum
1286 596 1358 634 est.
1400 592 1506 641 Qua-
1531 603 1552 632 3

168 658 343 709 propter
372 654 575 708 persuade
601 654 693 707 tibi,
724 654 783 694 mi
809 653 951 707 Brute,
983 667 1049 693 me
1081 655 1223 706 petere
1254 654 1506 706 praeturam.

118 726 151 750 10
170 712 434 767 Quamquam
484 713 595 754 enim
644 711 790 752 Lamia
839 725 1003 752 summo
1054 710 1296 765 splendore,
1346 724 1509 750 summa

169 772 307 828 gratia
345 774 407 812 est
443 771 862 827 magnificentissimo
900 784 1072 810 munere
1104 769 1314 822 aedilicio,
1355 771 1509 821 tamen,

171 831 290 884 quasi
323 845 369 871 ea
401 830 460 870 ita
489 844 576 871 non
607 832 761 883 essent,
803 828 1077 884 ego'susoepi
1108 830 1246 868 totum
1277 826 1509 882 negotium.

170 888 312 942 Nune,
350 890 385 930 si
415 903 482 929 me
520 889 628 929 tanti
660 888 782 941 fac-is,
824 887 971 941 quanti
1003 889 1114 927 certe
1146 886 1268 938 facis,
1309 885 1509 939 quoniam

172 948 362 1002 equitum
395 947 603 988 centurias
634 949 768 1000 tenes,
800 946 843 986 in
876 946 969 999 quis
1001 959 1162 1000 regnas,
1193 944 1315 984 mitte
1348 943 1400 983 ad
1430 942 1510 983 Lu-

120 1018 153 1042 15
171 1021 274 1060 pum
304 1008 509 1059 nostrum,
541 1008 589 1046 ut
620 1006 655 1046 is
686 1005 809 1045 nobis
836 1019 904 1045 eas
930 1003 1139 1044 centurias
1166 1002 1370 1043 conficiat.
1411 1000 1510 1041 Non

173 1065 326 1106 tenebo
363 1067 404 1105 te
441 1064 652 1118 pluribus;
692 1078 846 1117 ponam
884 1063 927 1103 in
966 1065 1172 1114 extremo,
1214 1060 1326 1115 quod
1357 1060 1511 1100 sentio:

171 1123 295 1164 Nihil
332 1125 413 1176 est,
454 1122 605 1176 Brute,
646 1136 740 1163 oum
781 1121 923 1162 omnia
960 1135 984 1161 a
1021 1123 1062 1161 te
1100 1122 1357 1173 exspectem,
1399 1117 1513 1172 quod

173 1182 279 1223 mihj
311 1181 473 1237 gratius
504 1182 640 1222 faeere
672 1180 818 1235 possis.

775 1328 909 1372 XVII.

122 1427 156 1453 20
434 1412 508 1448 Ser.
534 1412 665 1446 ibidem
696 1411 814 1446 eodem
844 1414 997 1454 tempore
1022 1419 1091 1454 quo
1119 1419 1171 1452 ep.
1198 1410 1256 1442 16.

527 1492 575 1527 M.
604 1491 771 1526 CICERO
798 1491 840 1526 D.
868 1489 1028 1524 BRUTO
1059 1489 1093 1523 S.
1119 1488 1161 1523 D.

263 1589 309 1630 L.
334 1588 481 1629 Lamia
512 1601 596 1627 uno
629 1585 818 1627 omnium
849 1584 1176 1626 familiarissime
1208 1585 1316 1623 utor.
1360 1580 1515 1636 Magna
1543 1593 1559 1623 1

178 1650 276 1690 sunt
313 1647 400 1688 eius
432 1647 477 1686 in
507 1660 591 1698 me,
628 1659 713 1685 non
752 1644 844 1684 dico
878 1643 1034 1695 officia,
1072 1641 1145 1683 sed
1175 1641 1343 1694 merita,
1385 1653 1514 1693 eaque

178 1709 276 1748 sunt
312 1705 469 1759 populo
501 1703 693 1744 Romano
731 1701 962 1742 notissima.
1022 1699 1064 1740 Is
1095 1698 1514 1754 magnificentissimo

126 1777 159 1802 25
177 1778 351 1806 munere
371 1762 597 1803 aedilitatis
617 1761 861 1814 perfunctus
881 1759 989 1813 petit
1008 1760 1261 1812 praeturam,
1288 1770 1515 1809 omnesque

178 1823 432 1877 intellegunt
462 1834 539 1861 neo
571 1819 822 1874 dignitatem
853 1818 891 1858 ei
924 1817 1063 1857 deesse
1094 1829 1171 1856 nee
1207 1815 1406 1870 gratiam,
1445 1813 1517 1853 sed

179 1883 214 1923 is
246 1880 430 1922 ambitus
462 1878 636 1919 excitari
661 1877 840 1929 videtur,
871 1877 919 1916 ut
945 1889 1023 1930 ego
1051 1873 1191 1914 omnia
1222 1873 1516 1926 pertimescam

179 1943 397 1993 totamque
427 1936 677 1991 petitionem
708 1934 877 1975 Lamiae
909 1933 1014 1973 mihj
1047 1931 1334 1972 sustinendam
1348 1932 1514 1983 putem.

179 1998 229 2040 In
261 2013 308 2039 ea
339 2011 382 2038 re
415 1998 619 2050 quantum
650 2008 716 2033 me
747 1993 882 2047 possis
914 1991 1122 2044 adiuvare,
1154 1989 1275 2030 facile
1307 1987 1515 2042 perspicio
1542 1999 1560 2028 2

128 2070 162 2095 30
179 2071 257 2098 neo
281 2070 392 2109 vero,
425 2056 629 2108 quantum
654 2066 747 2092 mea
779 2065 900 2091 causa
925 2049 1041 2102 velis,
1074 2048 1233 2088 dubito.
1271 2046 1413 2087 Velim
1440 2046 1516 2100 igi-

180 2119 261 2170 tur,
291 2114 351 2156 mi
382 2113 524 2166 Brute,
556 2111 636 2152 tibi
667 2109 916 2164 persuadeas
947 2107 1056 2148 nihil
1086 2120 1153 2147 me
1184 2105 1343 2146 maiore
1375 2104 1516 2145 studio

181 2189 204 2214 a
234 2177 276 2215 te
306 2176 466 2228 petere,
502 2170 610 2211 nihil
641 2171 682 2209 te
713 2168 819 2208 mihi
850 2166 1012 2222 gratius
1043 2165 1178 2205 facere
1210 2177 1350 2217 posse,
1389 2177 1515 2216 quam

181 2233 216 2274 si
249 2231 444 2273 omnibus
474 2230 558 2270 tuis
591 2227 759 2281 opibus,
798 2225 912 2267 omni
944 2224 1083 2265 studio
1115 2222 1305 2263 Lamiam
1338 2221 1381 2261 in
1412 2220 1517 2275 peti-

180 2291 296 2332 tione
327 2289 493 2331 iuveris.
556 2285 678 2336 Quod
708 2288 755 2325 ut
787 2284 925 2337 facias,
956 2282 1227 2323 vehementer
1257 2283 1299 2320 te
1331 2293 1447 2334 rogo.
