1659 2552
197 104 217 144 1
225 103 250 144 6
695 102 1034 138 EPISTULARUM

194 198 345 254 debeo,
384 198 538 253 laetor·
579 198 652 240 sed
689 201 820 253 certe,
863 198 935 252 qui
972 198 1054 239 tibi
1094 212 1146 239 ex
1176 212 1244 239 me
1275 199 1438 240 fructus
1469 197 1537 240 de·

193 233 369 313 bentui,
401 272 472 299 eos
503 233 720 299 uberiores
751 260 793 298 et
824 256 1131 311 praesentiores
1161 271 1358 311 praesens
1389 271 1536 312 capere

194 317 422 382 potuisses3
453 317 498 358 in
530 316 590 357 eis
620 331 721 357 velo
746 315 1008 370 ulciscendis,
1041 329 1147 370 quos
1171 315 1252 356 tibi
1277 315 1434 370 partim
1459 316 1536 357 ini-

194 376 328 417 micos
359 389 448 416 esse
479 375 693 430 intellegis
724 378 899 429 propter
923 377 1040 415 tuam
1065 374 1450 429 propugnationem
1474 389 1536 416 sa-

194 434 297 475 lutis
344 448 483 488 meae,
530 434 686 488 partim
735 433 923 474 invidere
971 436 1147 487 propter
1195 433 1309 474 illius
1358 433 1536 475 actionis
1573 444 1590 471 5

195 492 520 548 amplitudinem
557 496 598 533 et
636 492 837 547 gloriam,
868 491 1096 532 mirificum
1126 505 1194 533 me
1225 491 1306 532 tibi
1337 492 1537 534 comitem

195 551 502 607 praebuissem3
541 566 796 606 quamquam
827 550 899 591 ille
929 550 1126 605 perennis
1157 550 1353 591 inimicus
1384 551 1537 592 arnico-

196 625 291 652 rum
322 625 506 666 suorum,
540 611 612 664 qui
643 610 728 651 tuis
758 609 955 650 maximis
986 609 1202 650 beneficiis
1228 612 1400 651 ornatus
1425 610 1470 651 in
1493 612 1536 651 te

195 670 466 724 potissimum
515 670 691 710 fractam
734 668 852 709 illam
895 670 937 709 et
980 668 1245 709 debilitatam
1287 668 1374 710 vim
1417 683 1536 710 suam

198 728 394 783 contulit,
432 731 622 769 nostram
659 727 794 768 vicem
832 727 947 767 ultus
984 729 1047 768 est
1083 727 1172 781 ipse
1211 741 1310 768 sese.
1372 726 1436 768 Ea
1472 730 1536 768 est
1556 739 1589 764 10

197 787 310 828 enim
343 790 533 841 conatus,
574 786 727 840 quibus
765 785 987 840 patefactis
1017 786 1179 826 nullam
1210 786 1292 827 sibi
1323 786 1368 827 in
1398 789 1537 841 poste-

197 861 292 886 rum
334 860 420 886 non
460 845 586 886 modo
628 844 867 900 dignitatis,
912 845 984 885 sed
1022 859 1074 885 ne
1114 844 1325 885 libertatis
1365 844 1536 899 quidem

150 916 171 946 3
197 907 361 959 partem
393 904 576 958 reliquit.
638 903 696 944 Te
728 906 870 944 autem
900 903 979 944 etsi
1009 903 1180 945 mallem
1205 904 1249 944 in
1273 904 1379 944 meis
1409 903 1536 945 rebus

198 966 418 1018 expertum
444 977 570 1017 quam
602 962 731 1003 etiam
762 962 806 1003 in
835 962 933 1017 tuis,
964 965 1106 1004 tamen
1137 962 1181 1003 in
1211 962 1406 1004 molestia
1435 977 1536 1019 gau-

198 1022 274 1063 deo
319 1036 411 1062 eam
454 1021 581 1062 fidem
625 1032 827 1077 cognosse
869 1020 1092 1062 hominum
1140 1035 1227 1062 non
1274 1021 1335 1062 ita
1381 1036 1536 1077 magna
1555 1032 1588 1058 1⁵

196 1081 398 1135 mercede,
430 1095 557 1134 quam
588 1094 666 1136 ego
692 1080 878 1120 maximo
905 1080 1048 1121 dolore
1075 1094 1313 1136 cognoram.
1363 1079 1427 1121 De
1453 1094 1536 1134 qua

197 1140 360 1180 ratione
391 1142 483 1180 tota
513 1139 598 1179 iam
629 1138 797 1180 videtur
826 1138 934 1180 mihj
967 1139 1204 1193 exponendi
1234 1141 1402 1193 tempus
1433 1138 1535 1194 dari,

197 1201 244 1239 ut
276 1198 357 1239 tibi
388 1197 618 1238 rescribam
650 1198 703 1238 ad
733 1212 791 1251 ea,
824 1212 930 1252 quae
962 1198 1139 1252 quaeris.

148 1268 171 1298 4
286 1256 520 1297 Certiorem
559 1258 602 1297 te
642 1271 718 1311 per
756 1256 921 1297 litteras
959 1257 1109 1298 scribis
1146 1270 1234 1297 esse
1271 1256 1430 1297 factum
1466 1270 1535 1297 me

197 1330 292 1356 cum
332 1314 507 1356 Caesare
550 1316 592 1355 et
635 1329 730 1355 cum
767 1315 910 1369 Appio
949 1329 1038 1356 esse
1075 1315 1119 1356 in
1155 1315 1295 1371 gratia
1334 1318 1459 1369 teque
1490 1314 1535 1356 id
1553 1326 1588 1352 2⁰

195 1388 282 1415 non
313 1373 618 1428 reprehendere
650 1373 870 1429 adscribis3
909 1372 1131 1414 Vatinium
1171 1376 1312 1414 autem
1349 1374 1455 1415 scire
1491 1376 1534 1415 te

195 1433 303 1473 velle
344 1432 530 1473 ostendis
577 1432 731 1485 quibus
775 1432 900 1473 rebus
944 1432 1148 1472 adductus
1191 1431 1449 1473 defenderim
1492 1435 1534 1473 et

194 1491 414 1532 laudarim.
475 1490 598 1539 Quod
622 1490 703 1531 tibi
734 1493 781 1531 ut
812 1490 978 1545 planius
1004 1505 1223 1545 exponam,
1255 1490 1381 1531 altius
1405 1490 1533 1545 paulo

195 1550 403 1591 rationem
435 1549 709 1590 consiliorum
739 1563 931 1590 meorum
961 1552 1149 1603 repetam
1179 1563 1346 1590 necesse
1377 1551 1450 1590 est.

282 1607 378 1664 Ego
419 1623 507 1663 me,
550 1607 748 1662 Lentule,
798 1608 922 1649 initio
965 1622 1106 1649 rerum
1149 1610 1275 1662 atque
1318 1608 1534 1650 actionum
1552 1620 1586 1646 25

194 1670 364 1708 tuarum
393 1681 480 1708 non
512 1666 649 1707 solum
680 1666 805 1721 meis,
838 1667 910 1707 sed
941 1667 1067 1707 etiam
1099 1666 1159 1707 rei
1190 1666 1384 1721 publicae
1415 1667 1535 1708 resti-

193 1728 335 1766 tutum
364 1725 568 1780 putabam
593 1728 646 1780 et,
678 1725 878 1779 quoniam
902 1725 983 1766 tibi
1007 1725 1299 1766 incredibilem
1325 1725 1534 1780 quendam

194 1799 381 1825 amorem
422 1787 463 1825 et
504 1784 646 1825 omnia
685 1784 730 1825 in
766 1787 808 1825 te
845 1784 984 1839 ipsum
1021 1799 1185 1826 summa
1223 1799 1270 1826 ac
1301 1784 1534 1840 singularia

195 1843 334 1884 studia
361 1843 568 1897 deberem,
594 1843 656 1884 rei
679 1842 885 1898 publicae,
913 1857 1018 1897 quae
1042 1846 1084 1884 10
1110 1843 1155 1884 111
1179 1857 1247 1884 1110
1272 1842 1532 1884 restituendo

193 1902 377 1943 multum
408 1902 654 1957 adiuvisset,
692 1916 788 1943 eum
829 1904 940 1943 certe
970 1916 1038 1943 me
1070 1902 1258 1943 animum
1288 1901 1440 1942 merito
1471 1901 1532 1956 ip·
1550 1913 1585 1939 ³0

194 1961 280 2002 sius
312 1961 463 2002 debere
495 1960 744 2015 arbitrabar,
777 1975 901 2015 quem
933 1963 1055 2001 antea
1079 1963 1245 2001 tantum
1269 1959 1395 2001 modo
1422 1973 1532 2001 com—

193 2020 312 2061 muni
345 2019 486 2061 officio
519 2020 686 2074 civium,
718 2034 805 2060 non
836 2019 978 2074 aliquo
1010 2034 1110 2075 erga
1140 2033 1207 2060 1110
1233 2018 1437 2073 singulari
1463 2018 1533 2060 be-

193 2079 344 2120 neficio
384 2078 574 2119 debitum
610 2078 926 2133 praestitissem.
993 2077 1085 2119 Hac
1122 2092 1188 2118 me
1225 2079 1365 2118 mente
1402 2077 1532 2118 fuisse

195 2140 236 2178 et
267 2140 436 2178 senatus
474 2152 526 2178 ex
561 2152 629 2179 me
660 2139 702 2178 te
741 2137 911 2178 consule
951 2136 1112 2177 audivit
1149 2138 1191 2176 01
1221 2138 1268 2175 111
1299 2135 1343 2175 111
1374 2135 1532 2176 nostris

147 2205 167 2236 ὃ
195 2196 459 2237 sermonibus
491 2196 941 2250 conlocutionibusque
969 2193 1094 2249 [ipse]
1121 2193 1276 2234 vidisti.
1326 2192 1419 2235 Etsi
1445 2194 1531 2235 iam
1549 2205 1582 2231 35

192 2254 342 2307 primis
373 2255 637 2309 temporibus
662 2255 748 2296 illis
773 2255 920 2296 multis
945 2253 1070 2294 rebus
1096 2266 1214 2293 meus
1240 2252 1532 2294 offendebatur

193 2313 368 2368 animus,
401 2328 495 2354 cum
526 2316 567 2355 te
600 2316 750 2370 agente
782 2313 832 2354 de
864 2311 1026 2366 reliqua
1054 2313 1201 2352 nostra
1226 2310 1431 2367 dignitate
1457 2313 1531 2352 aut
