<?xml version="1.0" encoding="UTF-8"?>
<!DOCTYPE html PUBLIC "-//W3C//DTD XHTML 1.0 Transitional//EN"
    "http://www.w3.org/TR/xhtml1/DTD/xhtml1-transitional.dtd">
<html xmlns="http://www.w3.org/1999/xhtml" xml:lang="en" lang="en">
 <head>
  <title>
</title>
<meta http-equiv="Content-Type" content="text/html;charset=utf-8" />
  <meta name='ocr-system' content='tesseract 3.04.00' />
  <meta name='ocr-capabilities' content='ocr_page ocr_carea ocr_par ocr_line ocrx_word'/>
</head>
<body>
  <div class='ocr_page' id='page_1' title='image "./p1scriptaquaemanse03ciceuoft_0484.png"; bbox 0 0 1659 2552; ppageno 0'>
   <div class='ocr_carea' id='block_1_1' title="bbox 192 101 1027 143">
    <p class='ocr_par' dir='ltr' id='par_1_1' title="bbox 192 101 1027 143">
     <span class='ocr_line' id='line_1_1' title="bbox 192 101 1027 143; baseline -0.005 -4"><span class='ocrx_word' id='word_1_1' title='bbox 192 101 278 143; x_wconf 74' lang='lat'>380</span> <span class='ocrx_word' id='word_1_2' title='bbox 686 101 1027 136; x_wconf 79' lang='lat' dir='ltr'><strong>EPISTULARUM</strong></span> 
     </span>
    </p>
   </div>
   <div class='ocr_carea' id='block_1_2' title="bbox 513 241 1217 369">
    <p class='ocr_par' dir='ltr' id='par_1_2' title="bbox 513 241 1217 369">
     <span class='ocr_line' id='line_1_2' title="bbox 808 241 924 284; baseline 0.017 -2"><span class='ocrx_word' id='word_1_3' title='bbox 808 241 924 284; x_wconf 75' lang='grc' dir='ltr'>ΧΠ.</span> 
     </span>
     <span class='ocr_line' id='line_1_3' title="bbox 513 324 1217 369; baseline 0 -10"><span class='ocrx_word' id='word_1_4' title='bbox 513 325 586 359; x_wconf 75' lang='lat' dir='ltr'>Ser.</span> <span class='ocrx_word' id='word_1_5' title='bbox 621 324 751 359; x_wconf 78' lang='lat' dir='ltr'>Romae</span> <span class='ocrx_word' id='word_1_6' title='bbox 772 324 887 367; x_wconf 76' lang='lat' dir='ltr'>paulo</span> <span class='ocrx_word' id='word_1_7' title='bbox 908 329 992 368; x_wconf 76' lang='lat' dir='ltr'>post</span> <span class='ocrx_word' id='word_1_8' title='bbox 1017 335 1070 369; x_wconf 76' lang='lat' dir='ltr'>ep.</span> <span class='ocrx_word' id='word_1_9' title='bbox 1099 324 1217 359; x_wconf 84' lang='lat' dir='ltr'><em>XIII.</em></span> 
     </span>
    </p>
   </div>
   <div class='ocr_carea' id='block_1_3' title="bbox 660 404 1079 441">
    <p class='ocr_par' dir='ltr' id='par_1_3' title="bbox 660 404 1079 441">
     <span class='ocr_line' id='line_1_4' title="bbox 660 404 1079 441; baseline 0.002 -1"><span class='ocrx_word' id='word_1_10' title='bbox 660 404 829 440; x_wconf 82' lang='lat' dir='ltr'><em>CICERO</em></span> <span class='ocrx_word' id='word_1_11' title='bbox 857 405 1017 440; x_wconf 89' lang='lat' dir='ltr'>BRUTO</span> <span class='ocrx_word' id='word_1_12' title='bbox 1046 406 1079 441; x_wconf 82' lang='lat' dir='ltr'>S.</span> 
     </span>
    </p>
   </div>
   <div class='ocr_carea' id='block_1_4' title="bbox 194 488 1600 1428">
    <p class='ocr_par' dir='ltr' id='par_1_4' title="bbox 194 488 1600 1428">
     <span class='ocr_line' id='line_1_5' title="bbox 279 488 1542 545; baseline 0.002 -15"><span class='ocrx_word' id='word_1_13' title='bbox 279 488 325 530; x_wconf 91' lang='lat' dir='ltr'>L.</span> <span class='ocrx_word' id='word_1_14' title='bbox 358 489 472 531; x_wconf 90' lang='lat' dir='ltr'>Titio</span> <span class='ocrx_word' id='word_1_15' title='bbox 507 489 733 544; x_wconf 80' lang='lat' dir='ltr'><strong>Strabone,</strong></span> <span class='ocrx_word' id='word_1_16' title='bbox 776 489 918 543; x_wconf 88' lang='lat' dir='ltr'>equite</span> <span class='ocrx_word' id='word_1_17' title='bbox 949 489 998 530; x_wconf 89' lang='lat' dir='ltr'>R.</span> <span class='ocrx_word' id='word_1_18' title='bbox 1032 490 1076 531; x_wconf 93' lang='lat' dir='ltr'>in</span> <span class='ocrx_word' id='word_1_19' title='bbox 1107 491 1257 545; x_wconf 84' lang='lat' dir='ltr'>primis</span> <span class='ocrx_word' id='word_1_20' title='bbox 1288 491 1467 533; x_wconf 88' lang='lat' dir='ltr'>honesto</span> <span class='ocrx_word' id='word_1_21' title='bbox 1500 494 1542 533; x_wconf 88' lang='lat' dir='ltr'>et</span> 
     </span>
     <span class='ocr_line' id='line_1_6' title="bbox 195 548 1597 604; baseline 0.001 -14"><span class='ocrx_word' id='word_1_22' title='bbox 195 552 356 604; x_wconf 87' lang='lat' dir='ltr'>ornato,</span> <span class='ocrx_word' id='word_1_23' title='bbox 390 548 720 590; x_wconf 76' lang='lat' dir='ltr'>familiarissime</span> <span class='ocrx_word' id='word_1_24' title='bbox 752 551 867 603; x_wconf 81' lang='lat' dir='ltr'>ut0r3</span> <span class='ocrx_word' id='word_1_25' title='bbox 901 549 1042 590; x_wconf 89' lang='lat' dir='ltr'>omnia</span> <span class='ocrx_word' id='word_1_26' title='bbox 1074 550 1180 590; x_wconf 91' lang='lat' dir='ltr'>mihi</span> <span class='ocrx_word' id='word_1_27' title='bbox 1208 564 1302 591; x_wconf 79' lang='lat' dir='ltr'>cum</span> <span class='ocrx_word' id='word_1_28' title='bbox 1335 565 1383 591; x_wconf 93' lang='lat' dir='ltr'>eo</span> <span class='ocrx_word' id='word_1_29' title='bbox 1416 551 1543 592; x_wconf 88' lang='lat' dir='ltr'>inter·</span> <span class='ocrx_word' id='word_1_30' title='bbox 1581 561 1597 587; x_wconf 88' lang='lat'><strong>5</strong></span> 
     </span>
     <span class='ocr_line' id='line_1_7' title="bbox 195 608 1544 664; baseline 0.001 -15"><span class='ocrx_word' id='word_1_31' title='bbox 195 608 349 649; x_wconf 74' lang='lat' dir='ltr'>cedunt</span> <span class='ocrx_word' id='word_1_32' title='bbox 380 608 472 648; x_wconf 87' lang='lat' dir='ltr'>iura</span> <span class='ocrx_word' id='word_1_33' title='bbox 505 621 692 648; x_wconf 84' lang='lat' dir='ltr'>summae</span> <span class='ocrx_word' id='word_1_34' title='bbox 725 608 1058 649; x_wconf 78' lang='lat' dir='ltr'>necessitudinis.</span> <span class='ocrx_word' id='word_1_35' title='bbox 1120 608 1233 649; x_wconf 79' lang='lat' dir='ltr'>Huic</span> <span class='ocrx_word' id='word_1_36' title='bbox 1264 609 1307 650; x_wconf 91' lang='lat' dir='ltr'>in</span> <span class='ocrx_word' id='word_1_37' title='bbox 1346 613 1419 650; x_wconf 90' lang='lat' dir='ltr'>tua</span> <span class='ocrx_word' id='word_1_38' title='bbox 1449 624 1544 664; x_wconf 84' lang='lat' dir='ltr'>pro-</span> 
     </span>
     <span class='ocr_line' id='line_1_8' title="bbox 194 666 1545 720; baseline 0.001 -13"><span class='ocrx_word' id='word_1_39' title='bbox 194 667 333 707; x_wconf 72' lang='lat' dir='ltr'>vincia</span> <span class='ocrx_word' id='word_1_40' title='bbox 364 666 587 720; x_wconf 77' lang='lat' dir='ltr'>pecuniam</span> <span class='ocrx_word' id='word_1_41' title='bbox 621 666 745 707; x_wconf 86' lang='lat' dir='ltr'>debet</span> <span class='ocrx_word' id='word_1_42' title='bbox 777 666 822 706; x_wconf 92' lang='lat' dir='ltr'>P.</span> <span class='ocrx_word' id='word_1_43' title='bbox 857 666 1088 708; x_wconf 83' lang='lat' dir='ltr'>Cornelius.</span> <span class='ocrx_word' id='word_1_44' title='bbox 1153 667 1215 708; x_wconf 89' lang='lat' dir='ltr'>Ea</span> <span class='ocrx_word' id='word_1_45' title='bbox 1247 682 1314 708; x_wconf 88' lang='lat' dir='ltr'>res</span> <span class='ocrx_word' id='word_1_46' title='bbox 1345 684 1368 709; x_wconf 90' lang='lat' dir='ltr'>a</span> <span class='ocrx_word' id='word_1_47' title='bbox 1394 668 1545 709; x_wconf 84' lang='lat' dir='ltr'>Volca-</span> 
     </span>
     <span class='ocr_line' id='line_1_9' title="bbox 196 724 1544 780; baseline 0.002 -15"><span class='ocrx_word' id='word_1_48' title='bbox 196 726 278 780; x_wconf 78' lang='lat' dir='ltr'>cio,</span> <span class='ocrx_word' id='word_1_49' title='bbox 312 725 384 779; x_wconf 86' lang='lat' dir='ltr'>qui</span> <span class='ocrx_word' id='word_1_50' title='bbox 416 724 577 765; x_wconf 79' lang='lat' dir='ltr'>Romae</span> <span class='ocrx_word' id='word_1_51' title='bbox 610 725 675 765; x_wconf 90' lang='lat' dir='ltr'>ius</span> <span class='ocrx_word' id='word_1_52' title='bbox 709 725 822 779; x_wconf 83' lang='lat' dir='ltr'>dicit,</span> <span class='ocrx_word' id='word_1_53' title='bbox 856 726 1011 766; x_wconf 81' lang='lat' dir='ltr'>reiecta</span> <span class='ocrx_word' id='word_1_54' title='bbox 1041 726 1085 766; x_wconf 92' lang='lat' dir='ltr'>in</span> <span class='ocrx_word' id='word_1_55' title='bbox 1114 724 1295 767; x_wconf 84' lang='lat' dir='ltr'>Galliam</span> <span class='ocrx_word' id='word_1_56' title='bbox 1321 730 1394 768; x_wconf 81' lang='lat' dir='ltr'>est.</span> <span class='ocrx_word' id='word_1_57' title='bbox 1439 726 1544 768; x_wconf 88' lang='lat' dir='ltr'>Peto</span> 
     </span>
     <span class='ocr_line' id='line_1_10' title="bbox 196 784 1545 840; baseline 0.001 -15"><span class='ocrx_word' id='word_1_58' title='bbox 196 800 218 824; x_wconf 87' lang='lat' dir='ltr'>a</span> <span class='ocrx_word' id='word_1_59' title='bbox 250 787 291 825; x_wconf 90' lang='lat' dir='ltr'>te</span> <span class='ocrx_word' id='word_1_60' title='bbox 329 784 410 825; x_wconf 75' lang='lat' dir='ltr'>hoc</span> <span class='ocrx_word' id='word_1_61' title='bbox 443 784 707 839; x_wconf 86' lang='lat' dir='ltr'>diligentius,</span> <span class='ocrx_word' id='word_1_62' title='bbox 747 799 873 837; x_wconf 89' lang='lat' dir='ltr'>quam</span> <span class='ocrx_word' id='word_1_63' title='bbox 906 784 939 825; x_wconf 90' lang='lat' dir='ltr'>si</span> <span class='ocrx_word' id='word_1_64' title='bbox 972 799 1065 825; x_wconf 88' lang='lat' dir='ltr'>mea</span> <span class='ocrx_word' id='word_1_65' title='bbox 1103 799 1169 826; x_wconf 90' lang='lat' dir='ltr'>res</span> <span class='ocrx_word' id='word_1_66' title='bbox 1201 788 1326 839; x_wconf 89' lang='lat' dir='ltr'>esset,</span> <span class='ocrx_word' id='word_1_67' title='bbox 1366 800 1449 840; x_wconf 92' lang='lat' dir='ltr'>quo</span> <span class='ocrx_word' id='word_1_68' title='bbox 1482 789 1545 827; x_wconf 82' lang='lat' dir='ltr'>est</span> 
     </span>
     <span class='ocr_line' id='line_1_11' title="bbox 194 843 1600 899; baseline 0.002 -16"><span class='ocrx_word' id='word_1_69' title='bbox 194 843 415 884; x_wconf 76' lang='lat' dir='ltr'>honestius</span> <span class='ocrx_word' id='word_1_70' title='bbox 448 843 497 883; x_wconf 92' lang='lat' dir='ltr'>de</span> <span class='ocrx_word' id='word_1_71' title='bbox 529 843 762 883; x_wconf 83' lang='lat' dir='ltr'>amicorum</span> <span class='ocrx_word' id='word_1_72' title='bbox 794 843 973 897; x_wconf 82' lang='lat' dir='ltr'>pecunia</span> <span class='ocrx_word' id='word_1_73' title='bbox 997 843 1191 884; x_wconf 86' lang='lat' dir='ltr'>laborare</span> <span class='ocrx_word' id='word_1_74' title='bbox 1224 859 1350 898; x_wconf 86' lang='lat' dir='ltr'>quam</span> <span class='ocrx_word' id='word_1_75' title='bbox 1377 845 1426 885; x_wconf 89' lang='lat' dir='ltr'>de</span> <span class='ocrx_word' id='word_1_76' title='bbox 1458 859 1544 899; x_wconf 86' lang='lat' dir='ltr'>sua,</span> <span class='ocrx_word' id='word_1_77' title='bbox 1565 856 1600 881; x_wconf 94' lang='lat'>10</span> 
     </span>
     <span class='ocr_line' id='line_1_12' title="bbox 195 901 1545 957; baseline 0.001 -15"><span class='ocrx_word' id='word_1_78' title='bbox 195 905 243 942; x_wconf 89' lang='lat' dir='ltr'>ut</span> <span class='ocrx_word' id='word_1_79' title='bbox 274 901 495 957; x_wconf 76' lang='lat' dir='ltr'>negotium</span> <span class='ocrx_word' id='word_1_80' title='bbox 529 902 837 942; x_wconf 75' lang='lat' dir='ltr'>conficiendum</span> <span class='ocrx_word' id='word_1_81' title='bbox 870 916 1005 956; x_wconf 83' lang='lat' dir='ltr'>eures,</span> <span class='ocrx_word' id='word_1_82' title='bbox 1038 903 1127 957; x_wconf 85' lang='lat' dir='ltr'>ipse</span> <span class='ocrx_word' id='word_1_83' title='bbox 1160 903 1379 957; x_wconf 77' lang='lat' dir='ltr'>suscipias,</span> <span class='ocrx_word' id='word_1_84' title='bbox 1412 906 1545 945; x_wconf 84' lang='lat' dir='ltr'>trans-</span> 
     </span>
     <span class='ocr_line' id='line_1_13' title="bbox 197 960 1545 1015; baseline 0.001 -14"><span class='ocrx_word' id='word_1_85' title='bbox 197 961 288 1015; x_wconf 83' lang='lat' dir='ltr'>igas</span> <span class='ocrx_word' id='word_1_86' title='bbox 336 975 592 1014; x_wconf 83' lang='lat' dir='ltr'>operamque</span> <span class='ocrx_word' id='word_1_87' title='bbox 641 960 732 1015; x_wconf 89' lang='lat' dir='ltr'>des,</span> <span class='ocrx_word' id='word_1_88' title='bbox 778 961 917 1014; x_wconf 87' lang='lat' dir='ltr'>quoad</span> <span class='ocrx_word' id='word_1_89' title='bbox 957 961 1038 1002; x_wconf 87' lang='lat' dir='ltr'>tibi</span> <span class='ocrx_word' id='word_1_90' title='bbox 1079 976 1260 1015; x_wconf 90' lang='lat' dir='ltr'>aequum</span> <span class='ocrx_word' id='word_1_91' title='bbox 1302 966 1343 1003; x_wconf 90' lang='lat' dir='ltr'>et</span> <span class='ocrx_word' id='word_1_92' title='bbox 1384 966 1545 1003; x_wconf 86' lang='lat' dir='ltr'>rectum</span> 
     </span>
     <span class='ocr_line' id='line_1_14' title="bbox 195 1019 1546 1074; baseline 0.001 -14"><span class='ocrx_word' id='word_1_93' title='bbox 195 1019 428 1074; x_wconf 79' lang='lat' dir='ltr'>videbitur,</span> <span class='ocrx_word' id='word_1_94' title='bbox 470 1022 517 1060; x_wconf 92' lang='lat' dir='ltr'>ut</span> <span class='ocrx_word' id='word_1_95' title='bbox 549 1034 675 1073; x_wconf 89' lang='lat' dir='ltr'>quam</span> <span class='ocrx_word' id='word_1_96' title='bbox 709 1020 1051 1060; x_wconf 77' lang='lat' dir='ltr'>commodissima</span> <span class='ocrx_word' id='word_1_97' title='bbox 1089 1021 1334 1062; x_wconf 79' lang='lat' dir='ltr'>condicione</span> <span class='ocrx_word' id='word_1_98' title='bbox 1366 1021 1546 1062; x_wconf 86' lang='lat' dir='ltr'>libertus</span> 
     </span>
     <span class='ocr_line' id='line_1_15' title="bbox 198 1078 1546 1135; baseline 0.002 -17"><span class='ocrx_word' id='word_1_99' title='bbox 198 1078 433 1133; x_wconf 75' lang='lat' dir='ltr'>Strabonis,</span> <span class='ocrx_word' id='word_1_100' title='bbox 466 1078 539 1132; x_wconf 87' lang='lat' dir='ltr'>qui</span> <span class='ocrx_word' id='word_1_101' title='bbox 566 1079 655 1119; x_wconf 89' lang='lat' dir='ltr'>eius</span> <span class='ocrx_word' id='word_1_102' title='bbox 682 1079 742 1119; x_wconf 89' lang='lat' dir='ltr'>rei</span> <span class='ocrx_word' id='word_1_103' title='bbox 769 1092 893 1119; x_wconf 80' lang='lat' dir='ltr'>causa</span> <span class='ocrx_word' id='word_1_104' title='bbox 918 1079 1072 1120; x_wconf 85' lang='lat' dir='ltr'>missus</span> <span class='ocrx_word' id='word_1_105' title='bbox 1098 1082 1171 1134; x_wconf 83' lang='lat' dir='ltr'>est,</span> <span class='ocrx_word' id='word_1_106' title='bbox 1203 1080 1424 1135; x_wconf 75' lang='lat' dir='ltr'>negotium</span> <span class='ocrx_word' id='word_1_107' title='bbox 1451 1094 1546 1121; x_wconf 85' lang='lat' dir='ltr'>con-</span> 
     </span>
     <span class='ocr_line' id='line_1_16' title="bbox 197 1137 1599 1194; baseline 0.001 -17"><span class='ocrx_word' id='word_1_108' title='bbox 197 1137 312 1178; x_wconf 81' lang='lat' dir='ltr'>ficiat</span> <span class='ocrx_word' id='word_1_109' title='bbox 349 1137 401 1177; x_wconf 90' lang='lat' dir='ltr'>ad</span> <span class='ocrx_word' id='word_1_110' title='bbox 438 1152 719 1191; x_wconf 89' lang='lat' dir='ltr'>nummosque</span> <span class='ocrx_word' id='word_1_111' title='bbox 757 1137 987 1191; x_wconf 85' lang='lat' dir='ltr'>perveniat.</span> <span class='ocrx_word' id='word_1_112' title='bbox 1048 1137 1098 1178; x_wconf 88' lang='lat' dir='ltr'>Id</span> <span class='ocrx_word' id='word_1_113' title='bbox 1136 1141 1177 1179; x_wconf 87' lang='lat' dir='ltr'>et</span> <span class='ocrx_word' id='word_1_114' title='bbox 1214 1138 1320 1179; x_wconf 93' lang='lat' dir='ltr'>mihi</span> <span class='ocrx_word' id='word_1_115' title='bbox 1358 1139 1599 1194; x_wconf 79' lang='lat' dir='ltr'>gratissi-15</span> 
     </span>
     <span class='ocr_line' id='line_1_17' title="bbox 197 1195 1546 1252; baseline 0.001 -16"><span class='ocrx_word' id='word_1_116' title='bbox 197 1211 315 1237; x_wconf 90' lang='lat' dir='ltr'>mum</span> <span class='ocrx_word' id='word_1_117' title='bbox 357 1196 453 1250; x_wconf 85' lang='lat' dir='ltr'>erit,</span> <span class='ocrx_word' id='word_1_118' title='bbox 499 1198 539 1236; x_wconf 89' lang='lat' dir='ltr'>et</span> <span class='ocrx_word' id='word_1_119' title='bbox 580 1199 627 1236; x_wconf 85' lang='lat' dir='ltr'>tu</span> <span class='ocrx_word' id='word_1_120' title='bbox 668 1196 758 1250; x_wconf 89' lang='lat' dir='ltr'>ipse</span> <span class='ocrx_word' id='word_1_121' title='bbox 801 1195 846 1236; x_wconf 90' lang='lat' dir='ltr'>L.</span> <span class='ocrx_word' id='word_1_122' title='bbox 886 1196 1047 1237; x_wconf 89' lang='lat' dir='ltr'>Titium</span> <span class='ocrx_word' id='word_1_123' title='bbox 1089 1211 1315 1252; x_wconf 80' lang='lat' dir='ltr'>cognosces</span> <span class='ocrx_word' id='word_1_124' title='bbox 1360 1198 1546 1238; x_wconf 85' lang='lat' dir='ltr'>amicitia</span> 
     </span>
     <span class='ocr_line' id='line_1_18' title="bbox 198 1254 1546 1310; baseline 0 -14"><span class='ocrx_word' id='word_1_125' title='bbox 198 1258 272 1296; x_wconf 90' lang='lat' dir='ltr'>tua</span> <span class='ocrx_word' id='word_1_126' title='bbox 311 1255 621 1310; x_wconf 84' lang='lat' dir='ltr'>dignissimum.</span> <span class='ocrx_word' id='word_1_127' title='bbox 684 1254 807 1304; x_wconf 83' lang='lat' dir='ltr'>Quod</span> <span class='ocrx_word' id='word_1_128' title='bbox 843 1258 891 1295; x_wconf 91' lang='lat' dir='ltr'>ut</span> <span class='ocrx_word' id='word_1_129' title='bbox 929 1255 1010 1295; x_wconf 89' lang='lat' dir='ltr'>tibi</span> <span class='ocrx_word' id='word_1_130' title='bbox 1049 1270 1171 1296; x_wconf 85' lang='lat' dir='ltr'>curae</span> <span class='ocrx_word' id='word_1_131' title='bbox 1210 1256 1280 1310; x_wconf 81' lang='lat' dir='ltr'>sit,</span> <span class='ocrx_word' id='word_1_132' title='bbox 1319 1260 1365 1297; x_wconf 90' lang='lat' dir='ltr'>ut</span> <span class='ocrx_word' id='word_1_133' title='bbox 1404 1256 1546 1298; x_wconf 91' lang='lat' dir='ltr'>omnia</span> 
     </span>
     <span class='ocr_line' id='line_1_19' title="bbox 199 1313 1545 1369; baseline 0.001 -14"><span class='ocrx_word' id='word_1_134' title='bbox 199 1314 337 1355; x_wconf 85' lang='lat' dir='ltr'>solent</span> <span class='ocrx_word' id='word_1_135' title='bbox 376 1328 482 1368; x_wconf 85' lang='lat' dir='ltr'>esse,</span> <span class='ocrx_word' id='word_1_136' title='bbox 521 1328 627 1367; x_wconf 87' lang='lat' dir='ltr'>quae</span> <span class='ocrx_word' id='word_1_137' title='bbox 663 1328 731 1354; x_wconf 93' lang='lat' dir='ltr'>me</span> <span class='ocrx_word' id='word_1_138' title='bbox 763 1313 871 1354; x_wconf 84' lang='lat' dir='ltr'>velle</span> <span class='ocrx_word' id='word_1_139' title='bbox 904 1314 1000 1369; x_wconf 83' lang='lat' dir='ltr'>scis,</span> <span class='ocrx_word' id='word_1_140' title='bbox 1042 1317 1083 1355; x_wconf 84' lang='lat' dir='ltr'>te</span> <span class='ocrx_word' id='word_1_141' title='bbox 1115 1314 1387 1356; x_wconf 84' lang='lat' dir='ltr'>vehementer</span> <span class='ocrx_word' id='word_1_142' title='bbox 1417 1315 1545 1356; x_wconf 87' lang='lat' dir='ltr'>etiam</span> 
     </span>
     <span class='ocr_line' id='line_1_20' title="bbox 198 1372 635 1428; baseline -0.002 -15"><span class='ocrx_word' id='word_1_143' title='bbox 198 1376 325 1427; x_wconf 86' lang='lat' dir='ltr'>atque</span> <span class='ocrx_word' id='word_1_144' title='bbox 358 1372 486 1413; x_wconf 84' lang='lat' dir='ltr'>etiam</span> <span class='ocrx_word' id='word_1_145' title='bbox 518 1386 635 1428; x_wconf 88' lang='lat' dir='ltr'>rogo.</span> 
     </span>
    </p>
   </div>
   <div class='ocr_carea' id='block_1_5' title="bbox 351 1499 1598 1625">
    <p class='ocr_par' dir='ltr' id='par_1_5' title="bbox 351 1499 1598 1625">
     <span class='ocr_line' id='line_1_21' title="bbox 827 1499 1598 1541; baseline -0.005 0"><span class='ocrx_word' id='word_1_146' title='bbox 827 1499 923 1541; x_wconf 82' lang='lat' dir='ltr'>XV.-</span> <span class='ocrx_word' id='word_1_147' title='bbox 1565 1514 1598 1537; x_wconf 73' lang='lat'>20</span> 
     </span>
     <span class='ocr_line' id='line_1_22' title="bbox 351 1581 1392 1625; baseline -0.001 -9"><span class='ocrx_word' id='word_1_148' title='bbox 351 1581 426 1616; x_wconf 81' lang='lat' dir='ltr'>Ser.</span> <span class='ocrx_word' id='word_1_149' title='bbox 454 1581 591 1616; x_wconf 83' lang='lat' dir='ltr'>Romae</span> <span class='ocrx_word' id='word_1_150' title='bbox 615 1581 669 1615; x_wconf 81' lang='lat' dir='ltr'>vel</span> <span class='ocrx_word' id='word_1_151' title='bbox 694 1592 746 1616; x_wconf 65' lang='grc' dir='ltr'>επ.</span> <span class='ocrx_word' id='word_1_152' title='bbox 774 1592 807 1615; x_wconf 86' lang='grc' dir='ltr'>α.</span> <span class='ocrx_word' id='word_1_153' title='bbox 837 1583 910 1616; x_wconf 83' lang='grc'>708</span> <span class='ocrx_word' id='word_1_154' title='bbox 939 1583 1017 1624; x_wconf 77' lang='grc'><em>(46)</em></span> <span class='ocrx_word' id='word_1_155' title='bbox 1044 1582 1099 1616; x_wconf 71' lang='lat' dir='ltr'>vel</span> <span class='ocrx_word' id='word_1_156' title='bbox 1124 1582 1173 1615; x_wconf 75' lang='lat' dir='ltr'>in.</span> <span class='ocrx_word' id='word_1_157' title='bbox 1203 1583 1275 1616; x_wconf 88' lang='lat'>709</span> <span class='ocrx_word' id='word_1_158' title='bbox 1302 1583 1392 1625; x_wconf 79' lang='lat'><em>(45).</em></span> 
     </span>
    </p>
   </div>
   <div class='ocr_carea' id='block_1_6' title="bbox 583 1661 1167 1698">
    <p class='ocr_par' dir='ltr' id='par_1_6' title="bbox 583 1661 1167 1698">
     <span class='ocr_line' id='line_1_23' title="bbox 583 1661 1167 1698; baseline 0 -1"><span class='ocrx_word' id='word_1_159' title='bbox 583 1661 750 1697; x_wconf 82' lang='lat' dir='ltr'><em>CICERO</em></span> <span class='ocrx_word' id='word_1_160' title='bbox 779 1661 981 1696; x_wconf 75' lang='lat' dir='ltr'>CAESAR-1</span> <span class='ocrx_word' id='word_1_161' title='bbox 1010 1663 1106 1698; x_wconf 89' lang='lat' dir='ltr'><em>IMP.</em></span> <span class='ocrx_word' id='word_1_162' title='bbox 1133 1662 1167 1697; x_wconf 82' lang='lat' dir='ltr'>S.</span> 
     </span>
    </p>
   </div>
   <div class='ocr_carea' id='block_1_7' title="bbox 197 1758 1599 2284">
    <p class='ocr_par' dir='ltr' id='par_1_7' title="bbox 197 1758 1599 2284">
     <span class='ocr_line' id='line_1_24' title="bbox 286 1758 1546 1814; baseline 0.001 -15"><span class='ocrx_word' id='word_1_163' title='bbox 286 1758 516 1800; x_wconf 84' lang='lat' dir='ltr'>Precilium</span> <span class='ocrx_word' id='word_1_164' title='bbox 547 1758 629 1799; x_wconf 89' lang='lat' dir='ltr'>tibi</span> <span class='ocrx_word' id='word_1_165' title='bbox 656 1758 904 1799; x_wconf 81' lang='lat' dir='ltr'>commendo</span> <span class='ocrx_word' id='word_1_166' title='bbox 938 1758 1071 1813; x_wconf 79' lang='lat' dir='ltr'>unice,</span> <span class='ocrx_word' id='word_1_167' title='bbox 1103 1760 1167 1800; x_wconf 89' lang='lat' dir='ltr'>tui</span> <span class='ocrx_word' id='word_1_168' title='bbox 1195 1759 1431 1814; x_wconf 84' lang='lat' dir='ltr'>necessarii,</span> <span class='ocrx_word' id='word_1_169' title='bbox 1462 1759 1546 1800; x_wconf 88' lang='lat' dir='ltr'>mei</span> 
     </span>
     <span class='ocr_line' id='line_1_25' title="bbox 200 1817 1547 1871; baseline 0.001 -13"><span class='ocrx_word' id='word_1_170' title='bbox 200 1818 542 1871; x_wconf 70' lang='lat' dir='ltr'>familiarissimi,</span> <span class='ocrx_word' id='word_1_171' title='bbox 587 1817 668 1858; x_wconf 82' lang='lat' dir='ltr'>viri</span> <span class='ocrx_word' id='word_1_172' title='bbox 708 1817 877 1871; x_wconf 87' lang='lat' dir='ltr'>optimi,</span> <span class='ocrx_word' id='word_1_173' title='bbox 915 1817 1063 1858; x_wconf 88' lang='lat' dir='ltr'>filium.</span> <span class='ocrx_word' id='word_1_174' title='bbox 1132 1817 1266 1867; x_wconf 84' lang='lat' dir='ltr'>Quem</span> <span class='ocrx_word' id='word_1_175' title='bbox 1310 1832 1405 1859; x_wconf 84' lang='lat' dir='ltr'>cum</span> <span class='ocrx_word' id='word_1_176' title='bbox 1448 1818 1547 1859; x_wconf 88' lang='lat' dir='ltr'>adu-</span> 
     </span>
     <span class='ocr_line' id='line_1_26' title="bbox 197 1876 1599 1931; baseline 0 -14"><span class='ocrx_word' id='word_1_177' title='bbox 197 1877 426 1918; x_wconf 82' lang='lat' dir='ltr'>lescentem</span> <span class='ocrx_word' id='word_1_178' title='bbox 451 1877 591 1930; x_wconf 89' lang='lat' dir='ltr'>ipsum</span> <span class='ocrx_word' id='word_1_179' title='bbox 622 1879 798 1930; x_wconf 86' lang='lat' dir='ltr'>propter</span> <span class='ocrx_word' id='word_1_180' title='bbox 824 1876 912 1916; x_wconf 91' lang='lat' dir='ltr'>eius</span> <span class='ocrx_word' id='word_1_181' title='bbox 938 1876 1201 1931; x_wconf 86' lang='lat' dir='ltr'>modestiam,</span> <span class='ocrx_word' id='word_1_182' title='bbox 1226 1877 1545 1931; x_wconf 87' lang='lat' dir='ltr'>humanitatem,</span> <span class='ocrx_word' id='word_1_183' title='bbox 1566 1887 1599 1912; x_wconf 81' lang='lat'>25</span> 
     </span>
     <span class='ocr_line' id='line_1_27' title="bbox 199 1934 1546 1990; baseline -0.001 -14"><span class='ocrx_word' id='word_1_184' title='bbox 199 1937 388 1976; x_wconf 88' lang='lat' dir='ltr'>animum</span> <span class='ocrx_word' id='word_1_185' title='bbox 414 1938 456 1976; x_wconf 91' lang='lat' dir='ltr'>et</span> <span class='ocrx_word' id='word_1_186' title='bbox 482 1949 668 1976; x_wconf 89' lang='lat' dir='ltr'>amorem</span> <span class='ocrx_word' id='word_1_187' title='bbox 696 1949 796 1990; x_wconf 87' lang='lat' dir='ltr'>erga</span> <span class='ocrx_word' id='word_1_188' title='bbox 820 1949 887 1975; x_wconf 92' lang='lat' dir='ltr'>me</span> <span class='ocrx_word' id='word_1_189' title='bbox 915 1935 1172 1990; x_wconf 83' lang='lat' dir='ltr'>singularem</span> <span class='ocrx_word' id='word_1_190' title='bbox 1204 1935 1381 1976; x_wconf 83' lang='lat' dir='ltr'>mirifice</span> <span class='ocrx_word' id='word_1_191' title='bbox 1413 1934 1546 1990; x_wconf 85' lang='lat' dir='ltr'>diligo</span> 
     </span>
     <span class='ocr_line' id='line_1_28' title="bbox 198 1993 1546 2048; baseline -0.001 -13"><span class='ocrx_word' id='word_1_192' title='bbox 198 1998 291 2035; x_wconf 91' lang='lat' dir='ltr'>tum</span> <span class='ocrx_word' id='word_1_193' title='bbox 334 1997 500 2048; x_wconf 82' lang='lat' dir='ltr'>patrem</span> <span class='ocrx_word' id='word_1_194' title='bbox 543 1994 632 2035; x_wconf 88' lang='lat' dir='ltr'>eius</span> <span class='ocrx_word' id='word_1_195' title='bbox 673 2008 717 2034; x_wconf 90' lang='lat' dir='ltr'>re</span> <span class='ocrx_word' id='word_1_196' title='bbox 759 1994 907 2034; x_wconf 85' lang='lat' dir='ltr'>doctus</span> <span class='ocrx_word' id='word_1_197' title='bbox 948 1994 1139 2034; x_wconf 83' lang='lat' dir='ltr'>intellexi</span> <span class='ocrx_word' id='word_1_198' title='bbox 1184 1997 1224 2034; x_wconf 90' lang='lat' dir='ltr'>et</span> <span class='ocrx_word' id='word_1_199' title='bbox 1270 1993 1395 2034; x_wconf 81' lang='lat' dir='ltr'>didici</span> <span class='ocrx_word' id='word_1_200' title='bbox 1439 1994 1546 2034; x_wconf 91' lang='lat' dir='ltr'>mihi</span> 
     </span>
     <span class='ocr_line' id='line_1_29' title="bbox 200 2051 1546 2107; baseline -0.001 -13"><span class='ocrx_word' id='word_1_201' title='bbox 200 2053 329 2094; x_wconf 86' lang='lat' dir='ltr'>fuisse</span> <span class='ocrx_word' id='word_1_202' title='bbox 369 2067 534 2107; x_wconf 85' lang='lat' dir='ltr'>semper</span> <span class='ocrx_word' id='word_1_203' title='bbox 571 2052 886 2093; x_wconf 77' lang='lat' dir='ltr'>amicissimum.</span> <span class='ocrx_word' id='word_1_204' title='bbox 948 2051 1030 2092; x_wconf 89' lang='lat' dir='ltr'>Em</span> <span class='ocrx_word' id='word_1_205' title='bbox 1067 2053 1137 2093; x_wconf 84' lang='lat' dir='ltr'>hio</span> <span class='ocrx_word' id='word_1_206' title='bbox 1170 2052 1240 2093; x_wconf 92' lang='lat' dir='ltr'>ille</span> <span class='ocrx_word' id='word_1_207' title='bbox 1273 2055 1335 2093; x_wconf 89' lang='lat' dir='ltr'>est</span> <span class='ocrx_word' id='word_1_208' title='bbox 1367 2052 1417 2092; x_wconf 89' lang='lat' dir='ltr'>de</span> <span class='ocrx_word' id='word_1_209' title='bbox 1448 2052 1546 2107; x_wconf 88' lang='lat' dir='ltr'>illis,</span> 
     </span>
     <span class='ocr_line' id='line_1_30' title="bbox 199 2110 1546 2166; baseline 0 -14"><span class='ocrx_word' id='word_1_210' title='bbox 199 2112 383 2152; x_wconf 84' lang='lat' dir='ltr'>maxime</span> <span class='ocrx_word' id='word_1_211' title='bbox 422 2112 495 2166; x_wconf 89' lang='lat' dir='ltr'>qui</span> <span class='ocrx_word' id='word_1_212' title='bbox 532 2111 715 2152; x_wconf 85' lang='lat' dir='ltr'>inridere</span> <span class='ocrx_word' id='word_1_213' title='bbox 757 2114 883 2165; x_wconf 85' lang='lat' dir='ltr'>atque</span> <span class='ocrx_word' id='word_1_214' title='bbox 922 2110 1147 2166; x_wconf 86' lang='lat' dir='ltr'>obiurgare</span> <span class='ocrx_word' id='word_1_215' title='bbox 1185 2125 1251 2151; x_wconf 92' lang='lat' dir='ltr'>me</span> <span class='ocrx_word' id='word_1_216' title='bbox 1290 2110 1440 2151; x_wconf 82' lang='lat' dir='ltr'>solitus</span> <span class='ocrx_word' id='word_1_217' title='bbox 1472 2113 1546 2165; x_wconf 89' lang='lat' dir='ltr'>est,</span> 
     </span>
     <span class='ocr_line' id='line_1_31' title="bbox 202 2169 1599 2224; baseline -0.001 -13"><span class='ocrx_word' id='word_1_218' title='bbox 202 2170 315 2224; x_wconf 86' lang='lat' dir='ltr'>quod</span> <span class='ocrx_word' id='word_1_219' title='bbox 346 2185 413 2210; x_wconf 92' lang='lat' dir='ltr'>me</span> <span class='ocrx_word' id='word_1_220' title='bbox 445 2185 531 2211; x_wconf 92' lang='lat' dir='ltr'>non</span> <span class='ocrx_word' id='word_1_221' title='bbox 562 2173 719 2224; x_wconf 88' lang='lat' dir='ltr'>tecum,</span> <span class='ocrx_word' id='word_1_222' title='bbox 755 2169 1005 2223; x_wconf 76' lang='lat' dir='ltr'>praesertim</span> <span class='ocrx_word' id='word_1_223' title='bbox 1038 2183 1133 2210; x_wconf 83' lang='lat' dir='ltr'>cum</span> <span class='ocrx_word' id='word_1_224' title='bbox 1159 2184 1239 2223; x_wconf 78' lang='lat' dir='ltr'>,aps</span> <span class='ocrx_word' id='word_1_225' title='bbox 1270 2171 1311 2210; x_wconf 90' lang='lat' dir='ltr'>te</span> <span class='ocrx_word' id='word_1_226' title='bbox 1343 2169 1545 2210; x_wconf 87' lang='lat' dir='ltr'>honorifi-</span> <span class='ocrx_word' id='word_1_227' title='bbox 1565 2180 1599 2205; x_wconf 81' lang='lat'>30</span> 
     </span>
     <span class='ocr_line' id='line_1_32' title="bbox 202 2229 1052 2284; baseline -0.001 -15"><span class='ocrx_word' id='word_1_228' title='bbox 202 2229 442 2270; x_wconf 77' lang='lat' dir='ltr'>centissime</span> <span class='ocrx_word' id='word_1_229' title='bbox 475 2229 695 2282; x_wconf 80' lang='lat' dir='ltr'>invitarer,</span> <span class='ocrx_word' id='word_1_230' title='bbox 734 2229 1052 2284; x_wconf 80' lang='lat' dir='ltr'>coniungerem3</span> 
     </span>
    </p>
   </div>
   <div class='ocr_carea' id='block_1_8' title="bbox 262 2309 1515 2365">
    <p class='ocr_par' dir='ltr' id='par_1_8' title="bbox 262 2309 1515 2365">
     <span class='ocr_line' id='line_1_33' title="bbox 262 2309 1515 2365; baseline -0.001 -14"><span class='ocrx_word' id='word_1_231' title='bbox 262 2310 372 2352; x_wconf 45' lang='grc' dir='ltr'><em>(ἀλλ’</em></span> <span class='ocrx_word' id='word_1_232' title='bbox 408 2311 513 2365; x_wconf 83' lang='grc' dir='ltr'>ἐμὸν</span> <span class='ocrx_word' id='word_1_233' title='bbox 545 2312 597 2352; x_wconf 82' lang='grc' dir='ltr'>οὔ</span> <span class='ocrx_word' id='word_1_234' title='bbox 629 2326 732 2352; x_wconf 86' lang='grc' dir='ltr'><em>ποτε</em></span> <span class='ocrx_word' id='word_1_235' title='bbox 764 2311 913 2365; x_wconf 84' lang='grc' dir='ltr'>θυμὸν</span> <span class='ocrx_word' id='word_1_236' title='bbox 944 2309 1009 2351; x_wconf 83' lang='grc' dir='ltr'><em>ε’νὶ</em></span> <span class='ocrx_word' id='word_1_237' title='bbox 1042 2311 1280 2364; x_wconf 83' lang='grc' dir='ltr'><em>στήθεσσιν</em></span> <span class='ocrx_word' id='word_1_238' title='bbox 1313 2310 1515 2351; x_wconf 72' lang='grc' dir='ltr'><em>ἔπειθενῖ</em></span> 
     </span>
    </p>
   </div>
  </div>
 </body>
</html>
