1659 2552
135 1277 154 1306 1³

173 109 258 150 ,⁸242
676 108 1017 144 EPISTULARUM

803 250 895 292 XV.

411 333 483 369 Ser.
512 333 648 368 Romae
675 344 716 366 m.
747 333 866 366 intere.
890 331 1014 375 priore
1039 343 1071 366 a.
1102 333 1174 366 703
1201 333 1291 374 (46).

644 413 812 449 CICERO
839 412 996 447 PAETO
1025 412 1058 447 S.

266 499 443 540 Duabus
476 498 560 538 tuis
593 498 785 551 epistulis
818 496 1098 551 respondebo,
1137 495 1227 550 uni,
1266 510 1393 549 quam
1425 510 1524 550 qua-

180 558 330 599 driduo
364 561 459 598 ante
493 571 733 610 acceperam
766 571 789 596 a
820 555 966 610 Zetho,
999 555 1132 609 alteri,
1165 569 1291 608 quam
1323 554 1524 595 attulerat

177 617 372 658 Phileros
398 616 654 657 tabellarius.
697 614 763 655 Ex
788 614 1004 669 prioribus
1029 614 1114 655 tuis
1145 613 1300 654 litteris
1332 613 1523 654 intellexi

178 679 420 731 pergratam
441 674 520 715 tibi
541 688 629 715 esse
650 688 793 714 curam
819 687 956 714 meam
983 671 1237 714 valetudinis
1263 674 1371 726 tuae,
1397 686 1524 726 quam

179 735 259 776 tibi
291 736 553 788 perspectam
579 747 668 774 esse
699 732 881 788 gaudeo3
913 731 996 786 sed,
1027 731 1134 772 mihi
1159 730 1291 786 crede,
1323 745 1408 772 non
1433 745 1525 785 per-

181 793 300 847 inde,
345 796 392 833 ut
433 795 496 833 est
536 806 701 846 reapse,
753 806 804 832 ex
852 791 1008 832 litteris
1053 790 1290 845 perspicere
1333 789 1523 844 potuisti.

178 851 302 906 Nam,
335 866 429 892 cum
462 866 485 891 a
516 851 617 891 satis
649 849 796 890 multis
827 847 932 906 (non
964 849 1076 890 enim
1107 863 1280 903 possum
1312 848 1435 889 aliter
1466 848 1525 889 di-

181 910 291 966 cere)
331 914 371 951 et
409 910 490 950 coli
528 924 595 950 me
627 909 792 949 videam
830 911 871 950 et
909 908 1048 964 diligi,
1089 922 1213 949 nemo
1252 909 1315 948 est
1352 907 1524 948 illorum

181 969 370 1011 omnium
402 968 508 1009 mihi
535 971 576 1009 te
602 967 836 1008 iucundior.
871 967 995 1022 Nam,
1022 966 1135 1021 quod
1160 981 1227 1007 me
1253 980 1379 1021 amas,
1412 966 1525 1020 quod

182 1029 224 1069 id
262 1030 303 1068 et
340 1028 425 1068 iam
462 1027 626 1081 pridem
665 1029 706 1067 et
744 1029 986 1067 constanter
1022 1025 1142 1080 facis,
1184 1027 1246 1066 est
1278 1025 1322 1066 id
1353 1024 1524 1079 quidem

180 1101 383 1142 magnum
416 1089 542 1140 atque
573 1085 687 1126 haud
719 1085 805 1126 scio
838 1100 891 1126 an
922 1085 1167 1138 maximum,
1199 1083 1273 1125 sed
1303 1083 1384 1124 tibi
1416 1097 1525 1124 com-

180 1160 306 1186 mune
333 1160 429 1185 cum
459 1144 624 1199 multis3
656 1144 770 1198 quod
801 1147 848 1184 tu
880 1144 969 1198 ipse
1000 1146 1088 1184 tam
1120 1142 1322 1183 amandus
1354 1157 1397 1183 es
1422 1145 1526 1183 tam-

181 1219 262 1258 que
301 1204 434 1244 dulcis
471 1206 642 1257 tamque
681 1203 724 1243 in
765 1203 881 1243 omni
920 1217 1074 1258 genere
1115 1201 1339 1256 iucundus,
1380 1201 1423 1242 id
1464 1203 1527 1242 est

181 1263 351 1317 proprie
377 1265 508 1303 tuum.
549 1261 768 1302 Accedunt
793 1276 879 1302 non
904 1261 1050 1315 Attici,
1077 1260 1149 1301 sed
1174 1260 1371 1301 salsiores
1398 1274 1525 1314 quam

182 1322 245 1362 illi
271 1320 515 1361 Atticorum
546 1320 728 1361 Romani
755 1323 917 1360 veteres
943 1322 1068 1373 atque
1095 1319 1246 1359 urbani
1273 1318 1389 1359 sales.
1431 1317 1526 1374 Ego

182 1383 322 1420 autem
361 1378 596 1435 (existimes
627 1378 727 1419 licet
758 1377 999 1433 quidlubet)
1038 1377 1215 1418 mirifice
1247 1377 1391 1431 capior
1421 1376 1527 1417 face-

182 1438 254 1479 tiis
292 1438 474 1478 maxime
513 1437 792 1491 nostratibus,
833 1436 1083 1490 praesertim
1122 1450 1216 1476 cum
1255 1450 1323 1476 eas
1361 1435 1526 1476 videam

181 1497 367 1551 primum
401 1496 555 1537 oblitas
587 1495 709 1536 Latio
742 1498 845 1549 tum,
878 1505 973 1536 cum
1000 1495 1042 1535 in
1069 1495 1217 1535 urbem
1249 1497 1438 1535 nostram
1465 1496 1528 1534 est

183 1556 322 1596 infusa
352 1554 644 1610 peregrinitas,
676 1568 787 1594 nunc
814 1568 912 1595 vero
940 1554 1067 1594 etiam
1093 1553 1275 1594 bracatis
1307 1555 1348 1594 et
1379 1552 1530 1593 Trans-

184 1614 337 1668 alpinis
368 1613 624 1667 nationibus,
656 1616 704 1654 ut
735 1613 899 1653 nullum
935 1612 1088 1653 veteris
1119 1612 1276 1667 leporis
1301 1611 1529 1667 vestigium

185 1675 393 1726 appareat.
455 1671 621 1726 Itaque,
654 1674 695 1712 te
728 1686 822 1712 cum
855 1671 998 1725 video,
1031 1671 1167 1712 omnis
1199 1670 1305 1711 mihi
1339 1669 1529 1724 Granios,

185 1731 321 1772 omnis
353 1730 550 1784 Lucilios,
583 1745 678 1771 vere
711 1733 758 1771 ut
791 1730 937 1784 dicam,
972 1729 1143 1770 Crassos
1170 1743 1337 1783 quoque
1364 1731 1405 1770 et
1429 1727 1530 1769 Lae-

184 1790 264 1830 lios
302 1790 443 1830 videre
482 1789 638 1830 videor.
700 1788 877 1843 Moriar,
920 1789 954 1829 si
992 1791 1159 1843 praeter
1197 1791 1238 1829 te
1276 1801 1531 1842 quemquam

184 1849 395 1902 reliquum
426 1848 574 1901 habeo,
610 1848 654 1888 in
686 1862 769 1902 quo
800 1847 960 1902 possim
993 1847 1222 1902 imaginem
1257 1846 1456 1900 antiquae
1488 1848 1530 1886 et

185 1907 431 1948 vernaculae
463 1906 707 1947 festivitatis
735 1906 1001 1962 adgnoscere.
1046 1905 1115 1946 Ad
1139 1906 1217 1946 hos
1243 1905 1409 1959 lepores
1435 1918 1531 1944 cum

185 1981 303 2007 amor
340 1980 440 2021 erga
478 1980 544 2006 me
576 1968 719 2006 tantus
757 1965 942 2019 accedat,
979 1964 1147 2005 miraris
1185 1978 1251 2005 me
1290 1965 1409 2004 tanta
1439 1976 1531 2016 per-

185 2025 427 2065 turbatione
467 2024 719 2065 valetudinis
757 2026 854 2065 tuae
891 2027 979 2064 tam
1016 2023 1204 2079 graviter
1241 2021 1528 2063 exanimatum

186 2084 343 2124 fuisse?
376 2082 498 2132 Quod
530 2085 670 2123 autem
703 2082 835 2123 altera
866 2082 1048 2136 epistula
1078 2095 1236 2137 purgas
1269 2083 1310 2121 te
1341 2094 1427 2120 non
1454 2079 1533 2120 dis-

187 2156 400 2182 suasorem
432 2141 538 2182 mihi
571 2141 798 2195 emptionis
823 2140 1132 2195 Neapolitanae
1164 2139 1304 2192 fuisse,
1337 2138 1410 2179 sed
1441 2152 1533 2179 auc-

187 2203 322 2241 torem
360 2200 680 2254 moderationis,
719 2200 897 2254 urbane,
935 2214 1072 2253 neque
1110 2204 1188 2254 ego
1221 2197 1343 2238 aliter
1375 2196 1533 2251 accepi,

189 2258 379 2299 intellexi
412 2262 553 2299 tamen
587 2259 715 2312 idem,
754 2258 869 2312 quod
905 2258 972 2299 his
1004 2257 1205 2313 intellego
1237 2255 1410 2310 litteris,
1447 2269 1533 2296 non

189 2317 449 2358 existimasse
481 2319 522 2358 te
554 2317 660 2358 mihi
692 2317 829 2371 licere,
863 2316 905 2357 id
935 2316 1048 2371 quod
1074 2329 1152 2372 ego
1185 2314 1435 2369 arbitrabar,
1467 2327 1534 2355 res

1545 861 1579 886 10

1546 1153 1579 1179 15

1547 1447 1581 1473 20

1550 1739 1584 1765 25

1549 2033 1584 2058 30

1553 2323 1588 2350 35
