1659 2552
98 789 191 820 170

101 1902 142 1933 18

163 93 219 134 22
661 91 997 127 EPISTULARUM

165 187 387 243 Scaurum,
431 188 688 244 singularem
731 187 887 240 virum,
931 185 1167 227 constantia
1210 188 1251 227 et
1293 185 1502 242 gravitate

165 246 443 303 superassetl)
477 271 531 276 -—
564 246 647 301 sed,
680 246 793 300 quod
825 245 874 286 de
907 245 980 285 illo
1007 247 1253 299 acceperant
1277 244 1502 286 autetiam

164 306 497 362 suspicabantur,
525 305 573 346 de
598 319 665 346 me
692 305 802 345 idem
828 303 1084 359 cogitabant,
1109 303 1337 344 abiectiore
1361 302 1502 344 am'mo

164 379 231 407 me
275 365 483 418 futui-,um
528 378 623 405 cum
668 377 733 404 res
776 363 947 418 publica
988 362 1192 403 maiorem
1232 361 1360 402 etiam
1395 361 1502 402 mihi

165 424 370 478 animum,
409 438 535 477 quam
573 437 774 476 umquam
805 421 1064 475 habuissem,
1104 421 1238 474 daret,
1276 434 1405 475 quom
1436 419 1502 461 de·
1539 430 1556 457 5

166 483 363 524 clai-asset
395 497 437 523 se
469 496 553 522 non
585 481 772 536 potuisse
804 494 870 520 me
903 494 987 520 uno
1020 479 1101 520 civi
1127 493 1292 533 carere,
1324 492 1502 533 cumque

164 541 384 582 Metellum
425 541 550 581 unius
590 543 640 580 tr.
672 540 727 594 pl.
761 538 944 593 rogatio,
984 553 1051 579 me
1091 538 1288 579 universa
1327 551 1393 578 res
1430 551 1505 592 pu-

166 600 277 641 blica
320 600 423 640 duce
467 601 634 651 senatu,
677 598 904 638 comitante
946 595 1089 651 Italia,
1133 595 1505 652 promulgantibus

166 658 363 700 omnibus
389 658 705 711 mam-stratibus,
738 659 778 696 te
804 657 964 696 ferente
991 656 1172 709 consule,
1204 655 1388 696 comitiis
1413 668 1505 696 cen-

165 717 351 771 turiatis,
391 716 552 757 cunetis
591 715 826 769 ordinibus,
865 714 1110 756 hominibus
1148 713 1504 768 incumbentibus,
1524 725 1558 751 ιο

167 776 364 817 omnibus
409 775 587 829 denique
632 774 718 815 suis
761 773 923 814 vilibus
966 773 1293 828 reciperavisset.
1354 771 1504 826 Neque

166 849 265 876 vero
297 849 376 890 ego
407 834 514 875 mihi
544 836 691 887 postea
723 832 948 886 quicquam
980 831 1194 886 adsumpsi
1219 845 1354 886 neque
1378 831 1505 872 hodie

165 894 352 947 adsumo,
378 892 491 946 quod
517 906 770 946 quemquam
795 890 1273 932 malevolentissimum
1262 904 1353 931 lure
1371 889 1506 945 possit

167 927 395 1006 offendere,
427 953 594 991 tantum
625 950 774 1003 enitor,
806 953 854 990 ut
884 964 1020 1004 neque
1046 949 1191 991 amicis
1216 963 1352 1003 neque
1377 948 1505 990 etiam

166 1010 441 1052 alienioribus
480 1024 622 1064 opera,
661 984 855 1063 consilio,
892 1008 1037 1050 labore
1071 1008 1214 1049 desim.
1274 1007 1358 1048 Hic
1387 1018 1557 1049 meae15

165 1070 277 1110 vitae
315 1083 460 1110 cursus
499 1068 674 1109 offendit
711 1082 783 1108 eos
820 1068 1014 1121 fortasse,
1055 1067 1128 1121 qui
1166 1066 1433 1121 splendorem
1463 1068 1505 1107 et

167 1128 348 1183 speciem
389 1127 515 1168 huius
555 1127 667 1168 vitae
711 1127 948 1181 intuentur,
991 1125 1321 1167 sollicitudinem
1364 1127 1506 1166 autem

165 1190 208 1228 et
238 1187 428 1228 laborem
458 1186 694 1240 perspicere
726 1200 810 1226 non
842 1187 1035 1240 possunt,
1067 1184 1174 1226 illud
1197 1198 1297 1225 vero
1322 1198 1409 1225 non
1434 1183 1506 1225 ob-

167 1260 285 1287 scure
312 1247 557 1299 queruntur,
590 1245 634 1284 in
659 1245 764 1284 meis
790 1244 1021 1298 sententiis,
1054 1243 1208 1298 quibus
1235 1257 1380 1284 ornem
1407 1241 1506 1283 Cae-

166 1318 322 1358 sarem,
373 1303 492 1357 quasi
536 1303 762 1343 desciscere
804 1317 871 1343 me
915 1317 942 1343 a
983 1302 1163 1356 pristina
1207 1312 1340 1342 causa.
1409 1300 1505 1357 Ego
1525 1311 1559 1337 20

167 1365 309 1403 autem
340 1376 435 1402 011111
466 1362 537 1402 illa
569 1375 733 1415 sequor,
765 1375 870 1415 quae
895 1361 1022 1415 paulo
1048 1364 1144 1401 ante
1168 1359 1383 1415 proposui,
1412 1361 1504 1400 tum

166 1421 248 1463 hoc
291 1434 376 1461 non
419 1421 463 1460 in
505 1420 750 1474 postremis,
801 1419 850 1460 de
894 1433 977 1473 quo
1022 1433 1240 1474 coeperam
1284 1431 1504 1472 exponere.

166 1479 267 1521 Non
299 1479 484 1520 offendes
509 1478 687 1519 eundem
714 1478 922 1519 bonorum
947 1492 1127 1531 sensum,
1158 1477 1347 1531 Lentule,
1379 1491 1505 1531 quem

169 1538 390 1592 reliquisti,
423 1537 494 1591 qui
527 1537 798 1577 confirmatus
830 1537 1049 1577 consulatu
1079 1538 1243 1590 nostro,
1274 1549 1354 1577 non
1385 1546 1505 1576 num-

169 1612 296 1651 quam
333 1599 479 1650 postea
517 1596 794 1649 interruptus,
833 1595 1026 1635 adflictus
1050 1597 1159 1635 'ante
1199 1598 1240 1635 te
1279 1593 1505 1648 consulem,
1524 1604 1559 1630 25

169 1658 380 1696 recreatus
413 1669 486 1709 aps
517 1657 558 1695 te
589 1657 705 1694 totus
736 1657 798 1695 est
830 1667 942 1694 nunc
973 1653 1025 1694 ab
1058 1653 1120 1707 iis,
1153 1668 1176 1693 a
1208 1653 1362 1706 quibus
1387 1654 1505 1694 tuen-

169 1714 246 1755 dus
277 1715 430 1766 fuerat,
470 1713 710 1767 derelictus3
748 1713 872 1766 idque
910 1726 995 1753 non
1034 1712 1170 1753 solum
1208 1712 1348 1752 fronte
1379 1713 1505 1765 atque

167 1773 306 1826 vultu,
344 1772 498 1826 quibus
530 1771 743 1812 simulatio
776 1771 974 1811 facillime
1006 1771 1254 1824 sustinetur,
1294 1769 1506 1811 declarant

168 1831 215 1885 ii,
248 1831 321 1885 qui
352 1834 444 1871 tum
475 1833 620 1871 nostro
653 1830 727 1870 illo
759 1833 871 1870 statu
904 1829 1128 1884 optimates
1165 1828 1505 1881 nominabantur,

169 1890 242 1931 sed
266 1890 394 1930 etiam
420 1904 543 1930 sensu
569 1903 690 1943 saepe
716 1889 799 1929 iam
819 1888 1057 1942 tabellaque
1078 1889 1320 1929 docuerunt.
1356 1885 1505 1941 Itaque
1524 1898 1558 1923 ⁸0

168 1951 259 1989 tota
290 1948 373 1989 iam
405 1948 658 2002 sapient-ium
690 1947 856 2001 civium,
889 1947 1055 2001 qualem
1081 1961 1148 1988 me
1174 1949 1216 1988 et
1246 1959 1334 1987 esse
1365 1947 1406 1986 et
1431 1959 1506 1985 nu-

167 2007 321 2048 merari
353 2007 468 2059 volo,
509 2009 551 2047 et
589 2006 796 2047 sententia
833 2008 874 2046 et
906 2007 1101 2047 voluntas
1131 2007 1294 2046 mutata
1324 2017 1414 2044 esse
1439 2003 1507 2044 de-

169 2066 250 2106 bet.
312 2064 362 2106 Id
393 2066 505 2106 enim
537 2065 654 2106 iubet
693 2065 803 2106 idem
836 2065 906 2105 ille
938 2064 1077 2118 Plato,
1119 2077 1243 2118 quem
1274 2076 1353 2118 ego
1384 2061 1507 2103 vehe-

168 2128 332 2165 menter
362 2127 576 2165 auctorem
608 2138 777 2178 sequor,
814 2125 1007 2164 tantum
1040 2121 1342 2164 con-tendere
1374 2120 1424 2161 in
1455 2135 1506 2162 re

169 2182 390 2237 publica,
431 2186 670 2237 quantum
708 2158 922 2237 pr’obare
959 2181 1062 2222 tuis
1094 2179 1292 2221 civibus
1323 2179 1506 2235 possis3
1526 2189 1559 2216 ³⁵

170 2255 268 2281 vim
312 2256 470 2294 neque
513 2241 715 2296 parenti
759 2254 847 2281 nec
886 2239 1081 2294 patriae
1122 2238 1321 2279 adferre
1362 2252 1506 2293 opor-

170 2301 286 2339 tere.
349 2298 489 2353 Atque
530 2299 638 2340 hinc
679 2299 848 2353 quidem
889 2298 959 2339 ille
1000 2311 1167 2338 causam
1204 2296 1286 2337 sibi
1323 2296 1382 2337 ait
1421 2311 1507 2338 non
