1659 2552
119 525 172 566 10

116 586 158 616 39
211 609 216 615 .

117 1150 162 1181 40

122 2052 169 2090 11

119 2112 158 2140 41

118 2322 162 2352 42

183 102 268 143 572
745 99 975 134 EPISTULA

183 212 259 251 per
290 199 330 237 te
357 196 512 237 servati
538 210 585 237 ac
616 196 784 237 iudiciis
816 195 985 237 liberabi
1017 198 1125 236 sunt.
1188 194 1303 236 Haec
1328 197 1374 236 tu
1400 195 1523 250 plane

185 256 236 296 ab
274 256 341 296 his
377 255 610 310 postulato,
652 258 715 309 ut,
753 255 953 308 quoniam
991 254 1107 295 nulla
1144 254 1334 308 impensa
1370 268 1445 308 per
1482 256 1523 295 te

184 315 257 355 alii
290 329 394 368 rem,
436 314 507 354 alii
545 314 766 367 honorem,
805 313 876 354 alii
915 313 1093 354 salutem
1132 326 1178 353 ac
1216 313 1407 354 fortunas
1438 327 1524 354 om-

184 388 258 414 nes
296 373 574 427 optinuerint,
612 387 688 413 nec
726 372 840 413 aliud
872 372 1005 413 ullum
1037 375 1203 426 tempus
1235 372 1427 412 futurum
1458 372 1524 425 sit,

185 435 233 473 ut
263 432 343 473 tibi
375 432 531 473 referre
562 432 744 487 gratiam
775 431 951 486 possint,
982 431 1063 472 hoc
1094 434 1135 471 te
1163 430 1304 471 officio
1337 445 1523 471 remune-

187 494 343 532 rentur.

274 550 348 604 Et,
380 549 580 603 quoniam
612 549 655 589 in
689 549 920 589 amicorum
952 548 1103 589 studiis
1134 548 1237 589 haec
1270 548 1406 589 omnis
1438 561 1526 589 ora—

185 611 247 649 tio
289 611 499 662 versatur,
544 608 617 662 qui
657 608 774 648 locus
816 608 858 647 in
900 607 981 648 hoc
1017 622 1169 663 genere
1209 607 1415 648 cavendus
1453 609 1526 661 est,

186 667 587 722 praetermittendus
624 681 709 707 non
746 666 924 707 videtur.
986 665 1164 706 Fraudis
1202 668 1327 719 atque
1359 665 1526 706 insidia-

187 741 281 767 rum
320 729 361 767 et
396 726 598 780 perfidiae
638 726 763 779 plena
800 727 899 765 sunt
940 725 1091 766 omnia.
1158 723 1257 765 Non
1299 728 1361 765 est
1401 724 1526 765 huius

187 785 390 839 temporis
427 787 631 839 perpetua
669 784 743 825 illa
776 784 825 825 de
855 784 937 825 1100
968 798 1120 839 genere
1153 783 1400 838 disputatio,
1438 783 1527 837 qui-

187 844 266 885 bus
292 844 417 885 rebus
443 843 665 884 benivolus
691 846 732 884 et
759 843 980 883 simulator
1006 842 1226 883 diiudicari
1258 842 1408 896 possit3
1439 844 1528 882 tan-

187 906 278 943 tum
306 905 368 943 est
399 902 525 943 huius
557 902 760 956 temporis
787 902 1022 943 admonere.
1085 900 1257 942 Summa
1289 904 1362 941 tua
1393 900 1527 941 virtus

188 961 356 1003 eosdem
387 961 579 1002 homines
612 964 653 1001 et
685 961 881 1001 simulare
913 961 993 1001 tibi
1025 975 1068 1001 se
1100 974 1188 1000 esse
1220 960 1376 1001 amicos
1402 962 1443 1000 et
1468 959 1528 1000 in-

186 1021 329 1061 videre
356 1020 504 1076 coegit.
556 1019 691 1068 Quam
718 1020 772 1060 ob
799 1034 887 1060 rem
915 1018 1216 1073 Ἐπιχάρμειον
1243 1019 1348 1059 illud
1373 1020 1527 1072 teneto,

187 1093 366 1121 nervos
399 1082 548 1132 atque
587 1081 724 1119 artus
757 1093 862 1119 esse
900 1078 1182 1144 sapientiae
1213 1092 1311 1118 non
1342 1079 1527 1118 temere

189 1153 238 1179 01
246 1138 406 1192 edere
439 1141 492 1192 et,
519 1152 613 1178 cum
633 1140 805 1178 tuorum
826 1137 1057 1178 amicorum
1084 1136 1223 1177 studia
1248 1135 1528 1190 constitueris,

186 1200 278 1238 tum
310 1197 438 1237 etiam
465 1172 799 1237 obtrectatorum
832 1199 957 1250 atque
983 1195 1318 1236 adversariorum
1344 1194 1528 1236 rationes

187 1259 228 1297 et
267 1270 422 1311 genera
464 1255 719 1310 cognoscito.
792 1254 907 1295 Haec
946 1255 1028 1295 tria
1068 1257 1185 1308 sunt,
1228 1267 1376 1308 unum,
1420 1267 1525 1307 quos

186 1315 363 1368 laesisti,
401 1314 596 1367 alterum,
636 1314 708 1368 qui
746 1314 835 1354 sine
873 1327 996 1354 causa
1033 1311 1118 1354 11011
1149 1315 1308 1365 amant,
1340 1312 1526 1365 tertium,

188 1374 260 1427 qui
304 1373 630 1427 competitorum
673 1372 792 1413 valde
839 1372 962 1412 amici
1009 1374 1116 1411 sunt.
1191 1370 1304 1419 Quos
1354 1370 1524 1423 laesisti,

188 1447 283 1472 00111
321 1434 468 1472 contra
505 1445 575 1472 eos
613 1445 691 1484 pro
730 1431 865 1471 amico
905 1430 1079 1484 diceres,
1116 1430 1169 1470 iis
1202 1433 1235 1470 tc
1272 1429 1394 1483 plane
1431 1443 1527 1483 pur-

187 1493 305 1545 gato,
343 1489 672 1530 necessitudines
710 1491 1055 1542 commemorato,
1094 1488 1137 1528 in
1175 1502 1291 1541 spem
1330 1487 1526 1528 adducito

187 1552 229 1590 te
261 1549 304 1589 in
337 1563 482 1589 eorum
520 1548 662 1601 rebus,
704 1548 738 1587 si
771 1562 813 1588 se
851 1547 894 1587 in
932 1547 1161 1587 amicitiam
1200 1550 1311 1587 tuam
1344 1546 1527 1587 contule-

188 1608 285 1661 rint,
317 1607 409 1661 pari
441 1606 580 1647 studio
609 1609 733 1660 atque
761 1606 902 1646 officio
935 1607 1135 1646 1Ἥο13010111.
1182 1604 1261 1654 Qui
1289 1605 1378 1646 sine
1405 1618 1528 1645 causa

188 1668 464 1719 110111,111111111;
497 1680 566 1706 eos
598 1668 671 1706 aut
702 1665 906 1705 beneficio
939 1667 1010 1705 aut
1043 1678 1115 1718 spe
1147 1667 1219 1704 aut
1251 1663 1526 1718 significando

188 1728 262 1766 tuo
305 1739 405 1780 erga
445 1699 541 1764 i'flos
582 1723 721 1765 studio
765 1723 861 1764 dato
904 1738 1074 1777 operam
1115 1725 1162 1763 ut
1201 1722 1249 1763 de
1287 1698 1360 1763 illa
1397 1722 1527 1763 animi

188 1784 396 1838 pravitate
418 1783 605 1823 deducas.
669 1782 858 1831 Quorum
878 1782 1073 1823 voluntas
1093 1782 1173 1822 erit
1194 1781 1268 1821 abs
1288 1783 1328 1821 te
1353 1783 1528 1835 propter

189 1842 516 1895 competitorum
549 1841 754 1881 amicitias
787 1841 975 1895 alienior,
1008 1841 1060 1880 iis
1093 1854 1260 1893 quoque
1292 1840 1436 1880 eadem
1467 1839 1528 1879 in—

189 1902 345 1943 servito
378 1900 541 1941 ratione
569 1914 649 1954 qua
682 1899 970 1953 superioribus
997 1899 1115 1952 01-,81
1146 1898 1325 1952 probare
1356 1898 1527 1963 poteris,

188 1963 230 2001 te
262 1960 305 2000 in
337 1974 408 2000 eos
439 1959 553 2013 ipsos
585 1959 883 2012 competitores
914 1961 1010 1998 tuos
1042 1957 1239 1998 benivolo
1273 1971 1360 1998 0880
1386 1956 1526 1997 animo

191 2018 414 2060 ostendito.

278 2077 486 2126 Quoniam
530 2076 579 2116 de
629 2075 826 2116 amicitiis
871 2074 1177 2116 constituendis
1223 2073 1324 2114 satis
1368 2073 1526 2114 dictum

189 2139 268 2190 est,
302 2135 524 2175 dicendum
557 2137 619 2175 est
652 2134 700 2174 de
734 2134 805 2174 illa
837 2133 968 2174 altera
999 2135 1118 2187 parte
1150 2131 1388 2186 petitionis,
1421 2146 1527 2185 quae

189 2194 232 2235 in
270 2194 465 2248 populari
503 2193 666 2233 ratione
703 2195 903 2233 versatur.
961 2192 1024 2232 Ea
1056 2191 1262 2232 desiderat
1293 2190 1528 2231 nomencla-

1546 736 1579 761 10

1547 1030 1580 1054 15

1546 1324 1578 1348 20

1546 1617 1579 1642 25

1547 1909 1580 1935 30

1546 2201 1579 2227 35

188 2253 365 2306 tionem,
398 2252 665 2306 blanditiam,
699 2251 1008 2304 assiduitatem,
1040 2250 1357 2305 benignitatem,
1390 2263 1527 2290 rumo-
1557 2283 1560 2285 .

189 2326 298 2366 rem,
343 2325 459 2365 spem
501 2310 543 2350 in
583 2325 626 2351 re
667 2309 846 2364 publica.
908 2308 1120 2363 Primum,
1164 2307 1277 2362 quod
1316 2307 1439 2362 facis,
1480 2310 1527 2348 ut

1639 2089 1647 2281 i

1638 2288 1648 2443 1

1635 2448 1651 2552 1
