1659 2552
646 63 789 98 Lissssa
813 64 862 98 xi
892 68 923 109 1,
950 68 980 100 2.
1379 66 1465 107 303

124 158 170 199 in
207 158 335 199 exilio
372 158 580 213 vivemus,
617 159 652 199 si
689 159 914 214 pessimus,
951 159 1003 200 ad
1040 159 1269 200 novissima
1307 161 1466 202 auxilia

126 216 436 258 descendemus.
505 216 730 259 Succurret
769 218 946 259 fortasse
986 217 1068 259 hoc
1104 217 1198 258 loco
1236 219 1360 259 alicui
1400 234 1466 260 ve·
1490 230 1512 260 4

125 278 272 330 strum,
299 290 372 316 cur
390 276 668 317 novissimum
692 278 859 331 tempus
878 279 1146 331 expectemus
1171 277 1313 330 potius
1339 292 1465 331 quam

125 348 237 375 nunc
274 334 435 388 aliquid
470 335 708 376 moliamur.
770 335 893 389 Quia,
934 335 1009 376 ubi
1047 335 1342 389 consistamus,
1380 351 1465 376 non

90 404 106 430 5
125 392 331 434 habemus
361 396 528 447 praeter
553 392 645 435 Sex.
671 393 922 447 Pompeium
947 395 989 434 et
1013 393 1192 434 Bassum
1219 392 1465 448 Caecilium3

126 452 199 506 qui
230 452 337 492 mihi
367 452 565 493 videntur
594 452 676 493 hoc
706 453 856 493 nuntio
889 452 938 493 de
971 451 1146 493 Caesare
1177 452 1305 493 allato
1337 453 1466 493 firmi-

127 524 220 551 ores
263 511 408 551 suturi.
477 510 588 552 Satis
631 513 820 565 tempore
863 511 916 551 ad
959 524 1030 551 eos
1072 511 1334 565 accedemus,
1379 511 1465 565 ubi,

127 569 230 623 quid
260 569 438 623 valeant,
471 570 698 610 scierimus.
759 569 842 610 Pro
876 568 1020 610 Cassio
1052 571 1094 610 et
1118 571 1172 624 te,
1197 570 1233 610 si
1265 569 1368 624 quid
1398 584 1464 610 me

126 627 268 668 velitis
305 628 506 682 recipere,
543 628 762 683 recipiam,
804 628 994 682 postulat
1031 628 1143 668 enim
1179 627 1262 669 hoc
1297 627 1465 669 Hirtius

73 698 107 724 10
126 688 175 727 ut
204 686 367 727 faciam.
428 685 551 741 Rogo
583 701 675 740 vos,
713 701 839 740 quam
870 686 1056 740 primum
1085 686 1192 727 mihj
1224 686 1466 727 rescribatis
1491 697 1511 727 5

127 743 244 801 (nam
275 759 362 785 non
393 745 553 799 dubito,
586 745 688 799 quin
715 745 764 786 de
788 745 856 786 his
886 745 1012 785 rebus
1043 747 1139 785 ante
1169 744 1318 786 horam
1345 759 1465 799 quar-

126 806 215 844 tam
239 802 408 844 Hirtius
433 804 655 844 certiorem
679 818 746 844 me
773 804 827 844 sit
851 801 1076 859 faotu1·us)3
1105 818 1230 857 quem
1255 804 1300 844 in
1324 803 1464 844 locum

127 863 352 903 convenire
389 863 616 916 possimus,
649 876 732 916 quo
763 877 830 903 me
861 862 1002 902 velitis
1032 862 1193 916 venire,
1234 861 1464 902 rescribite.

215 920 319 962 Post
342 921 620 962 novissimum
640 920 757 961 Hirti
783 934 1019 962 sermonem
1042 920 1247 974 placitum
1272 923 1335 961 est
1358 920 1465 960 mihi
1492 931 1511 961 6

75 991 108 1017 15
127 980 359 1034 postulare,
391 982 439 1020 ut
469 980 615 1020 liceret
645 979 769 1020 nobis
799 979 959 1020 Romae
991 993 1079 1020 esse
1109 979 1280 1033 publico
1311 978 1465 1032 praesi-

129 1038 209 1079 dio.
266 1038 389 1087 Quod
418 1038 515 1080 illos
545 1038 669 1079 nobis
700 1052 969 1079 concessuros
999 1052 1085 1078 non
1115 1039 1237 1092 puto,
1267 1051 1466 1092 magnam

128 1097 241 1138 enim
279 1097 482 1138 invidiam
520 1097 572 1137 iis
609 1096 821 1137 faciemus.
883 1096 1005 1137 Nihil
1036 1099 1177 1136 tamen
1208 1109 1293 1136 non
1323 1098 1466 1150 postu-

126 1155 300 1197 landum
330 1156 489 1210 putavi,
522 1155 635 1210 quod
666 1169 846 1209 aequum
878 1169 966 1196 esse
997 1157 1236 1195 statuerem.

773 1305 825 1347 H.

75 1402 109 1428 20
399 1387 473 1422 Ser.
500 1387 649 1422 Lanuvi
674 1397 727 1422 erc.
753 1397 799 1421 m.
826 1385 921 1421 Mai.
948 1398 980 1420 α.
1009 1388 1080 1420 710
1109 1388 1198 1429 (44).

181 1469 368 1504 BRUTUS
393 1468 455 1502 ET
482 1468 671 1504 CASSIUS
696 1466 977 1502 PRAETORES
1005 1467 1054 1502 M.
1080 1465 1296 1500 ANTONTO
1324 1465 1419 1500 COS.

216 1563 280 1605 De
311 1566 385 1605 tua
415 1564 497 1605 fide
528 1567 570 1605 et
600 1563 896 1605 benevolentia
926 1563 970 1603 in
1000 1576 1078 1602 nos
1108 1561 1191 1602 nisi
1221 1575 1468 1615 persuasum
1497 1574 1512 1602 1

130 1625 239 1664 esset
262 1623 398 1676 nobis,
428 1637 514 1664 non
540 1623 851 1676 scripsissemus
875 1622 978 1662 haec
1002 1620 1101 1675 tibi3
1133 1635 1239 1674 quae
1263 1619 1467 1673 profecto,

130 1681 331 1735 quoniam
362 1681 492 1722 istum
518 1681 706 1721 animum
736 1680 878 1734 habes,
909 1680 953 1720 in
980 1679 1184 1733 optimam
1214 1681 1379 1732 partem
1405 1692 1468 1718 ac-

77 1752 110 1777 25
130 1740 270 1794 cipies.
327 1738 538 1780 Scribitur
567 1739 691 1780 nobis
721 1753 919 1794 magnam
950 1740 1246 1778 veteranorum
1276 1736 1468 1776 multitu-

131 1799 272 1839 dinem
302 1797 483 1838 Romam
521 1797 763 1839 convenisse
804 1797 887 1837 iam
920 1798 960 1836 et
992 1795 1044 1835 ad
1075 1795 1126 1836 K.
1157 1794 1248 1835 Iun.
1279 1795 1468 1834 futuram

129 1857 266 1898 multo
306 1857 521 1896 maiorem.
587 1856 651 1896 De
687 1858 730 1896 te
767 1855 803 1895 si
843 1854 1084 1894 dubitemus
1125 1856 1197 1893 aut
1236 1866 1468 1905 vereamur,

130 1915 262 1956 simus
292 1915 428 1955 nostri
460 1914 700 1968 dissimiles3
733 1913 805 1953 sed
835 1915 958 1966 certe,
990 1926 1085 1952 cum
1117 1911 1198 1965 ipsi
1228 1911 1274 1951 in
1298 1913 1371 1956 tua
1395 1924 1469 1964 po-

129 1976 281 2015 testate
319 1973 523 2014 fuerimus
559 1976 717 2026 tuoque
759 1971 927 2012 adducti
966 1970 1142 2010 consilio
1184 1968 1468 2009 dimiserimus

78 2044 112 2069 30
131 2046 183 2073 ex
211 2032 455 2086 municipiis
491 2034 659 2072 nostros
688 2029 945 2070 necessarios
976 2043 1111 2082 neque
1149 2028 1287 2068 solum
1319 2027 1468 2080 edicto,

131 2091 204 2132 sed
234 2091 361 2132 etiam
392 2090 546 2130 litteris
577 2089 622 2130 id
651 2089 890 2142 fecerimus,
924 2087 1041 2142 digni
1074 2100 1228 2140 sumus,
1262 2099 1367 2139 quos
1397 2084 1469 2125 ha—

130 2149 230 2190 beas
265 2149 330 2190 tui
361 2149 527 2190 consilii
557 2147 803 2202 participes,
835 2147 879 2186 in
911 2160 958 2186 ea
987 2144 1236 2199 praesertim
1268 2158 1330 2197 re,
1362 2157 1468 2197 quae

130 2207 183 2248 ad
211 2222 289 2249 nos
319 2208 513 2262 pertinet.
575 2206 713 2255 Quare
749 2205 932 2259 petimus
963 2218 987 2244 a
1017 2207 1077 2258 te,
1114 2203 1242 2243 facias
1273 2216 1351 2242 nos
1383 2216 1468 2242 cer-
1495 2213 1513 2242 ·2

129 2266 260 2307 tiores
294 2268 392 2307 tuae
428 2265 660 2307 voluntatis
698 2264 742 2305 in
778 2277 872 2317 nOS,
908 2265 1085 2317 putesne
1122 2275 1199 2302 nos
1230 2263 1346 2302 tutos
1377 2260 1468 2301 fore
