1659 2552
96 318 115 348 ιθ

140 93 226 134 520
638 91 976 126 EPISTULARUM

141 193 294 243 terOS,
338 188 529 229 idcirco
570 190 728 241 taceo,
774 187 904 241 quod
945 200 1041 228 non
1079 186 1333 241 existimo,
1377 200 1483 228 cum

142 247 410 302 Pompeius
442 247 594 300 absit,
627 261 822 287 causam
854 246 962 301 agri
991 244 1225 300 Campani
1259 246 1338 301 agi
1371 259 1482 286 con-

143 307 348 348 venire'.
410 305 519 346 Tum
551 306 622 346 ille
655 320 696 345 se
729 307 921 345 senatum
953 304 1124 360 negavit
1155 307 1307 345 tenere.
1363 303 1482 345 Raci-

143 366 226 406 lius
258 365 440 406 surrexit
467 368 508 405 et
535 365 583 405 de
610 363 777 405 iudiciis
797 364 952 404 referre
979 363 1127 417 coepit.
1189 363 1481 404 Marcellinum

145 425 315 479 quidem
351 424 537 478 primum
575 423 752 478 rogavit.
814 421 856 463 Is
894 436 988 463 cum
1019 422 1206 478 graviter
1237 422 1287 463 de
1320 421 1481 463 Clodia-

144 484 210 524 nis
253 482 477 535 incendiis,
521 481 896 535 trucidationibus,
939 481 1271 535 lapidationibus
1311 483 1482 535 questus

147 544 271 596 esset,
303 541 555 582 sententiam
589 540 713 594 dixit,
753 543 800 580 ut
832 541 921 594 ipse
953 540 1110 580 iudices
1140 554 1216 594 per
1245 542 1483 594 praetorem

146 601 357 642 urbanum
397 600 638 653 sortiretur,
682 599 868 639 iudicum
906 599 1128 640 sortitione
1166 600 1275 639 facta
1313 598 1484 640 comitia

146 660 420 713 haberentur3
461 659 533 712 qui
574 658 729 698 iudicia
769 657 1032 712 impedisset,
1074 672 1168 699 eum
1210 660 1356 698 contra
1394 671 1484 698 rem

147 719 361 773 publicam
402 732 489 758 esse
530 718 752 758 facturum.
823 716 1070 771 Adprobata
1113 716 1232 757 valde
1276 717 1484 758 sententia

150 778 192 819 C.
227 776 331 818 Cato
371 779 516 817 contra
558 776 665 816 dixit
706 778 746 816 et
785 774 827 816 C.
862 774 1029 816 Cassius
1066 776 1250 816 maxima
1287 775 1484 816 acclama-

148 837 263 877 tione
302 838 487 889 senatus,
528 849 622 875 cum
661 834 832 875 comitia
869 834 1036 875 iudiciis
1073 834 1339 875 anteferrent.
1388 833 1486 875 Phi-

149 896 289 949 lippus
331 894 515 935 adsensit
544 893 738 934 Lentulo.
799 893 951 934 Postea
991 892 1179 934 Racilius
1220 893 1269 934 de
1309 893 1487 947 privatis

150 969 216 995 me
247 954 433 1008 primum
465 953 717 993 sententiam
755 952 932 1007 rogavit.
994 951 1130 992 Multa
1166 952 1246 992 feci
1277 952 1405 992 verba
1437 951 1487 993 de

150 1016 242 1054 toto
274 1014 416 1053 furore
446 1011 754 1065 latrocinioque
785 1010 829 1051 P.
858 1009 996 1065 Clodi3
1028 1014 1244 1065 tamquam
1275 1025 1392 1051 reum
1424 1024 1487 1052 ac-

151 1071 292 1112 cusavi
335 1071 481 1111 multis
523 1072 563 1110 et
607 1069 799 1111 secundis
842 1069 1304 1110 admurmurationibus
1348 1069 1488 1110 cuncti

151 1133 330 1172 senatus.
380 1129 626 1170 Orationem
651 1143 788 1169 meam
808 1128 1076 1169 conlaudavit
1104 1129 1204 1169 satis
1229 1128 1376 1169 multis
1399 1142 1489 1169 ver-

152 1190 217 1230 bis
260 1203 346 1229 non
390 1188 627 1229 mehercule
671 1188 872 1228 indiserte
916 1186 1050 1228 Vetus
1092 1187 1325 1241 Antistius,
1369 1187 1488 1241 isque

152 1248 405 1288 iudiciorum
432 1261 598 1288 causam
631 1246 814 1300 suscepit
845 1246 1266 1300 antiquissimamque
1298 1260 1340 1286 se
1370 1245 1489 1286 habi-

150 1310 295 1347 turum
321 1306 439 1346 djxit.
500 1305 648 1346 Ibatur
679 1305 722 1345 in
754 1320 845 1345 611111
877 1305 1139 1345 sententiam.
1181 1304 1288 1344 Tum
1316 1303 1489 1345 Clodius

151 1368 325 1421 rogatus
352 1365 462 1404 diem
489 1363 664 1405 dicendo
691 1363 872 1404 eximere
899 1363 1052 1417 coepit:
1085 1363 1252 1403 furebat
1277 1378 1299 1402 11
1325 1362 1489 1403 Racilio

151 1438 194 1465 se
239 1423 544 1464 contumaciter
585 1422 876 1476 inurbaneque
916 1424 1124 1462 vexatum.
1195 1421 1357 1462 Deinde
1401 1422 1491 1462 eius

152 1496 302 1536 operae
347 1484 517 1535 repente
561 1496 585 1521 a
629 1479 892 1521 Graecostasi
936 1483 976 1520 et
1019 1480 1221 1536 aradibus
1265 1479 1491 1521 clamorem

153 1541 255 1581 satis
286 1555 488 1595 magnum
520 1539 798 1592 sustulerunt,
831 1539 998 1593 opinor,
1037 1539 1080 1579 in
1113 1538 1158 1587 Q.
1193 1538 1418 1579 Sextilium
1451 1541 1492 1580 et

152 1599 309 1640 amicos
334 1598 507 1639 Milonis
538 1598 746 1639 incitatae.
780 1597 843 1638 Eo
875 1600 991 1638 metu
1023 1598 1177 1638 iniecto
1211 1601 1380 1652 repente
1406 1612 1492 1638 ma-

151 1673 235 1714 gna
267 1657 532 1712 querimonia
563 1657 753 1697 omnium
792 1656 1068 1697 discessimus.

240 1716 383 1757 Habes
410 1719 501 1756 acta
527 1716 651 1756 unius
678 1715 778 1770 diei3
810 1715 984 1769 reliqua,
1016 1718 1063 1755 ut
1088 1715 1285 1769 arbitror,
1310 1715 1355 1756 in
1379 1729 1493 1756 men-

153 1789 240 1816 sem
278 1774 522 1816 Ianuarium
559 1774 796 1815 reicientur.
858 1774 920 1815 De
957 1773 1141 1814 tribunis
1178 1773 1232 1828 pl.
1265 1773 1391 1829 longe
1423 1788 1494 1828 op-

154 1834 306 1875 timum
349 1833 561 1874 Racilium
603 1833 818 1874 habemus.
886 1832 1068 1873 Videtur
1111 1833 1238 1873 etiam
1282 1832 1494 1873 Antistius

154 1893 313 1933 amicus
339 1892 462 1934 nobis
488 1893 595 1947 fore3
626 1907 725 1932 nam
749 1890 946 1932 Plancius
971 1894 1087 1932 totus
1113 1894 1257 1932 noster
1282 1894 1355 1932 est.
1399 1890 1493 1945 Fac,

154 1952 189 1992 si
221 1966 287 1992 me
326 1966 457 2005 amas,
498 1954 545 1991 ut
586 1950 846 1992 considerate
885 1950 1194 2032 diligenterque
1234 1950 1407 2006 naviges
1445 1949 1495 1990 (16

154 2025 296 2051 mense
328 1985 565 2051 Deceinbri.

1506 728 1538 753 10

1508 1021 1541 1046 15

1510 1315 1543 1339 :20

1511 1608 1545 1634 25

1514 1902 1548 1926 30
