1659 2552
631 95 772 128 LIBER
796 94 829 128 X
854 98 980 130 8—10.
1391 95 1476 136 ‘269

135 205 229 232 oum
270 190 610 244 immortalitate,
652 193 699 231 ut
740 190 829 230 sine
867 190 920 230 iis
959 189 1067 230 nihil
1111 189 1159 230 de
1199 204 1293 230 meo
1336 191 1475 232 studio

133 249 528 304 perseverantiaque
561 250 640 290 sim
678 249 939 290 remissurus.
999 247 1094 289 Nisi
1128 248 1171 288 in
1203 249 1475 290 multitudine

136 308 395 363 optimorum
428 308 582 348 civium
615 309 797 361 impetus
824 307 953 348 animi
985 307 1067 348 mei
1094 307 1222 347 fuerifi
1249 307 1474 362 singularis

135 371 177 408 et
203 381 329 421 opera
359 367 594 420 praecipua,
627 367 734 407 nihil
760 366 811 406 ad
835 380 972 406 meam
999 365 1249 421 dignitatem
1282 366 1475 406 accedere

82 440 97 465 5
135 426 232 467 volo
259 426 559 481 suffragatione
586 429 734 465 vestra.
781 424 1042 478 Concupisco
1069 427 1210 464 autem
1236 413 1343 464 nihss
1369 425 1474 465 mihi
1503 436 1520 466 3

136 483 302 540 (eontra
340 484 454 538 quod
491 485 578 538 ipse
616 482 797 539 pugno)3
836 486 876 524 et
914 483 1118 537 temporis
1149 485 1190 523 et
1222 483 1283 523 rei
1315 486 1356 523 te
1388 497 1475 523 mo-

137 543 371 584 deratorem
391 543 512 583 facile
540 543 679 596 patior
705 556 804 583 esse.
848 541 970 583 Nihil
996 544 1067 582 aut
1100 555 1192 582 sero
1225 544 1298 582 aut
1324 542 1474 596 exigue

136 617 159 642 a
189 602 327 656 patria
359 602 439 642 civi
472 602 681 642 tributum
713 603 852 655 potest
882 600 1026 640 videri.

223 660 469 701 Exercitum
514 676 546 700 a.
590 660 624 700 d.
670 671 717 699 VI
760 659 810 700 K.
853 658 987 699 Maias
1030 658 1284 699 Rhodanum
1328 658 1474 699 traieci

84 733 117 758 10
136 720 301 775 magnis
338 719 581 771 itineribus,
619 717 785 759 Vienna
822 718 983 771 equites
1022 717 1139 758 mille
1176 717 1244 757 via
1280 717 1473 758 breviore

134 778 344 832 praemisi.
405 776 517 832 Ipse,
551 778 585 817 si
617 777 668 817 ab
701 777 861 830 Lepido
893 791 978 817 non
1010 776 1226 830 impediar,
1260 776 1474 816 celeritate

136 837 237 878 satis
269 837 437 886 faciam;
480 837 513 876 si
555 838 695 876 autem
733 835 875 876 itineri
914 827 1010 875 'meo
1049 849 1091 875 se
1133 834 1381 889 opposierit,
1423 834 1475 875 ad

135 899 302 950 tempus
341 895 563 936 consilium
602 894 774 948 capiam.
838 893 989 947 Copias
1027 893 1187 934 adduco
1227 896 1267 933 et
1298 908 1474 934 numero

136 957 177 995 et
208 968 361 1009 genere
400 957 440 994 et
478 953 681 993 fidelitate
719 952 993 993 firmissimas.
1026 951 1102 1006 Te,
1134 955 1180 992 ut
1213 952 1364 1007 diligas
1395 966 1474 1006 me,

84 1025 117 1049 15
137 1013 171 1054 si
202 1016 351 1054 mutuo
384 1015 425 1054 te
458 1013 668 1053 :facturum
700 1012 791 1065 sois,
824 1025 939 1066 rogo.
1001 1009 1117 1051 Vale.

779 1162 829 1203 X.

402 1244 476 1279 Ser.
504 1244 640 1279 Romae
665 1243 738 1276 HI
759 1243 806 1277 K.
833 1243 925 1287 Apr.
955 1255 987 1277 a.
1017 1244 1084 1276 711
1115 1244 1204 1285 (43).

602 1323 769 1359 CICERO
801 1323 1001 1358 PLANCO.

223 1420 319 1461 Etsi
361 1421 461 1462 satis
500 1435 550 1461 ex
587 1420 746 1461 Furnio
783 1423 930 1461 nostro
969 1433 1215 1474 cognoram,
1260 1433 1365 1473 quae
1402 1421 1475 1459 tua
1504 1432 1520 1461 1

85 1480 348 1533 20VOlU11'taS,
393 1479 506 1533 quod
543 1479 766 1519 consilium
805 1479 854 1519 de
891 1492 935 1519 re
972 1493 1012 1532 p.
1045 1481 1169 1531 esset,
1212 1480 1354 1518 tamen
1390 1478 1476 1518 tuis

135 1538 290 1579 litteris
339 1538 458 1578 lectis
507 1538 710 1591 liquidius
755 1537 803 1578 de
846 1540 939 1578 toto
990 1551 1114 1577 sensu
1162 1539 1236 1577 tuo
1281 1536 1474 1577 iudicavi.

137 1596 272 1646 Quam
310 1596 364 1637 ob
403 1611 508 1649 rem,
547 1610 801 1650 quamquam
833 1596 877 1636 in
908 1610 993 1636 uno
1030 1595 1193 1649 proelio
1226 1596 1362 1635 omnis
1394 1596 1477 1635 for-

136 1658 239 1696 tuna
270 1655 331 1695 rei
361 1670 400 1708 p.
434 1655 639 1708 disceptat
671 1654 804 1709 (quod
830 1654 1012 1707 quidem,
1044 1668 1139 1694 oum
1170 1654 1273 1694 haee
1303 1654 1476 1709 legereS,

137 1714 221 1754 iam
253 1713 466 1753 decretum
498 1713 736 1753 arbitrabar
761 1712 887 1768 fore),
919 1715 1061 1752 tamen
1092 1712 1184 1765 ipsa
1215 1713 1337 1766 fama,
1370 1726 1475 1766 quae

85 1786 118 1810 25
139 1772 187 1812 de
219 1774 292 1812 tua
322 1771 540 1812 voluntate
571 1771 845 1825 percrebruit,
879 1786 1076 1826 magnam
1109 1781 1159 1821 es
1182 1770 1349 1811 laudem
1382 1785 1476 1811 oon-

138 1833 314 1871 seeutus.
375 1828 540 1883 Itaque,
572 1830 607 1869 si
639 1830 853 1870 consulem
883 1828 1043 1869 Romae
1074 1829 1378 1883 habuissemus,
1411 1829 1476 1869 de-

138 1889 343 1929 claratum
380 1891 487 1928 esset
519 1888 571 1928 ab
610 1891 757 1928 senatu
789 1902 884 1928 oum
914 1887 1000 1927 tuis
1031 1887 1196 1942 magnis
1227 1887 1475 1941 honoribus,

138 1963 264 2001 quam
301 1950 447 2002 gratus
485 1948 592 1986 esset
630 1949 805 1986 conatus
838 1948 879 1986 et
919 1948 1144 1999 apparatus
1175 1947 1283 1985 tuus.
1347 1945 1475 1986 Cuius

137 2006 198 2046 rei
229 2020 315 2046 non
346 2005 472 2046 modo
504 2019 589 2045 non
620 2004 838 2058 praeteriit
869 2007 1048 2057 temPUS,
1081 2004 1153 2044 sed
1177 2018 1229 2044 ne
1260 2006 1474 2044 maturum

86 2077 118 2102 30
139 2064 309 2118 quidem
340 2064 467 2104 etiam
498 2077 610 2103 nuno
634 2077 728 2103 meo
755 2062 923 2116 quidem
949 2062 1104 2102 iudicio
1137 2062 1228 2102 fuit.
1289 2061 1331 2102 Is
1363 2062 1475 2102 enim

140 2123 318 2176 denique
343 2122 478 2163 honos
502 2121 609 2162 mihi
634 2121 767 2161 videri
801 2121 918 2174 solet,
951 2121 1023 2174 qui
1048 2135 1134 2160 non
1159 2122 1333 2174 proprer
1359 2135 1475 2174 spem

138 2181 271 2222 futuri
302 2181 512 2233 beneficii,
546 2180 618 2220 sed
648 2181 822 2233 propter
852 2194 1006 2234 magna
1036 2179 1188 2219 merita
1219 2179 1341 2219 claris
1372 2179 1474 2219 viris

139 2239 325 2280 defertur
362 2243 403 2280 et
442 2240 574 2280 datur.
637 2237 790 2291 Quare,
828 2237 882 2277 sit
918 2237 1045 2277 modo
1078 2237 1219 2291 aliqua
1250 2252 1316 2278 res
1346 2253 1398 2292 p.,
1430 2238 1475 2278 in
1501 2249 1520 2279 2

139 2312 221 2352 qua-
243 2298 379 2339 honos
405 2299 565 2339 elucere
594 2297 739 2350 possit,
772 2295 979 2350 omnibus,
1010 2295 1116 2336 mihi
1143 2296 1274 2349 crede,
1307 2296 1474 2350 amplis-
