1659 2552
167 1064 207 1094 13

167 2120 208 2149 14

236 73 323 114 494
741 73 1080 108 EPISTULARUM

235 184 367 210 unum
394 184 602 224 quemque
630 184 788 222 eorum,
819 168 902 223 sed,
935 171 1092 222 quanta
1118 168 1172 209 sit
1198 168 1241 209 in
1267 182 1434 223 quoque
1459 168 1575 223 fides,

235 231 402 270 tantum
423 228 573 282 cuique
593 228 868 268 committere.
895 226 1036 281 Atque
1057 227 1168 268 inter
1179 227 1258 268 hos
1272 241 1354 281 eos,
1375 242 1480 282 quos
1493 227 1574 268 tibi

235 287 411 329 comites
443 290 485 328 et
515 287 729 327 adiutores
754 286 1024 341 negotiorum
1050 286 1318 340 publicorum
1345 286 1459 327 dedit
1484 287 1575 341 ipsa

240 360 306 387 res
330 346 516 400 publica,
550 346 769 386 dumtaxat
800 344 956 385 finibus
981 345 1033 385 iis
1064 344 1309 399 praestabis,
1341 359 1446 399 quos
1478 348 1574 386 ante

235 405 506 459 praescripsi,
539 418 644 458 quos
669 418 769 444 vero
795 406 868 444 aut
894 418 945 444 ex
971 403 1211 444 domesticis
1237 404 1574 445 convictionibus
1612 414 1628 439 5

236 466 309 504 aut
329 478 379 504 ex
400 463 645 504 necessariis
665 462 1003 516 apparitionibus
1029 465 1168 503 tecum
1188 476 1276 503 esse
1296 462 1481 517 voluisti,
1501 463 1574 517 qui

236 523 355 576 quasi
388 537 438 563 ex
465 522 637 568 cohorte
664 521 871 575 praetoris
898 521 1100 575 appellari
1127 521 1274 575 solent,
1304 521 1458 562 horum
1489 536 1574 562 non

234 582 361 622 modo
381 582 502 635 facta,
523 581 596 621 sed
615 580 742 621 etiam
763 579 875 620 dicta
894 580 1036 621 omnia
1053 580 1304 634 praestanda
1322 580 1446 621 nobis
1465 582 1574 621 sunt.

236 639 319 681 Sed
350 640 480 680 habes
506 653 576 680 eos
601 642 753 693 tecum,
786 653 891 693 quos
916 639 1052 693 possis
1078 642 1189 680 recte
1220 639 1422 680 facientes
1452 639 1573 680 facile

236 699 423 754 diligere,
454 698 595 739 minus
621 697 885 738 consulentes
912 697 1215 739 existimationi
1246 700 1343 738 tuae
1374 698 1574 739 facillime
1594 708 1628 732 10

236 761 436 798 coercere.
497 757 537 797 A
563 757 729 811 quibus,
761 756 877 797 rudis
910 771 1004 797 cum
1036 771 1157 810 esses,
1187 756 1356 797 videtur
1385 757 1574 811 potuisse

234 820 308 857 tua
338 815 571 857 liberalitas
597 815 751 870 decipi,
782 830 891 870 nam,
923 818 971 856 ut
997 816 1174 870 quisque
1199 818 1261 856 est
1287 815 1352 856 vir
1378 816 1574 870 optimus,

234 876 295 916 ita
336 875 585 916 difficillime
626 888 714 915 esse
755 874 860 915 alios
904 874 1121 928 improbos
1165 874 1421 929 suspicatur3
1463 888 1575 915 nunc

234 948 333 975 vero
384 934 535 974 tertius
578 933 648 974 hic
692 947 824 973 annus
867 932 1022 974 habeat
1067 933 1357 988 integritatem
1401 933 1574 974 eandem

235 1008 361 1047 quam
413 992 650 1046 superiores
700 992 930 1033 cautiorem
987 992 1114 1033 etiam
1157 1006 1204 1032 ac
1248 992 1572 1047 diligentiorem.
1595 1001 1627 1025 15

236 1051 330 1092 Sint
362 1066 483 1092 aures
514 1054 610 1092 tuae
642 1064 721 1104 eae,
753 1065 858 1105 quae
890 1051 944 1105 id,
977 1051 1090 1105 quod
1115 1050 1303 1104 audiunt,
1335 1051 1573 1092 existimen-

234 1114 305 1151 tur
324 1110 481 1164 audire,
513 1125 598 1151 non
625 1109 668 1150 in
689 1124 792 1163 quas
816 1110 913 1150 ficte
940 1112 981 1150 et
1007 1109 1201 1150 simulate
1227 1112 1425 1164 quaestus
1451 1123 1574 1150 causa

234 1170 532 1210 insusurretur.
595 1167 661 1209 Sit
692 1169 842 1209 anulus
873 1171 970 1209 tuus
1001 1182 1087 1209 non
1118 1171 1165 1208 ut
1190 1183 1263 1209 vas
1288 1168 1471 1223 aliquod,
1502 1168 1575 1209 sed

234 1232 450 1282 tamquam
482 1228 571 1282 ipse
603 1230 661 1281 tu,
692 1242 778 1268 non
808 1227 1004 1268 minister
1034 1227 1193 1268 alienae
1225 1227 1467 1281 voluntatis,
1501 1226 1573 1268 sed

234 1287 355 1328 testis
385 1290 492 1328 tuae.
542 1286 755 1326 Accensus
781 1286 836 1326 sit
861 1300 910 1327 eo
936 1300 1124 1339 numero,
1157 1300 1239 1339 quo
1266 1300 1361 1326 eum
1392 1286 1572 1326 maiores
1593 1296 1626 1321 ·20

233 1345 368 1386 nostri
408 1359 496 1386 esse
534 1345 776 1397 voluerunt,
819 1344 890 1397 qui
927 1344 1008 1385 hoc
1045 1358 1130 1385 non
1167 1344 1211 1384 in
1243 1344 1436 1385 beneficii
1467 1344 1571 1397 loco,

233 1404 306 1444 sed
338 1404 381 1444 in
412 1403 571 1444 laboris
597 1417 644 1443 ac
674 1403 860 1443 muneris
885 1417 970 1443 non
1002 1406 1158 1443 temere
1183 1402 1265 1443 nisi
1296 1402 1461 1443 libertis
1486 1403 1572 1444 suis

234 1462 490 1516 deferebant,
523 1462 676 1515 quibus
708 1462 770 1502 illi
798 1461 967 1514 quidem
998 1475 1083 1502 non
1114 1461 1249 1502 multo
1275 1475 1393 1502 secus
1418 1475 1466 1502 ac
1491 1475 1572 1502 ser-

233 1521 297 1562 vis
328 1520 604 1574 imperabant.
656 1519 720 1560 Sit
751 1520 876 1560 lictor
899 1534 985 1560 non
1011 1534 1108 1560 suae
1139 1521 1348 1574 saevitiae,
1379 1519 1451 1560 sed
1475 1522 1571 1561 tuae

233 1580 422 1621 lenitatis
454 1579 690 1633 apparitor,
722 1579 965 1632 maioraque
996 1579 1236 1632 praeferant
1267 1579 1399 1619 fasces
1431 1579 1494 1619 illi
1526 1592 1573 1619 ac
1591 1589 1625 1615 25

234 1653 398 1679 secures
431 1638 651 1693 dignitatis
682 1637 866 1693 insignia
892 1652 1017 1692 quam
1048 1637 1280 1691 potestatis.
1330 1637 1429 1678 Toti
1461 1637 1572 1678 deni-

234 1712 314 1751 que
340 1697 396 1737 sit
426 1696 668 1750 provinciae
695 1696 913 1751 cognitum
939 1696 1019 1736 tibi
1045 1697 1246 1750 omnium,
1278 1696 1432 1750 quibus
1457 1710 1572 1751 prae-

234 1757 310 1809 sis,
343 1755 538 1809 salutem,
569 1755 746 1808 liberos,
778 1755 951 1809 famam,
983 1755 1174 1796 fortunas
1206 1769 1294 1795 esse
1325 1754 1571 1795 carissimas.

234 1815 427 1868 Denique
464 1814 566 1855 haec
605 1814 749 1868 opinio
788 1814 859 1867 sit,
900 1828 985 1854 non
1022 1814 1148 1854 modo
1189 1814 1259 1868 iis,
1300 1813 1372 1867 qui
1413 1813 1573 1867 aliquid

235 1873 488 1927 acceperint,
529 1872 601 1913 sed
639 1873 690 1913 iis
728 1873 875 1926 etiam,
917 1872 989 1926 qui
1022 1872 1228 1926 dederint,
1269 1875 1311 1913 te
1342 1871 1571 1926 inimicum,
1591 1883 1625 1908 30

235 1933 269 1973 si
302 1932 345 1972 id
377 1931 645 1987 cognoveris,
677 1932 878 1971 futurum.
939 1930 1088 1984 Neque
1119 1945 1218 1971 vero
1251 1930 1473 1984 quisquam
1505 1930 1572 1970 da-

235 1991 310 2044 bit,
343 2005 437 2031 cum
464 1990 545 2031 erit
575 1990 656 2030 hoc
687 1993 964 2043 perspectum,
996 1989 1103 2029 nihil
1124 2004 1210 2044 per
1235 2003 1315 2043 eos,
1348 1989 1419 2042 qui
1446 1989 1571 2029 simu-

234 2050 324 2090 lant
349 2064 392 2089 se
419 2048 530 2102 apud
555 2051 597 2089 te
625 2048 807 2089 multum
839 2062 972 2102 posse,
1004 2048 1078 2088 abs
1110 2051 1151 2088 te
1178 2048 1311 2088 solere
1342 2047 1570 2100 impetrari.

234 2107 324 2149 Nec
360 2111 501 2148 tamen
539 2107 642 2147 haec
680 2107 814 2147 oratio
852 2121 946 2147 mea
982 2110 1045 2147 est
1082 2107 1170 2147 eius
1207 2105 1339 2159 modi,
1377 2108 1424 2146 ut
1454 2107 1496 2146 te
1527 2106 1571 2146 in

235 2170 331 2207 tuos
369 2169 441 2206 aut
479 2166 630 2206 durum
669 2179 757 2206 esse
793 2165 972 2206 nimium
1010 2168 1083 2205 aut
1119 2165 1394 2218 suspiciosum
1432 2164 1570 2205 velim.
1591 2175 1625 2201 35

233 2224 363 2278 Nam,
395 2225 429 2266 si
463 2224 557 2278 quis
589 2226 652 2265 est
683 2238 845 2278 eorum,
878 2224 949 2277 qui
982 2223 1060 2264 tibi
1094 2223 1253 2264 biennii
1285 2223 1421 2276 spatio
1454 2237 1571 2263 num-

235 2297 360 2336 quam
395 2284 437 2323 in
464 2282 745 2336 suspicionem
772 2282 971 2322 avaritiae
997 2282 1169 2335 venerit,
1201 2283 1248 2321 ut
1273 2295 1351 2336 ego
1379 2280 1570 2322 Caesium
