1659 2552
76 541 120 571 34

147 80 232 121 502
647 79 988 114 EPISTULARUM

146 175 398 230 publicanos
440 175 540 216 hinc
585 175 774 229 intellegi
818 177 975 229 potest,
1018 174 1132 229 quod
1170 174 1320 217 Caunii
1356 190 1491 231 nuper

147 249 375 289 omnesque
408 248 459 275 ex
490 234 651 288 insulis,
684 247 789 287 quae
819 235 938 273 erant
970 248 993 274 a
1020 232 1136 274 Sulla
1162 233 1342 275 Rhodiis
1373 235 1491 275 attri—

146 294 291 348 butae,
323 293 605 348 confugerunt
637 292 689 333 ad
721 294 925 341 senatum,
957 292 1081 333 nobis
1112 295 1160 333 ut
1191 293 1334 347 potius
1364 294 1491 334 vecti-

145 353 216 408 gal
248 367 374 407 quam
405 351 585 392 Rhodiis
616 351 858 405 penderent.
921 350 1057 399 Quare
1089 366 1244 392 nomen
1274 352 1491 407 publicani

145 426 282 465 neque
307 411 338 452 ii
365 411 519 451 debent
543 410 728 464 horrere,
761 410 833 464 qui
860 424 1024 464 semper
1049 410 1276 466 vectigales
1307 412 1491 465 fuerunt,

146 485 282 525 neque
320 470 350 510 ii
388 469 621 524 aspernari,
663 469 733 523 qui
773 483 848 522 per
885 483 927 509 se
968 469 1149 523 pendere
1186 470 1369 526 vectigal
1405 484 1491 511 non

146 531 389 584 potuerunt,
420 542 556 582 neque
582 528 613 568 ii
639 542 842 581 recusare,
876 527 947 581 qui
979 528 1313 581 postulaverunt.
1356 528 1493 570 Simul

147 591 188 629 et
219 588 327 628 illud
350 586 455 628 Asia
487 587 657 642 cogitet,
689 587 850 627 nullam
879 585 931 627 ab
959 600 1001 627 se
1033 601 1168 641 neque
1200 587 1302 628 belli
1329 588 1492 628 externi

146 661 281 701 neque
321 646 647 687 domesticarum
687 645 991 686 discordiarum
1032 646 1315 688 calamitatem
1356 647 1492 687 afutu—

146 721 236 746 ram
269 706 415 770 fuisse,
457 705 493 745 si
529 705 611 745 hoc
648 704 826 758 imperio
859 718 944 744 non
982 707 1206 745 teneretur.
1268 704 1318 746 Id
1349 707 1491 746 autem
1512 719 1545 744 10

146 765 372 819 impeiium
411 778 507 804 cum
548 763 721 804 retineri
766 763 854 803 sine
892 763 1172 819 vectigalibus
1208 764 1326 805 nullo
1363 764 1490 805 modo

1528 424 1544 449 2’!

75 824 302 947 32possit,
347 837 480 877 aequo
526 822 666 863 animo
710 824 830 876 parte
874 822 1016 876 aliqua
1059 837 1232 863 suorum
1276 823 1492 864 fructuum

74 1776 118 1806 36

101 897 291 948 f>pacem
325 882 407 922 sibi
440 882 739 936 sempiternam
772 881 950 921 redimat
983 883 1108 935 atque
1141 882 1287 922 otium.
1332 881 1492 947 Quodsi

101 927 280 997 Ogenus
318 941 457 995 ipsum
496 943 536 981 et
580 955 735 981 nomen
774 939 992 993 publicani
1031 955 1117 981 non
1158 940 1305 994 iniquo
1349 941 1491 981 animo

147 999 438 1054 sustinebunt,
473 1001 674 1054 poterunt
706 999 758 1039 iis
791 998 967 1039 consilio
999 1001 1041 1039 et
1071 999 1296 1053 prudentia
1326 1001 1399 1040 tua
1430 1013 1492 1040 re-
1512 1012 1544 1037 15

145 1059 263 1113 liqua
299 1058 433 1099 videri
470 1058 659 1113 mitiora3
699 1060 876 1111 possunt
914 1057 958 1098 in
989 1057 1258 1111 pactionibus
1289 1058 1491 1099 faciendis

146 1132 231 1158 non
271 1117 410 1173 legem
451 1119 639 1171 spectare
680 1116 933 1169 censoriam,
975 1116 1047 1157 sed
1083 1117 1227 1171 potius
1265 1117 1491 1158 commodi-

145 1179 278 1217 tatem
322 1176 571 1217 conficiendi
614 1175 777 1231 negotii
821 1177 862 1216 et
911 1175 1208 1216 liberationem
1252 1176 1491 1230 molestiae,

145 1239 266 1290 potes
305 1235 432 1276 etiam
473 1237 520 1275 tu
562 1234 605 1274 id
645 1234 802 1288 facere,
844 1234 957 1288 quod
995 1236 1036 1275 et
1072 1234 1210 1275 fecisti
1249 1235 1416 1290 egregie
1449 1237 1490 1275 et

145 1295 260 1347 facis,
286 1297 333 1334 ut
354 1307 668 1346 commemores,
695 1295 851 1346 quanta
878 1293 932 1332 sit
959 1293 1002 1340 in
1028 1293 1266 1346 publicanis
1293 1293 1490 1348 dignitas,
1510 1306 1543 1331 20

146 1355 352 1407 quantum
383 1367 461 1393 nos
493 1352 555 1392 illi
589 1351 727 1392 ordini
761 1351 1003 1405 debeamus,
1035 1353 1082 1391 ut
1114 1354 1278 1392 remoto
1310 1351 1488 1405 imperio

145 1426 191 1452 ac
230 1412 272 1452 vi
316 1411 540 1464 potestatis
581 1413 621 1450 et
666 1410 843 1450 fascium
886 1409 1134 1463 publicanos
1179 1424 1274 1450 cum
1319 1409 1489 1451 Graecis

144 1470 282 1526 gratia
319 1472 444 1523 atque
482 1469 733 1509 auctoritate
765 1468 997 1523 coniungas
1031 1468 1140 1522 [sed]
1173 1471 1214 1509 et
1247 1468 1298 1509 ab
1331 1468 1399 1522 iis,
1439 1468 1488 1509 de

146 1529 301 1583 quibus
328 1528 486 1582 optime
512 1531 559 1568 tu
584 1527 761 1567 meritus
787 1541 842 1581 es,
874 1530 915 1567 et
942 1527 1012 1581 qui
1047 1527 1127 1567 tibi
1155 1527 1295 1568 omnia
1322 1527 1488 1581 debent,

143 1587 226 1628 hoc
263 1589 397 1641 petas,
442 1589 488 1627 ut
527 1586 729 1626 facilitate
767 1600 841 1626 sua
878 1600 955 1626 nos
993 1600 1085 1626 eam
1122 1586 1487 1640 necessitudinem,
1507 1598 1540 1623 25

146 1660 251 1701 quae
284 1648 346 1686 est
377 1645 501 1686 nobis
533 1660 628 1685 cum
661 1644 909 1699 publicanis,
943 1644 1135 1685 obtinere
1167 1647 1209 1685 et
1242 1659 1488 1686 conservare

143 1705 370 1760 patiantur.

234 1763 316 1804 Sed
348 1763 451 1817 quid
487 1777 566 1818 ego
604 1765 645 1803 te
683 1762 786 1803 haec
816 1762 983 1816 hortor,
1022 1776 1127 1815 quae
1166 1765 1213 1802 tu
1244 1776 1330 1803 non
1360 1761 1487 1803 modo

144 1823 280 1863 facere
312 1825 432 1877 potes
462 1824 537 1862 tua
562 1824 712 1875 sponte
745 1821 833 1862 sine
860 1821 1106 1874 cuiusquam
1139 1820 1384 1875 praeceptis,
1416 1819 1488 1861 sed

144 1882 272 1922 etiam
303 1896 458 1936 magna
490 1881 573 1921 iam
606 1895 656 1921 ex
688 1882 807 1933 parte
839 1880 1083 1933 perfecisti?
1144 1879 1243 1920 Non
1276 1879 1388 1920 enim
1421 1879 1487 1919 de-
1507 1891 1540 1916 30

144 1941 299 1981 sistunt
343 1940 467 1980 nobis
511 1953 634 1994 agere
679 1938 832 1979 cotidie
879 1938 1038 1993 gratias
1081 1938 1402 1979 honestissimae
1446 1939 1487 1978 et

143 1999 352 2039 maximae
384 1998 622 2052 societates,
664 1997 777 2051 quod
809 1997 978 2050 quidem
1016 1997 1135 2037 mihi.
1155 1997 1311 2037 idcirco
1344 1996 1486 2036 iucun-

146 2058 238 2098 dius
265 2060 344 2111 est,
377 2057 491 2111 quod
522 2056 633 2097 idem
659 2055 820 2095 faciunt
849 2054 1014 2110 Graeci3
1048 2055 1219 2096 difficile
1252 2057 1314 2096 est
1345 2056 1486 2094 autem

144 2130 208 2170 ea,
248 2131 352 2170 quae
386 2115 636 2168 commodis,
674 2114 858 2154 utilitate
899 2117 940 2154 et
976 2128 1108 2168 prope
1140 2117 1292 2154 natura
1323 2112 1487 2153 diversa

144 2178 252 2228 sunt,
285 2175 502 2215 voluntate
529 2174 794 2228 coniungere.
857 2172 914 2213 At
942 2186 989 2213 ea
1014 2172 1196 2227 quidem,
1229 2185 1333 2226 quae
1360 2185 1486 2226 supra
1505 2182 1538 2207 35

144 2234 298 2287 scripta
326 2236 434 2287 sunt,
463 2247 547 2273 non
574 2234 620 2273 ut
647 2234 687 2272 te
714 2231 992 2285 instituerem,
1019 2231 1167 2285 scripsi
1193 2228 1347 2285 (neque
1373 2230 1487 2271 enim

142 2292 366 2346 prudentia
399 2295 471 2332 tua
504 2291 752 2344 cuiusquam
783 2293 1006 2344 praecepta
1039 2287 1284 2344 desiderat),
1316 2288 1388 2329 sed
1419 2303 1486 2329 me
