1659 2552
150 118 233 159 122
652 113 990 149 EPISTULARUM

146 215 248 254 nota
272 211 501 266 faciebant3
527 226 633 265 quae
659 210 725 252 vel
750 210 785 250 si
811 209 928 250 nulla
952 208 1048 261 sint,
1075 207 1211 248 nihilo
1238 207 1324 249 sint
1350 210 1492 249 tamen

148 271 413 313 obscuriores
445 270 545 311 clari
578 270 669 310 viri.
732 268 822 310 Nec
852 268 993 308 minus
1025 269 1089 307 est
1120 265 1356 320 Spartiates
1382 266 1492 323 Age-

147 331 276 371 silaus
307 330 378 370 ille
409 328 705 383 pei-bibendus,
738 327 809 381 qui
836 340 971 380 neque
998 325 1155 380 pictam
1181 339 1317 380 neque
1348 326 1492 366 fictam

147 389 376 444 imaginem
414 403 532 428 suam
570 401 715 441 passus
753 389 816 426 est
848 400 952 438 esse,
995 399 1121 438 quam
1160 384 1232 438 qui
1265 384 1309 425 in
1341 398 1389 425 eo
1421 398 1491 440 ge-

147 462 246 488 nere
286 447 550 499 laborarunt3
595 460 702 486 unus
743 445 855 485 enim
895 442 1194 497 Xenophontis
1235 442 1407 484 libellus
1447 442 1492 484 in
1530 455 1547 480 5

148 521 197 547 eo
230 520 327 561 rege
365 505 574 545 laudando
612 504 734 544 facile
773 516 917 544 omnes
949 502 1156 557 imagines
1189 502 1380 543 omnium
1411 504 1492 543 sta-

147 567 325 618 tuasque
356 563 581 617 superavit.
642 561 784 615 Atque
809 561 890 602 hoc
915 560 1199 615 praestantius
1230 560 1337 601 mihi
1363 560 1493 602 fuerit

149 626 191 664 et
221 624 273 663 ad
304 622 510 663 laetitiam
548 621 677 661 animi
717 623 758 661 et
795 620 848 660 ad
878 619 1107 661 memoriae
1147 619 1418 675 dignitatem,
1455 619 1492 660 si

149 682 192 722 in
224 685 296 722 tua
328 681 484 734 scripta
520 694 750 734 pervenero
789 693 915 733 quam
953 678 987 719 si
1020 678 1064 719 in
1096 680 1345 733 ceterorum,
1378 677 1493 732 quod

148 755 233 781 non
267 739 483 791 ingenium
519 738 625 779 mihi
664 738 801 778 solum
839 737 1156 791 suppeditatum
1197 737 1328 778 fuerit
1370 739 1493 778 tuum
1513 749 1546 774 10

149 799 257 839 sicut
297 798 554 838 Timoleonti
592 812 616 837 a
652 796 825 837 Timaeo
863 799 936 837 aut
976 796 1029 837 ab
1067 795 1287 837 Herodoto
1325 795 1493 837 Themi-

149 857 288 911 stocli,
329 857 401 897 sed
433 856 560 896 etiam
592 855 822 896 auctoritas
855 854 1076 895 clarissimi
1115 857 1157 895 et
1194 854 1492 909 spectatissimi

151 916 230 957 viri
262 918 304 956 et
335 915 378 955 in
410 915 470 955 rei
502 930 539 968 p.
573 914 769 955 maximis
799 913 1145 969 gravissimisque
1171 914 1307 954 causis
1332 913 1494 970 cogniti

151 978 276 1028 atque
313 974 356 1013 in
388 973 537 1027 primis
575 973 761 1027 probati,
800 975 847 1013 ut
884 972 990 1013 mihi
1027 987 1114 1013 non
1151 972 1288 1013 solum
1325 986 1494 1027 praeco-

151 1033 284 1086 nium,
326 1032 455 1086 quod,
498 1046 592 1072 cum
630 1032 673 1072 in
712 1030 886 1087 Sigeum
922 1031 1122 1086 venisset,
1162 1030 1404 1072 Alexander
1439 1031 1492 1072 ab
1513 1043 1547 1069 15

150 1092 336 1132 Homero
375 1090 533 1131 Achilli
571 1090 781 1131 tributum
813 1104 902 1131 esse
940 1090 1064 1144 dixit,
1102 1089 1175 1131 sed
1205 1090 1333 1131 etiam
1364 1104 1493 1146 grave

150 1150 441 1191 testiinonium
474 1149 738 1203 impertitum
771 1149 872 1189 clari
904 1148 1090 1189 hominis
1121 1149 1351 1204 magnique
1381 1148 1494 1190 vide-

150 1212 255 1249 atur.
299 1207 442 1248 Placet
468 1208 580 1248 enim
605 1207 766 1248 Hector
791 1208 862 1248 ille
887 1207 992 1248 mihi
1018 1207 1278 1262 Naevianus,
1310 1207 1383 1262 qui
1407 1222 1494 1249 non

149 1270 316 1308 tantum
348 1266 587 1307 ‘laudari'
620 1281 662 1307 se
687 1267 880 1320 laetatur,
912 1266 985 1307 sed
1011 1266 1127 1306 addit
1153 1266 1281 1307 etiam
1315 1267 1359 1307 ‘a
1390 1266 1494 1308 lau-

152 1327 266 1366 dato
300 1325 444 1365 viro'.
1513 1337 1548 1362 20

104 1395 125 1426 8
239 1382 361 1431 Quod
386 1383 419 1423 si
453 1398 477 1423 a
507 1385 548 1423 te
580 1396 665 1423 non
697 1382 899 1437 impetro,
930 1382 1012 1424 hoc
1043 1385 1116 1436 est,
1149 1382 1183 1423 si
1216 1397 1323 1437 quae
1354 1384 1397 1424 te
1427 1396 1494 1424 res

152 1441 391 1495 impedierit
423 1440 577 1495 (neque
610 1441 722 1481 enim
754 1443 817 1481 fas
849 1455 938 1482 esse
964 1441 1150 1482 arbitror
1175 1441 1402 1495 quicquam
1426 1455 1494 1482 me

151 1503 372 1555 rogantem
404 1499 478 1540 abs
509 1503 550 1540 te
582 1514 668 1540 non
699 1498 957 1555 impetrare),
990 1514 1118 1555 cogar
1142 1500 1320 1541 fortasse
1345 1500 1494 1554 facere,

152 1559 265 1612 quod
301 1573 386 1599 non
423 1558 531 1598 nulli
569 1572 690 1612 saepe
728 1558 1058 1612 reprehendunt,
1102 1558 1285 1599 scribam
1323 1558 1413 1612 ipse
1444 1558 1494 1600 de

150 1632 234 1671 me,
275 1617 509 1657 multorum
549 1618 690 1657 tamen
732 1617 924 1670 exemplo
963 1619 1005 1658 et
1043 1617 1253 1658 clarorum
1291 1617 1492 1658 virorum.
1513 1630 1547 1656 25

152 1675 245 1728 Sed,
279 1675 391 1728 quod
422 1678 464 1715 te
496 1689 580 1715 non
613 1675 735 1730 fugit,
766 1675 869 1716 haec
895 1678 992 1716 sunt
1019 1675 1063 1716 in
1088 1676 1170 1716 hoc
1194 1690 1348 1731 genere
1373 1676 1494 1717 vitia:

151 1737 193 1775 et
218 1733 494 1774 verecundius
520 1733 601 1787 ipsi
627 1734 677 1774 de
704 1748 792 1774 sese
818 1734 1006 1775 scribant
1030 1748 1198 1775 necesse
1225 1737 1299 1789 est,
1332 1734 1367 1775 si
1393 1734 1497 1789 quid

151 1794 214 1833 est
239 1792 506 1845 laudandum,
539 1794 580 1832 et
604 1795 882 1847 praetereant,
914 1793 948 1833 si
975 1793 1077 1846 quid
1103 1793 1495 1847 reprehendendum

150 1853 223 1892 est.
285 1850 461 1891 Accedit
493 1851 637 1904 etiam,
676 1854 723 1891 ut
760 1851 901 1892 minor
932 1851 987 1892 sit
1024 1852 1145 1906 fides,
1182 1852 1324 1893 minor
1355 1854 1496 1893 aucto-

150 1910 270 1963 ritas,
310 1909 435 1950 multi
477 1909 657 1963 denique
698 1910 1008 1963 reprehendant
1046 1914 1088 1951 et
1120 1911 1262 1952 dicant
1297 1924 1494 1951 verecun-
1514 1923 1549 1948 80

150 1968 288 2009 diores
319 1982 407 2009 esse
445 1982 672 2021 praecones
703 1968 901 2009 ludorum
937 1969 1253 2024 gymnicorum,
1294 1968 1367 2022 qui
1399 1983 1494 2010 cum

149 2027 298 2067 ceteris
339 2040 514 2067 coronas
556 2027 836 2081 imposuerint
876 2027 1111 2069 victoribus
1151 2041 1382 2081 eorumque
1422 2041 1495 2069 no—

148 2085 263 2125 mina
300 2100 453 2140 magna
485 2099 586 2126 voce
624 2086 959 2140 pronuntiarint,
997 2100 1093 2126 cum
1130 2085 1211 2140 ipsi
1249 2088 1346 2126 ante
1377 2085 1495 2127 ludo-

151 2158 242 2183 rum
274 2144 519 2184 missionem
552 2158 707 2184 corona
740 2144 961 2198 donentur,
994 2145 1124 2185 alium
1149 2158 1400 2198 praeconem
1425 2144 1495 2185 ad-

147 2200 339 2255 hibeant,
380 2217 432 2243 ne
471 2217 545 2242 sua
577 2217 678 2243 voce
716 2216 759 2244 se
791 2203 873 2257 ipsi
904 2203 1087 2244 victores
1119 2210 1207 2243 'esse
1238 2202 1493 2256 praedicent.
1513 2214 1547 2240 35

102 2270 121 2300 a
149 2258 263 2300 Haec
288 2275 365 2300 nos
391 2260 524 2301 vitare
551 2261 744 2314 cupimus
770 2264 822 2316 et,
855 2261 890 2302 si
910 2261 1074 2315 *recipis
1100 2275 1267 2301 causam
1293 2264 1494 2317 nostram,

149 2318 388 2373 vitabimus,
421 2319 546 2373 idque
579 2322 626 2360 ut
657 2319 797 2374 facias,
829 2334 1038 2374 rogamus.
