1659 2552
212 95 268 136 48
707 95 1046 130 EPISTULARUM

212 191 394 233 leseente
434 206 512 233 me.
575 190 662 232 Eos
704 205 782 246 ego
824 191 1001 231 fortasse
1041 204 1153 231 nunc
1192 190 1339 232 imitor
1377 193 1419 232 et
1459 191 1558 232 utor

213 251 364 292 aetatis
394 250 511 291 vitio.
574 249 717 291 Velim
749 250 809 290 ita
840 249 915 302 sit3
947 248 1020 289 sed
1050 251 1191 290 tamen
1205 273 1273 290 —.

302 308 465 364 Togam
490 312 753 363 praetextam
780 308 866 349 texi
887 307 1026 361 Oppio
1051 310 1156 361 puto
1183 310 1224 348 te
1249 307 1432 362 audisset,
1457 322 1555 349 nam

216 366 388 409 Curtius
431 370 575 408 noster
619 367 852 421 dibaphum
898 366 1076 422 cogitat,
1112 366 1195 407 sed
1237 381 1333 408 eum
1376 366 1557 408 infector

213 430 414 468 moratur.
464 425 558 467 Hoc
583 426 753 480 aspersi,
785 428 832 466 ut
858 425 985 466 scires
1010 440 1077 466 me
1102 427 1244 466 tamen
1269 425 1313 466 in
1338 424 1556 466 stomacho
1594 436 1610 462 5

214 485 348 527 solere
386 485 533 526 ridere.
595 485 660 526 De
697 484 920 525 Dolabella
958 483 1072 538 quod
1108 483 1274 538 scripsi,
1311 483 1466 525 suadeo
1496 483 1556 524 vi-

215 544 332 599 deas,
373 546 590 598 tamquam
632 544 666 584 si
707 547 780 583 tua
823 557 888 583 res
932 545 1093 598 agatur.
1155 541 1407 583 Extremum
1450 541 1557 584 illud

215 603 313 644 erit:
349 602 441 644 Nos
472 602 580 643 1111111
612 602 895 655 turbulenter,
926 601 1035 642 1111111
1065 604 1223 643 temere
1254 601 1476 656 faciemus3
1513 603 1555 642 te

214 664 356 702 tamen
389 676 569 715 oramus,
602 661 937 715 quibuscumque
970 661 1126 701 erimus
1158 660 1202 701 in
1233 660 1370 714 terris,
1400 663 1448 701 ut
1478 674 1556 701 nos

212 720 454 774 liberosque
484 723 653 761 nostros
685 720 745 760 ita
776 722 931 774 tueare,
963 722 1010 760 ut
1036 719 1223 760 amicitia
1246 722 1392 760 nostra
1417 722 1458 761 et
1482 722 1557 760 tua
1575 731 1610 757 ιο

213 779 317 820 fides
348 779 594 834 postulabit.

817 930 952 972 XVH.

416 1012 490 1047 Ser.
522 1012 630 1047 Tarsi
655 1023 688 1046 a.
715 1012 750 1047 d.
778 1012 885 1047 XVI
904 1012 953 1046 K.
980 1011 1075 1047 Sext.
1102 1024 1135 1046 α.
1163 1014 1233 1047 '704
1261 1013 1352 1055 (50).

308 1093 356 1128 M.
385 1093 553 1128 CICERO
581 1093 677 1128 IMP.
706 1093 739 1129 S.
766 1093 808 1128 D.
837 1092 1039 1137 †CANINI
1065 1093 1291 1128 SALUSTIO
1318 1092 1459 1135 PROQ.

302 1188 486 1230 Litteras
518 1204 542 1230 a
572 1191 614 1230 te
645 1189 752 1230 mihi
791 1192 925 1230 stator
955 1192 1054 1230 tuus
1085 1188 1267 1230 reddidit
1299 1188 1419 1230 Tarsi
1449 1203 1485 1229 a.
1518 1187 1554 1229 d.
1575 1201 1608 1227 15

214 1259 294 1289 XVI
326 1247 376 1288 Κ.
417 1247 608 1289 Sextiles.
684 1247 764 1289 His
809 1262 888 1304 ego
936 1248 1102 1301 ordine,
1155 1250 1202 1288 ut
1242 1247 1398 1289 videris
1435 1246 1554 1302 velle,

214 1306 490 1360 respondebo.
564 1306 628 1347 De
673 1321 910 1347 successore
953 1321 1047 1347 meo
1090 1306 1200 1346 1111111
1242 1306 1385 1348 audivi
1426 1319 1556 1359 neque

215 1380 470 1419 quemquam
496 1365 586 1405 fore
612 1365 807 1406 arbitror.
853 1365 964 1414 Quin
990 1365 1042 1405 ad
1068 1365 1179 1406 diem
1206 1365 1413 1418 decedam,
1439 1364 1556 1405 nulla

215 1438 339 1464 causa
370 1426 444 1478 est,
474 1424 723 1477 praesertim
754 1423 922 1465 sublato
953 1427 1070 1465 metu
1099 1423 1310 1464 Parthico.
1361 1422 1555 1464 Commo-

214 1485 406 1523 raturum
444 1497 510 1523 me
547 1497 756 1537 nusquam
787 1497 884 1523 sane
917 1482 1118 1536 arbitror3
1158 1481 1358 1523 Rhodum
1391 1481 1555 1523 Cicero·
1575 1496 1608 1521 20

214 1556 316 1582 num
343 1555 466 1581 causa
490 1556 719 1595 puerorum
745 1555 1008 1582 accessurum
1033 1544 1150 1595 puto,
1181 1555 1317 1595 neque
1344 1541 1387 1581 id
1412 1543 1554 1582 tamen

214 1603 386 1641 eertum.
447 1599 517 1640 Ad
560 1600 709 1641 urbem
745 1600 843 1641 volo
885 1615 1011 1653 quam
1044 1599 1240 1654 *primum
1280 1600 1441 1654 venire3
1483 1599 1556 1641 sed

213 1661 355 1699 tamen
395 1658 476 1699 iter
515 1673 657 1699 meum
698 1659 758 1699 rei
798 1659 992 1713 publicae
1033 1662 1074 1699 et
1115 1673 1256 1699 rerum
1296 1659 1555 1700 urbanarum

214 1717 323 1758 ratio
361 1716 628 1772 gubernabit.
691 1716 914 1758 Successor
950 1721 1048 1758 tuus
1085 1731 1170 1758 non
1208 1719 1349 1771 potest
1379 1717 1440 1758 ita
1469 1731 1555 1758 ma-

213 1778 373 1829 turare,
411 1775 498 1816 ullo
530 1776 657 1817 modo
689 1779 735 1817 ut
766 1779 814 1817 tu
844 1791 911 1817 me
942 1776 987 1817 in
1018 1775 1121 1817 Asia
1151 1776 1288 1830 possis
1319 1776 1553 1817 convenire.
1573 1789 1607 1815 25

170 1868 187 1877 -
215 1834 278 1875 De
298 1834 534 1875 rationibus
554 1835 783 1876 referendis
802 1850 887 1876 non
908 1838 996 1876 erat
1015 1835 1331 1876 incommodum
1350 1837 1392 1876 te
1416 1834 1555 1876 nullas

214 1893 381 1948 referre,
413 1908 540 1947 quam
558 1893 639 1934 tibi
659 1894 808 1935 scribis
834 1909 858 1935 a
882 1893 1037 1935 Bibulo
1063 1894 1155 1934 fieri
1180 1895 1451 1948 potestatem3
1481 1892 1555 1934 sed

214 1952 258 1993 id
296 1952 369 1993 vix
412 1952 517 1992 mihi
561 1952 717 1993 videris
759 1967 835 2007 per
874 1953 1011 2009 legem
1051 1951 1204 1993 Iuliam
1244 1953 1379 1993 faeere
1418 1965 1553 2006 posse,

215 2026 340 2065 quam
378 2010 557 2052 Bibulus
595 2014 708 2052 certa
747 2011 927 2066 quadam
964 2011 1126 2052 ratione
1163 2025 1249 2052 non
1280 2012 1435 2064 servat,
1471 2010 1553 2052 tibi

213 2084 469 2125 magnopere
508 2070 755 2111 servandam
796 2085 955 2112 censeo.
1017 2070 1140 2119 Quod
1178 2069 1327 2110 scribis
1363 2068 1554 2123 Apamea
1572 2082 1606 2108 30

213 2129 469 2181 praesidium
503 2128 650 2170 deduci
681 2144 767 2170 non
799 2129 1056 2184 oportuisse,
1087 2127 1282 2170 videbam
1313 2127 1415 2168 item
1448 2130 1554 2169 eete-

213 2201 282 2226 ros
326 2187 566 2228 existimare
609 2188 870 2242 molesteque
913 2187 1100 2229 ferebam
1145 2186 1194 2227 de
1235 2201 1282 2227 ea
1325 2201 1369 2227 re
1412 2187 1553 2229 minus

214 2246 456 2286 commodos
488 2260 701 2287 sermones
726 2246 1032 2288 malevolorum
1063 2245 1203 2286 fuisse.
1246 2244 1394 2286 Parthi
1420 2248 1553 2287 trans-

214 2302 339 2344 ierint
364 2318 506 2359 necne,
531 2307 699 2359 praeter
723 2308 765 2346 te
785 2305 908 2347 video
930 2304 1123 2346 dubitare
1143 2303 1365 2345 neminem.
1402 2302 1552 2359 Itaque
