1659 2552
145 502 161 532 1

187 102 244 142 44
683 103 1020 138 EPISTULARUM

800 245 914 286 XIV.

466 326 539 362 Ser.
567 326 767 361 Laodiceae
792 337 836 360 m.
865 325 970 360 Febr.
998 337 1031 360 α.
1061 328 1131 360 704
1159 328 1250 370 (50).

260 408 309 443 M.
345 408 513 443 CICERO
546 408 641 442 IMP.
670 408 703 442 S.
731 408 772 441 D.
800 406 848 441 M.
877 406 1048 442 CAELIO
1082 407 1244 442 AEDILI
1278 407 1462 444 CURULI.

278 491 334 533 M.
367 492 516 546 Fadio,
554 492 646 531 viro
686 491 848 544 optimo
887 493 928 531 et
964 490 1137 532 homine
1177 491 1438 548 doctissimo,
1475 493 1533 534 fa-

190 551 475 592 miliarissime
512 553 610 591 utor
640 550 901 603 mirificeque
939 563 1035 590 eum
1069 550 1201 606 diligo
1234 564 1329 592 cum
1359 554 1570 607 propterr,

191 625 404 651 summum
443 609 662 664 ingenium
703 609 792 649 eius
833 622 1125 663 summamque
1167 610 1402 651 doctrinam
1440 613 1533 652 tum

191 672 365 723 propter
413 668 670 724 singularem
716 667 977 708 modestiam.
1059 667 1164 709 Eius
1210 669 1431 724 negotium
1473 669 1534 711 sic

191 728 319 768 velim
357 727 577 781 suscipias,
618 729 665 767 ut
706 726 741 766 si
779 728 887 767 esset
923 740 990 767 res
1026 741 1129 767 mea.
1190 726 1303 768 Novi
1342 742 1420 784 ego
1457 742 1534 769 vos

191 800 368 841 magnos
398 789 620 839 patronos3
652 784 868 826 hominem
895 785 1058 825 occidat
1084 788 1263 840 oportet,
1295 787 1368 840 qui
1394 789 1534 828 vestra

192 859 320 899 opera
351 845 413 885 uti
445 845 558 885 velit.
598 843 681 884 Sed
704 843 749 884 in
774 843 855 884 hoc
884 843 1056 885 homine
1086 844 1246 885 nullam
1273 845 1433 899 accipio
1465 860 1532 887 ex·
1552 857 1586 882 1⁰

192 903 462 944 cusationem
525 902 677 944 Omnia
708 902 931 957 relinques
963 903 998 943 si
1030 917 1096 944 me
1129 903 1301 958 amabis,
1333 918 1428 945 cum
1459 906 1533 945 tua

193 977 320 1017 opeia
349 962 505 1003 Fadius
536 961 600 1002 uti
632 961 756 1002 volet.

280 1021 373 1076 Ego
413 1035 478 1062 res
509 1020 723 1061 Romanas
753 1019 1025 1061 vehementer
1061 1022 1236 1074 expecto
1269 1023 1311 1062 et
1341 1020 1531 1063 desidero

189 1080 234 1120 in
274 1079 528 1134 primisque,
571 1079 674 1133 quid
714 1093 833 1134 agas,
875 1078 980 1119 scire
1018 1079 1161 1134 cupio,
1201 1094 1299 1120 nam
1336 1079 1421 1121 iam
1459 1080 1531 1121 diu

188 1141 364 1193 propter
387 1138 540 1179 hiemis
565 1112 903 1194 magnitudinem
928 1137 1037 1178 nihil
1068 1138 1121 1178 ad
1150 1151 1227 1179 nos
1257 1138 1358 1180 novi
1389 1139 1530 1180 affere·
1551 1149 1584 1175 15

189 1198 325 1238 batur.

811 1301 904 1342 XV.

341 1382 414 1417 Ser.
442 1381 552 1417 Sidae
576 1381 649 1415 III
670 1385 733 1416 aut
754 1382 852 1426 prid.
880 1381 977 1416 Non.
1005 1381 1099 1417 Sext.
1127 1393 1159 1416 a.
1190 1384 1260 1416 704
1287 1384 1378 1426 (50).

272 1464 319 1498 M.
349 1462 516 1498 CICERO
546 1463 641 1497 IMP.
670 1462 703 1497 S.
730 1462 772 1497 D.
799 1462 847 1497 M.
876 1462 1045 1497 CAELIO
1073 1462 1234 1497 AEDILI
1260 1463 1444 1498 CURULI.

276 1545 376 1587 Non
415 1547 557 1601 potuit
597 1546 831 1587 accuratius
869 1546 938 1602 agi
974 1560 1060 1597 necx
1090 1546 1359 1602 prudentius,
1401 1543 1527 1601 quam
1547 1560 1582 1585 20

190 1608 253 1646 est
284 1608 424 1646 actum
457 1620 480 1646 a
509 1608 551 1646 te
584 1619 678 1646 cum
711 1605 893 1645 Curione
926 1605 975 1645 de
1007 1605 1332 1660 supplicatione,
1363 1607 1406 1647 et
1435 1605 1527 1647 her-

190 1664 280 1704 cule
312 1664 502 1705 confec-ta
533 1679 598 1704 res
630 1678 681 1705 ex
721 1664 928 1705 sententia
958 1678 1051 1704 mea
1083 1667 1145 1705 est
1176 1678 1271 1705 cum
1303 1664 1526 1720 celeritate,

188 1725 280 1763 tum
313 1723 426 1777 quod
456 1723 503 1777 is,
536 1723 607 1776 qui
640 1725 729 1763 erat
760 1723 903 1775 iratus,
936 1723 1189 1777 competitor
1218 1726 1317 1764 tuus
1349 1726 1390 1764 et
1415 1723 1527 1764 idem

188 1795 323 1834 meus,
361 1781 560 1822 adsensus
592 1784 654 1822 est
686 1781 744 1835 ei,
777 1781 849 1834 qui
882 1781 1048 1822 ornavit
1079 1795 1144 1822 res
1175 1785 1341 1822 nostras
1373 1781 1526 1822 divinis

187 1839 395 1880 laudibus.
458 1840 595 1888 Quare
634 1840 738 1880 scito
770 1854 837 1880 me
869 1854 1036 1893 sperare
1068 1854 1131 1895 ea,
1173 1854 1279 1894 quae
1311 1842 1526 1895 secuntur3
1546 1851 1581 1877 25

187 1898 240 1939 ad
271 1913 377 1953 quae
408 1901 455 1939 tu
487 1901 528 1939 te
560 1913 671 1952 para.
733 1897 999 1939 Dolabellam
1026 1913 1049 1939 a
1073 1901 1115 1940 te
1146 1899 1308 1954 gaudeo
1340 1898 1525 1952 primum

186 1957 360 2011 laudari,
393 1956 541 1998 deinde
574 1957 701 1998 etiam
733 1957 885 2012 amari,
917 1972 1015 1998 nam
1041 1972 1100 2012 ea,
1132 1971 1238 2011 quae
1263 1971 1404 2011 speras
1428 1956 1526 1997 Tul-

187 2015 267 2056 liae
307 2030 424 2057 meae
464 2015 690 2069 prudentia
732 2016 958 2070 temperari
1002 2030 1144 2070 posse,
1189 2016 1274 2056 scio
1318 2015 1384 2055 cui
1427 2017 1524 2056 tuae

186 2075 388 2128 epistolae
414 2075 704 2129 respondeant.
756 2073 877 2128 Quid,
910 2074 944 2115 si
971 2089 1109 2115 meam
1134 2074 1260 2129 legaS,
1294 2087 1419 2126 quam
1445 2088 1524 2129 ego

184 2135 275 2173 tum
308 2147 358 2173 ex
390 2133 475 2173 tuis
507 2133 662 2174 litteris
687 2132 784 2173 misi
812 2133 864 2173 ad
887 2132 1108 2187 Appium?
1128 2131 1230 2172 'Sed
1262 2131 1364 2185 quid
1395 2132 1523 2187 agas?
1543 2143 1578 2168 3⁰

185 2190 243 2230 sic
286 2191 454 2232 vivitur.
518 2191 640 2240 Quod
683 2194 822 2231 actum
867 2193 949 2245 est,
999 2190 1041 2230 di
1085 2189 1329 2243 adprobent.
1392 2189 1524 2244 Spero

184 2248 273 2288 fore
312 2249 541 2290 iucundum
573 2264 776 2305 generum
814 2249 955 2304 nobis,
993 2248 1258 2302 multumque
1296 2248 1341 2288 in
1372 2262 1420 2290 eo
1451 2251 1526 2290 tua

183 2319 260 2346 nos
291 2306 532 2348 humanitas
565 2308 792 2349 adiuvabit.
