1659 2552
129 2217 148 2245 3

171 115 253 156 186
667 115 1006 149 EPISTULARUM

165 213 208 252 te
239 211 479 265 profectum
518 226 602 252 non
641 225 729 251 esse
767 209 949 263 gaudeo,
988 209 1101 263 quod
1142 211 1183 249 et
1220 208 1365 249 labore
1397 222 1514 250 caru-

165 270 250 324 isti,
282 272 324 310 et
355 284 434 325 ego
466 272 508 310 te
536 270 586 310 de
612 269 738 310 rebus
771 269 855 309 illis
886 282 971 308 non
1004 267 1182 308 audiam.
1245 266 1331 308 Ubi
1364 266 1420 308 sis
1451 267 1513 308 hi-

166 328 420 369 bernaturus
458 331 499 369 et
538 343 620 382 qua
661 342 732 382 spe
774 330 846 368 aut
885 326 1146 381 condicione,
1187 325 1424 380 perscribas
1461 325 1514 367 ad

166 402 233 428 me
266 387 405 428 velim.

759 490 916 532 XVIII.
1551 503 1567 527 5

381 572 454 607 Ser.
484 573 521 605 in
552 572 744 616 Pomptino
778 572 835 606 VI
854 572 911 606 Id.
939 570 1030 614 Apr.
1058 582 1091 604 a.
1120 573 1189 605 701
1213 573 1302 615 (53).

591 652 760 687 CICERO
789 652 1030 687 TREBATIO
1059 652 1092 687 S.

257 737 413 791 Accepi
440 752 463 777 a
489 737 721 790 tealiquot
753 736 955 791 epistulas
987 751 1072 777 uno
1103 738 1307 791 tempore,
1339 750 1443 790 quas
1468 738 1515 777 tu

171 797 348 838 diversis
379 795 644 849 temporibus
677 795 859 836 dederas.
920 794 971 836 In
1003 795 1158 849 quibus
1189 810 1256 836 me
1283 798 1421 836 cetera
1449 795 1515 836 de-

170 857 396 909 lectarunt3
440 854 739 910 significabant
783 854 896 895 enim
939 857 981 895 te
1024 854 1149 894 istam
1191 854 1391 895 militiam
1432 854 1515 895 iam
1536 868 1568 892 10

172 916 294 956 firmo
327 914 468 954 animo
501 914 610 954 ferre
636 915 678 954 et
703 927 792 954 esse
818 914 973 954 fortem
999 913 1138 954 virum
1164 915 1206 954 et
1232 915 1516 968 constantem3

172 988 277 1027 quae
310 988 388 1027 ego
420 972 636 1027 paulisper
667 972 711 1012 in
742 975 784 1013 te
816 972 876 1012 ita
917 972 1150 1013 desideravi
1187 986 1273 1013 non
1311 971 1516 1012 inbecilli-

171 1035 257 1073 tate
284 1032 413 1072 animi
440 1031 516 1085 tui,
549 1031 620 1072 sed
645 1031 782 1085 magis
808 1033 855 1072 ut
876 1030 1083 1072 desiderio
1109 1031 1245 1071 nostri
1265 1032 1306 1071 te
1326 1033 1516 1071 aestuare

170 1093 375 1145 putarem.
438 1089 576 1139 Quare
606 1104 747 1144 perge,
780 1092 827 1130 ut
859 1089 1052 1144 coepisti3
1084 1089 1186 1130 forti
1218 1090 1360 1130 animo
1391 1089 1516 1130 istam

171 1150 306 1191 tolera
342 1149 552 1190 militiam.
614 1148 771 1202 Multa,
814 1148 921 1189 mihi·
963 1148 1103 1203 crede,
1147 1148 1393 1203 adsequere3
1437 1162 1516 1204 ego
1537 1160 1570 1185 15

172 1209 285 1249 enim
310 1208 524 1249 renovabo
551 1207 971 1262 commendationem,
1003 1207 1076 1248 sed
1100 1210 1302 1261 tempore.
1353 1206 1422 1248 Sic
1446 1206 1517 1248 ha-

172 1268 290 1321 beto,
331 1281 417 1307 non
454 1266 535 1307 tibi
573 1266 726 1307 maiori
764 1280 852 1306 esse
892 1280 1032 1320 curae,
1070 1268 1117 1306 ut
1155 1265 1234 1307 iste
1265 1268 1364 1306 tuus
1396 1280 1420 1306 a
1450 1280 1518 1306 me

174 1327 379 1367 discessus
420 1340 547 1379 quam
587 1324 949 1365 fructuosissimus
990 1324 1071 1365 tibi
1112 1324 1187 1378 sit,
1232 1339 1359 1378 quam
1399 1324 1517 1365 mihi.

171 1384 338 1438 Itaque,
371 1383 571 1437 quoniam
597 1385 760 1424 vestrae
792 1383 1007 1423 cautiones
1033 1383 1225 1423 infirmae
1250 1385 1360 1436 sunt,
1394 1381 1518 1423 Grae-

174 1444 311 1485 culam
348 1442 429 1482 tibi
466 1442 563 1482 misi
602 1442 841 1482 cautionem
883 1441 1156 1497 chirographi
1192 1441 1286 1482 mei.
1349 1440 1413 1482 Tu
1450 1455 1517 1482 me
1538 1453 1572 1478 2⁰

173 1501 301 1543 velim
323 1501 372 1541 de
393 1501 556 1541 ratione
578 1500 729 1541 Gallici
750 1500 851 1540 belli
872 1500 1096 1541 certiorem
1121 1499 1267 1556 facias3
1300 1514 1378 1556 ego
1405 1500 1518 1541 enim

175 1560 450 1616 ignavissimo
482 1559 633 1613 cuique
665 1559 894 1599 maximam
925 1559 1052 1599 fidem
1085 1558 1234 1599 habeo.

264 1618 346 1659 Sed
371 1621 418 1659 ut
444 1618 496 1658 ad
528 1618 729 1672 epistulas
759 1620 854 1658 tuas
880 1617 1059 1672 redeam,
1091 1620 1229 1658 cetera
1254 1616 1381 1671 belle3
1413 1616 1520 1658 illud

175 1677 328 1718 miror:
362 1677 456 1731 quis
488 1677 596 1717 solet
627 1676 774 1717 eodem
806 1676 999 1730 exemplo
1031 1676 1166 1730 pluris
1199 1676 1308 1730 dare,
1340 1675 1413 1730 qui
1445 1690 1520 1716 sua

173 1751 301 1777 manu
339 1736 516 1776 scribit?
560 1750 658 1776 nam
697 1735 810 1789 quod
842 1735 885 1775 in
923 1735 1215 1790 palimpsesto,
1247 1734 1372 1775 laudo
1405 1734 1519 1788 equi·
1539 1745 1572 1771 25

175 1796 269 1836 dem
309 1794 636 1849 parsimoniam3
685 1794 758 1834 sed
797 1794 950 1848 miror,
991 1794 1094 1848 quid
1137 1794 1180 1834 in
1218 1793 1292 1834 illa
1329 1793 1520 1834 chartula

174 1854 314 1907 fuerit,
341 1854 455 1907 quod
476 1853 613 1894 delere
639 1853 839 1893 malueris
860 1867 986 1906 quam
1005 1867 1089 1894 non
1111 1853 1216 1893 haec
1235 1852 1418 1893 scribere
1436 1851 1519 1892 nisi

174 1913 284 1953 forte
316 1916 410 1953 tuas
442 1912 663 1966 formulas3
701 1926 786 1952 non
819 1912 931 1952 enim
962 1914 1067 1966 puto
1099 1913 1141 1952 te
1171 1925 1286 1952 meas
1318 1910 1519 1964 epistulas

176 1972 324 2025 delere,
357 1974 404 2012 ut
435 1985 614 2025 reponas
645 1973 750 2011 tuas.
811 1969 880 2010 An
906 1970 987 2011 hoc
1019 1970 1244 2026 significas,
1275 1969 1384 2009 nihil
1413 1969 1519 2023 fieri,

175 2031 332 2085 frigere
364 2033 416 2084 te,
448 2045 500 2070 ne
533 2030 722 2070 chartam
755 2029 926 2083 quidem
958 2029 1039 2070 tibi
1071 2027 1369 2082 suppeditare?
1430 2025 1519 2068 Iam
1539 2039 1572 2064 30

177 2089 257 2129 ista
287 2091 361 2129 tua
393 2089 516 2142 culpa
547 2091 622 2142 est,
654 2088 726 2142 qui
759 2088 1055 2128 verecundiam
1085 2090 1224 2128 tecum
1251 2085 1452 2127 extuleris
1479 2089 1520 2127 et

176 2162 259 2188 non
290 2147 360 2187 hic
392 2148 613 2188 nobiscum
646 2146 878 2200 reliqueris.

264 2205 358 2260 Ego
402 2209 443 2247 te
488 2206 644 2259 Balbo,
689 2220 784 2246 cum
829 2205 881 2245 ad
924 2219 998 2245 vos
1041 2204 1353 2259 proficiscetur,
1402 2217 1519 2244 more

191 2264 367 2305 ,romano
394 2264 709 2305 commendabo.
771 2263 853 2317 Tu,
886 2263 921 2304 si
948 2262 1218 2304 intervallum
1243 2262 1414 2317 longius
1439 2261 1520 2302 erit

175 2337 362 2362 mearum
395 2323 646 2377 litterarum,
677 2337 730 2363 ne
762 2322 818 2363 sis
851 2321 1100 2377 admiratus3
1141 2335 1254 2362 eram
1287 2320 1399 2361 enim
1432 2320 1518 2361 afu-
1540 2330 1572 2356 35
