1659 2552
150 101 232 143 168
489 97 827 133 EPISTULARUM
859 96 1002 130 LIBER
1027 96 1076 130 VI
1102 99 1157 131 22.

100 210 121 240 2
236 196 332 252 Ego
365 195 399 236 si
431 197 472 235 te
505 193 795 249 intellegerem
821 192 916 246 plus
943 194 1141 232 conatum
1167 205 1256 232 esse
1282 190 1492 246 suscipere

148 256 208 298 rei
227 271 266 310 p.
287 268 411 296 causa
430 253 628 306 muneris,
655 267 780 306 quam
801 254 1008 305 quantum
1032 252 1246 305 praestare
1270 250 1492 305 potuisses,

148 319 302 368 tamen,
335 312 671 367 quibuscumque
703 310 828 351 rebus
859 324 1044 363 possem,
1077 308 1130 349 ad
1161 323 1252 349 eam
1284 308 1492 350 condicio-

148 388 245 415 nem
276 376 318 413 te
349 370 536 424 vivendi,
569 384 674 423 quae
708 369 892 421 daretur,
926 381 1208 422 quaecumque
1240 369 1366 422 esset,
1396 367 1492 408 hor-

149 436 279 486 tarer3
317 431 406 483 sed,
444 444 539 470 cum
577 427 742 469 consilii
780 427 843 468 tui
881 427 986 467 bene
1024 426 1277 481 fortiterque
1309 426 1492 480 suscepti
1530 437 1546 463 5

150 505 246 532 eum
278 490 357 530 tibi
390 490 517 529 finem
550 486 759 541 statueris,
792 500 917 540 quem
949 485 1041 540 ipsa
1068 485 1240 526 fortuna
1264 485 1493 526 terminum

150 552 392 591 nostrarum
418 546 738 588 contentionum
765 559 852 585 esse
877 544 1093 598 voluisset,
1120 558 1194 585 oro
1221 546 1494 598 optestorque

150 612 192 649 te
224 622 300 662 pro
332 609 472 647 vetere
504 607 649 645 nostra
674 603 970 644 coniunctione
997 617 1044 644 ac
1068 603 1376 644 necessitudine
1399 616 1495 657 pro-

152 682 232 721 que
265 680 428 707 summa
458 678 551 704 mea
582 663 626 703 in
657 666 699 704 te
731 662 1027 703 benevolentia
1058 665 1100 703 et
1124 664 1198 702 tua
1223 662 1268 702 in
1292 676 1360 703 me
1390 661 1495 716 pari,

152 730 193 766 te
225 728 273 765 ut
303 724 439 777 nobis,
471 722 649 776 parenti,
682 721 853 776 coniugi
885 721 1054 775 tuisque
1087 720 1302 774 omnibus,
1340 720 1495 775 quibus
1516 732 1548 757 10

153 798 195 825 es
228 783 430 836 fuistique
468 795 633 835 semper
665 780 923 834 carissimus,
964 780 1127 820 salvum
1160 794 1398 834 conserves,
1435 779 1496 820 in-

154 841 389 883 columitati
421 843 823 893 tuae'tuorumque,
857 839 929 893 qui
963 839 1012 880 de
1043 841 1085 880 te
1116 839 1318 893 pendent,
1351 852 1497 879 consu-

151 901 225 955 las,
257 914 362 954 quae
396 898 580 939 didicisti
612 912 801 952 quaeque
827 897 880 938 ab
907 897 1190 938 adulescentia
1214 897 1497 952 pulcherrime

154 975 177 1000 a
209 957 531 1013 sapientissimis
562 957 665 997 viris
696 957 852 997 tradita
883 956 1088 997 memoria
1113 959 1155 997 et
1181 956 1357 997 scientia
1389 970 1498 997 com-

153 1017 431 1073 prehendisti,
475 1016 527 1056 iis
569 1015 652 1056 hoc
687 1017 878 1069 tempore
919 1018 1056 1069 utare,
1101 1030 1206 1070 quos
1250 1015 1498 1056 coniunctos
1518 1025 1551 1051 15

154 1091 317 1117 summa
341 1075 629 1116 benivolentia
652 1074 932 1128 plurimisque
957 1074 1110 1115 officiis
1135 1074 1327 1128 amisisti,
1352 1088 1499 1114 eorum

107 1148 127 1177 3
156 1135 427 1188 desiderium,
460 1134 494 1174 si
526 1147 612 1173 non
644 1147 778 1187 aequo
811 1133 972 1187 animo,
1013 1136 1056 1174 at
1087 1133 1190 1173 forti
1221 1133 1342 1173 feras.
1404 1132 1499 1188 Ego

155 1194 258 1248 quid
287 1193 458 1248 possim,
490 1192 630 1233 nescio
657 1192 724 1232 vel
754 1192 898 1246 potius
922 1206 989 1232 me
1020 1206 1172 1246 parum
1196 1206 1319 1246 posse
1345 1191 1500 1245 senti03

154 1253 262 1294 illud
286 1255 428 1293 tamen
453 1250 533 1291 tibi
559 1251 775 1305 polliceor,
799 1265 878 1304 me,
904 1264 1192 1304 quaecumque
1218 1250 1345 1291 saluti
1366 1249 1501 1306 digni-

154 1312 317 1365 tatique
354 1313 451 1351 tuae
489 1309 720 1350 conducere
764 1309 1021 1362 arbitrabor,
1064 1312 1185 1350 tanto
1229 1309 1370 1349 studio
1411 1322 1500 1350 esse
1520 1320 1554 1346 20

156 1371 379 1422 facturum,
407 1370 565 1422 quanto
593 1382 757 1421 semper
782 1371 829 1408 tu
855 1370 896 1408 et
922 1368 1063 1408 studio
1090 1371 1132 1408 et
1157 1368 1299 1408 officio
1326 1368 1370 1408 in
1394 1367 1500 1408 meis

157 1428 282 1469 rebus
307 1428 437 1468 fuisti.
490 1425 612 1466 Hanc
635 1440 773 1466 meam
800 1426 1063 1467 voluntatem
1090 1426 1142 1466 ad
1166 1429 1346 1467 matrem
1371 1428 1501 1480 tuam,

157 1487 362 1541 optimam
382 1485 583 1526 feminam
602 1485 750 1538 tuique
770 1485 1115 1538 amantissimam,
1143 1484 1285 1525 detuli.
1333 1483 1378 1525 Si
1399 1484 1502 1539 quid

157 1546 209 1586 ad
234 1560 300 1585 me
326 1543 554 1598 scripse1·iS‚
586 1543 645 1583 ita
670 1543 833 1597 faciam,
866 1546 912 1584 ut
937 1546 978 1583 te
1004 1544 1111 1584 velle
1138 1543 1404 1598 intellexero3
1437 1543 1502 1584 sin

157 1607 298 1644 autem
341 1607 387 1643 tu
430 1603 570 1643 minus
613 1601 847 1655 scripseris,
892 1616 970 1657 ego
1008 1605 1150 1642 tamen
1189 1602 1349 1656 omnia,
1393 1617 1499 1656 quae
1521 1613 1554 1638 25

157 1663 237 1704 tibi
269 1662 390 1702 utilia
422 1676 510 1702 esse
542 1660 794 1716 arbitrabor,
826 1675 991 1701 summo
1024 1660 1165 1702 studio
1192 1661 1502 1717 diligenterque

159 1721 325 1763 curabo.
389 1720 504 1761 Vale.

1633 2347 1653 2545 munz-..w
1643 2312 1651 2332 a<
1643 2242 1646 2251 -
