1659 2552
145 94 201 136 92
644 93 983 128 EPISTULARUM

148 189 372 232 consilium
403 204 487 230 non
521 192 774 243 anteponam
806 191 893 242 tuo,
925 191 1066 230 tamen
1098 191 1141 230 et
1172 189 1383 231 amicitiae
1415 203 1490 231 no-

147 251 259 290 strae
299 251 487 289 vetustas
529 251 570 289 et
609 251 683 288 tua
726 262 889 288 summa
930 262 1031 303 erga
1072 261 1140 288 me
1183 247 1490 303 benevolentia,

149 322 255 362 quae
285 307 393 348 mihi
424 307 507 347 iam
540 322 563 347 a
594 306 776 361 pueritia
806 308 879 346 tua
910 305 1081 361 cognita
1113 308 1192 360 est,
1223 321 1290 348 me
1320 307 1492 349 hortata

149 369 229 420 est,
269 368 317 407 ut
355 380 402 407 ea
439 365 666 406 scriberem
705 365 757 405 ad
794 367 853 418 16,
892 379 998 418 quae
1030 366 1072 406 et
1109 365 1236 406 saluti
1266 368 1363 407 tuae
1395 379 1490 407 con-

150 425 300 466 ducere
344 424 574 465 arbitrarer
615 426 657 465 et
699 438 785 464 non
825 423 961 464 aliena
1002 437 1090 464 esse
1133 424 1328 465 ducerem
1368 439 1392 465 a
1433 424 1491 466 (11-

149 483 323 539 gnitate.

238 541 332 598 Ego
365 556 461 583 eum
486 544 528 582 te
555 555 654 595 esse,
687 540 759 595 qui
790 540 944 582 horum
972 540 1183 582 malorum
1209 540 1332 582 initia
1354 541 1492 582 multo

151 604 247 642 ante
272 601 440 655 videris,
466 600 730 641 consulatum
750 600 1167 656 magnificentissime
1187 602 1313 654 atque
1333 599 1493 655 optime

151 660 348 716 gesseriS,
386 659 598 717 praeclare
635 659 826 713 memini3
864 659 938 700 sed
975 658 1086 700 idem
1125 659 1252 700 etiam
1289 658 1362 700 illa
1392 658 1492 714 vidi,

150 733 286 773 neque
318 721 359 759 te
392 714 615 759 consilium
647 717 784 758 civilis
815 693 918 758 belli
948 717 1008 758 ita
1038 717 1213 774 gerendi
1242 731 1320 759 nec
1351 717 1492 772 copias

153 776 225 818 Cn.
267 776 443 831 Pompei
480 791 558 818 nec
600 790 733 842 genus
777 777 984 817 exercitus
1024 776 1205 831 probare
1245 791 1492 831 semperque

152 851 314 877 summe
353 835 561 891 diffidere,
603 850 686 890 qua
722 835 766 875 in
803 836 1012 876 sententia
1047 850 1114 877 me
1155 850 1323 890 quoque
1363 835 1492 876 fuisse

151 895 356 936 memoria
386 897 529 936 tenere
560 896 602 935 te
634 894 830 935 arbitror.
889 893 1039 948 Itaque
1069 908 1206 949 neque
1236 896 1284 935 tu
1308 894 1492 936 multum

152 953 385 994 interfuisti
421 953 547 995 rebus
585 953 798 1009 gerendiS,
839 955 880 994 et
917 967 996 1009 ego
1034 953 1078 994 id
1114 967 1279 1008 semper
1315 953 1400 1009 egi,
1439 967 1492 994 ne

152 1013 415 1067 interessem3
458 1026 544 1054 non
582 1012 694 1053 enim
731 1011 783 1052 iis
823 1011 948 1053 rebus
987 1011 1297 1068 pugnabamUS,
1338 1011 1492 1066 quibus

151 1071 290 1112 valere
308 1074 564 1137 poteramus,
584 1070 774 1125 consilio,
799 1071 1062 1125 auctoritate,
1088 1085 1221 1126 causa,
1248 1085 1353 1125 quae
1373 1073 1492 1112 erant

154 1131 196 1171 in
227 1130 352 1171 nobis
384 1130 618 1185 supeiiora,
651 1130 724 1170 sed
753 1105 921 1170 sacertis
953 1132 994 1171 et
1025 1105 1206 1185 viribus,
1238 1129 1400 1195 quibus
1422 1144 1493 1184 pa-

152 1203 218 1230 res
248 1203 335 1231 non
367 1203 542 1230 eramus.
604 1187 721 1229 Victi
752 1203 895 1229 sumus
933 1188 1067 1245 igitur
1097 1191 1186 1243 aut,
1224 1188 1259 1229 si
1290 1187 1403 1229 vinci
1435 1188 1493 1229 di-

152 1248 292 1304 gnitas
323 1262 409 1288 non
439 1250 592 1303 potest,
624 1247 748 1288 fracti
775 1250 885 1288 certe
911 1250 952 1288 et
978 1247 1142 1288 abiecti
1185 1245 1234 1287 In
1261 1261 1345 1301 quo
1370 1249 1491 1288 tuum

152 1307 376 1348 consilium
400 1320 525 1347 nemo
556 1309 697 1360 potest
726 1320 812 1346 non
836 1306 1019 1347 maxime
1044 1306 1226 1360 laudare,
1258 1306 1372 1359 quod
1397 1319 1490 1347 cum

152 1379 225 1420 spe
250 1365 445 1406 vincendi
476 1365 603 1405 simul
634 1364 825 1405 abiecisti
851 1365 1038 1405 certandi
1063 1365 1191 1405 etiam
1217 1364 1491 1418 cupiditatem

153 1424 459 1477 ostendistique
500 1423 732 1477 sapientem
772 1426 813 1464 et
853 1423 1013 1464 bonum
1053 1423 1187 1466 civem
1227 1423 1350 1464 initia
1389 1422 1491 1464 belli

154 1482 290 1524 civilis
322 1482 504 1523 invitum
541 1482 766 1536 suscipere,
805 1484 992 1522 extrema
1027 1482 1210 1523 libenter
1239 1495 1325 1523 non
1354 1495 1492 1536 perse-

154 1541 238 1595 qui.
283 1540 364 1589 Qui
389 1555 475 1581 non
501 1541 612 1581 idem
639 1540 861 1581 consilium
893 1540 1007 1594 quod
1036 1543 1084 1581 tu
1116 1540 1248 1581 secut-i
1279 1543 1389 1594 sunt,
1421 1554 1492 1582 eos

151 1599 275 1640 video
307 1599 350 1640 in
383 1599 465 1640 duo
491 1614 646 1655 genera
670 1613 758 1640 esse
784 1599 1023 1653 distractos3
1055 1602 1128 1640 a'ut
1153 1599 1265 1640 enim
1290 1613 1492 1640 renovare

152 1658 312 1699 bellum
345 1658 484 1699 conati
516 1661 630 1711 sunt,
672 1658 702 1698 ii
735 1657 807 1712 qui
838 1672 881 1698 se
913 1658 956 1698 in
987 1657 1178 1699 Africam
1210 1658 1491 1713 contulerunt,

153 1720 225 1758 aut
257 1731 382 1771 quem
415 1717 466 1757 ad
497 1717 670 1758 modum
695 1730 772 1757 nos
797 1716 950 1758 victori
976 1731 1064 1758 sese
1090 1716 1368 1758 crediderunt.
1405 1716 1492 1758 Μ6-

153 1776 269 1816 (1111111
308 1775 519 1829 quoddam
549 1778 671 1816 tuum
704 1775 927 1816 consilium
958 1776 1056 1830 fuit,
1098 1775 1171 1830 qui
1201 1775 1283 1817 hoc
1312 1775 1490 1817 fortasse

151 1834 325 1875 humilis
357 1834 486 1874 animi
519 1834 701 1889 duceres,
733 1834 839 1875 illud
868 1834 1106 1889 pertinacis.
1168 1833 1322 1876 Fateor
1352 1849 1376 1875 a
1405 1833 1490 1888 ple-

1512 729 1545 756 10

1514 1024 1545 1049 15

1511 1318 1545 1344 20

1511 1611 1544 1637 25

152 1893 293 1947 risque
325 1893 391 1934 vel
424 1893 558 1934 dicam
591 1893 642 1933 ab
676 1893 872 1934 omnibus
906 1893 1071 1948 sapiens
1101 1896 1224 1934 tuum
1255 1892 1489 1946 consilium,
1509 1904 1544 1930 so

152 1967 175 1993 a
205 1952 352 1992 multis
384 1952 511 1993 etiam
543 1952 687 2007 magni
725 1966 772 1992 36
808 1952 931 1993 fortis
970 1952 1100 1993 animi
1131 1951 1380 2006 iudicatum3
1418 1951 1490 1992 sed

150 2011 279 2051 habet
320 2011 401 2051 ista
441 2011 570 2064 ratio,
612 2013 659 2051 ut
698 2010 804 2051 mihi
843 2011 1012 2064 quidem
1049 2010 1234 2065 videtur,
1281 2009 1488 2064 quendam

151 2070 342 2123 modum,
382 2069 630 2124 praesertim
671 2084 765 2110 cum
803 2069 911 2110 nihil
942 2070 1023 2110 tibi
1055 2069 1195 2110 deesse
1226 2067 1407 2109 arbitrer
1438 2068 1490 2108 ad

151 2131 244 2168 111113
288 2129 480 2169 fortunas
530 2128 667 2169 omnis
711 2128 959 2182 optinendas
1007 2130 1174 2183 praeter
1215 2126 1488 2167 voluntatem.

153 2186 221 2226 Sic
253 2187 364 2228 enim
396 2187 599 2241 intellexi,
629 2186 738 2227 nihil
764 2187 878 2228 aliud
903 2201 1003 2240 esse,
1035 2186 1149 2241 quod
1180 2184 1488 2226 dubit-ationem
1507 2195 1541 2222 85

152 2245 334 2285 adferret
371 2245 426 2299 ei,
463 2260 590 2300 penes
629 2260 753 2300 quem
785 2248 848 2286 est
877 2247 1082 2299 potestas,
1118 2243 1201 2285 nisi
1233 2243 1346 2297 quod
1376 2258 1489 2286 vere-

151 2306 277 2356 retur,
309 2317 361 2344 ne
392 2307 439 2345 tu
471 2304 577 2345 illud
608 2303 860 2345 beneficium
887 2303 1058 2345 omnino
1084 2316 1169 2344 non
1194 2305 1374 2357 putares.
1425 2301 1489 2344 De
