1659 2552
599 85 739 119 LIBER
766 85 832 119 ΧΗ
859 88 960 119 5-7.
1371 85 1453 127 337

115 182 327 223 bonorum
360 181 403 221 in
436 183 476 222 te
507 184 547 222 et
573 181 706 222 Bruto
740 195 827 221 esse
858 180 1056 234 positum,
1089 180 1135 233 si,
1168 181 1280 234 quod
1311 181 1455 235 nolim,

115 240 280 282 adversi
314 240 417 294 quid
443 240 639 280 evenerit.
701 238 796 292 Res,
829 253 923 280 cum
954 238 1056 279 haec
1088 239 1335 293 scribebam,
1367 243 1456 280 erat

115 299 159 340 in
193 302 430 340 extremum
457 298 633 339 adducta
662 298 902 352 discrimen3
933 296 1091 337 Brutus
1124 297 1235 337 enim
1267 298 1455 339 Mutinae

116 358 190 399 vix
222 358 305 398 iam
338 357 582 397 sustinebat.
645 356 726 405 Qui
758 357 791 397 si
825 359 1094 397 conservatus
1127 356 1223 410 erit,
1261 357 1455 411 vicimu33

18 440 22 445 ·
81 428 97 452 5
118 417 195 471 sin,
229 416 342 470 quod
369 416 409 455 di
437 430 559 456 omen
585 416 811 469 avertant!,
845 414 980 455 omnis
1008 414 1196 455 omnium
1223 428 1367 455 cursus
1393 418 1455 455 est

118 476 171 516 ad
202 489 287 516 vos.
348 473 531 514 Proinde
569 474 634 514 fac
666 474 853 514 animum
890 475 1055 513 tantum
1088 472 1242 513 habeas
1274 475 1456 513 tantum-

117 548 198 588 que
230 536 489 588 apparatum,
523 535 680 586 quanto
713 546 818 586 opus
850 534 912 572 est
943 531 996 572 ad
1027 531 1266 572 universam
1297 546 1386 572 rem
1417 547 1455 586 p.

117 591 455 646 recuperandam.
506 590 622 631 Vale.

739 693 832 735 VH.

66 792 99 816 10
284 776 359 811 Ser.
386 776 522 810 Romae
547 775 644 809 Non.
672 775 786 809 Mart.
813 779 878 809 aut
904 779 1016 819 postr.
1043 786 1075 809 α.
1104 777 1172 808 711
1201 776 1290 818 (43).

580 855 748 890 CICERO
776 831 935 890 cAssio
970 855 1003 890 s,

208 941 374 990 Quanto
407 940 547 981 studio
581 939 831 995 dignitatem
862 942 979 980 tuam
1011 941 1052 979 et
1083 939 1126 979 in
1158 941 1306 979 senatu
1338 940 1379 980 et
1405 938 1457 979 ad

118 1000 324 1055 populum
357 998 626 1052 defenderim,
659 1012 709 1039 ex
739 998 824 1038 tuis
855 1000 896 1038 te
928 997 1039 1038 malo
1072 1012 1197 1051 quam
1224 1012 1275 1038 ex
1299 1012 1366 1038 me
1392 1011 1458 1038 co-

119 1073 339 1115 gnoscere,
371 1072 477 1112 quae
501 1072 594 1098 mea
625 1057 833 1098 sententia
858 1056 901 1096 in
927 1058 1073 1097 senatu
1099 1056 1221 1096 facile
1246 1056 1457 1109 valuisset,

69 1130 101 1155 15
122 1118 205 1158 nisi
235 1117 371 1158 Pansa
402 1116 672 1157 vehementer
709 1115 952 1169 opstitisset.
1014 1114 1077 1155 Ea
1109 1115 1316 1155 sententia
1347 1114 1458 1154 dicta

72 1196 99 1213 ι’
121 1176 351 1231 productus
383 1190 476 1216 sum
508 1175 552 1214 in
584 1174 824 1215 contionem
850 1188 873 1213 a
898 1176 948 1213 tr.
969 1173 1024 1226 pl.
1045 1172 1099 1213 M.
1122 1172 1313 1213 Servilio.
1356 1172 1458 1213 Dixi

122 1236 172 1276 de
203 1238 257 1289 te,
290 1248 395 1288 quae
426 1233 565 1287 potui,
603 1235 721 1273 tanta
759 1232 1044 1285 contentione,
1083 1234 1287 1285 quantum
1318 1232 1458 1271 forum

122 1296 202 1348 est,
242 1295 361 1334 tanto
399 1292 581 1332 clamore
619 1304 906 1343 consensuque
943 1290 1107 1344 populi,
1148 1292 1195 1330 ut
1231 1290 1340 1329 nihil
1371 1304 1459 1329 um-

123 1367 250 1407 quam
287 1351 423 1392 simile
460 1349 649 1391 viderim.
710 1348 761 1389 Id
796 1348 924 1389 velim
960 1348 1067 1388 mihi
1110 1348 1302 1403 ignoscas
1347 1348 1460 1401 quod

70 1424 104 1449 20
123 1410 257 1452 invita
288 1423 410 1451 socru
435 1411 508 1450 tua
534 1408 715 1449 fecerim.
776 1406 932 1447 Mulier
962 1406 1112 1447 timida
1142 1406 1377 1459 verebatur,
1408 1420 1460 1446 ne

122 1469 282 1510 Pansae
308 1468 472 1509 animus
498 1467 790 1508 offenderetur.
840 1464 890 1506 In
909 1465 1105 1505 contione
1131 1464 1300 1518 quidem
1325 1463 1461 1504 Pansa

126 1528 234 1568 dixit
263 1530 443 1567 matrem
475 1539 642 1579 quoque
673 1528 791 1565 tuam
817 1527 858 1565 et
884 1524 1058 1564 fratrem
1089 1523 1206 1563 illam
1232 1538 1255 1563 a
1279 1537 1346 1563 me
1372 1536 1462 1562 sen-

125 1586 302 1627 tentiam
341 1584 526 1625 noluisse
568 1583 660 1624 dici.
729 1582 812 1623 Sed
851 1597 918 1622 me
957 1582 1060 1622 haec
1098 1596 1184 1622 non
1222 1581 1462 1634 movebant,

126 1644 208 1685 alia
243 1643 461 1697 valebant,
498 1642 692 1682 favebam
729 1644 770 1682 et
807 1641 867 1681 rei
903 1655 955 1694 p.,
994 1640 1060 1680 cui
1092 1654 1256 1693 semper
1286 1639 1389 1692 favi,
1421 1641 1463 1679 et

74 1714 107 1740 25
129 1702 328 1758 dignitati
367 1715 415 1742 ac
454 1700 615 1756 gloriae
651 1702 759 1740 tuae.
821 1698 944 1747 Quod
979 1700 1120 1738 autem
1157 1701 1198 1738 et
1234 1697 1279 1737 in
1316 1699 1461 1738 senatu

126 1760 320 1815 pluribus
350 1759 490 1800 verbis
523 1758 699 1798 disserui
731 1761 768 1799 et
797 1757 884 1796 dixi
916 1756 959 1796 in
991 1756 1203 1809 contione,
1242 1755 1285 1795 in
1317 1770 1365 1796 eo
1396 1769 1463 1795 ve—

125 1820 203 1860 lim
234 1818 360 1859 fidem
390 1831 527 1858 meam
557 1816 721 1856 liberes.
782 1814 965 1855 Promisi
997 1814 1108 1854 enim
1140 1816 1181 1854 et
1211 1828 1342 1867 prope
1369 1827 1463 1853 con-

126 1877 293 1919 firmavi
325 1879 366 1917 te
403 1890 489 1916 non
529 1876 789 1928 exspectasse
820 1887 896 1913 nec
928 1874 1267 1926 exspectaturum
1300 1872 1464 1911 dec-reta

127 1939 284 1989 nostra,
316 1934 388 1976 sed
418 1937 460 1974 te
485 1933 625 1987 ipsum
650 1935 724 1972 tuo
750 1945 866 1971 more
893 1944 982 1971 rem
1006 1945 1045 1984 p.
1073 1930 1354 1971 defensurum.-
1395 1928 1465 1982 Et,

76 2007 110 2032 30
129 2008 385 2049 quamquam
424 1991 635 2032 nihildum
675 1989 958 2042 audieramus,
1002 2002 1078 2029 nec-
1120 1988 1195 2029 ubi
1238 2002 1346 2027 esses
1389 2000 1466 2027 nec

130 2067 233 2108 quas
259 2052 399 2107 copias
423 2050 611 2103 habereS,
643 2051 783 2089 tamen
808 2047 868 2088 sic
893 2047 1140 2100 statuebam,
1173 2060 1327 2099 omnes,
1360 2059 1465 2099 quae

130 2112 175 2152 in
205 2111 298 2152 istis
328 2110 520 2165 partibus
552 2110 689 2148 essent
721 2120 820 2160 opes
852 2105 1095 2159 copiaeque,
1127 2107 1220 2145 tuas
1252 2118 1359 2157 esse,
1390 2117 1467 2157 per

130 2173 255 2224 teque
292 2168 438 2210 Asiam
474 2165 736 2222 provinciam
773 2163 1034 2205 confidebam
1075 2163 1158 2203 iam
1198 2162 1259 2202 rei
1294 2176 1333 2216 p.
1366 2161 1467 2202 reci-

131 2230 330 2282 peratam.
392 2227 457 2268 Tu
493 2226 558 2266 fac
595 2225 639 2265 in
677 2222 867 2279 augenda
903 2221 1039 2277 gloria
1070 2223 1111 2261 te
1144 2221 1282 2274 ipsum
1314 2219 1466 2260 vincas.

78 2297 113 2324 35
131 2286 248 2328 Vale.

204 2361 359 2388 Ciceronis
379 2360 465 2392 epist.
484 2361 507 2385 Ι.
1188 2350 1232 2380 22

1489 1706 1507 1736 [Θ
