1659 2552
83 329 102 360 {0

130 105 215 148 100
629 100 968 138 EPISTULARUM

128 201 300 242 fortuna
337 199 530 240 adflictus
567 198 748 240 aliorum
781 197 932 262 opibus
970 211 1088 238 casus
1119 210 1236 238 meos
1266 198 1472 237 sustenta-

129 259 239 314 bam,
270 259 519 313 saepiusque
550 258 655 298 mihi
682 257 877 298 veniebat
909 256 952 296 in
983 258 1169 296 mentem
1195 255 1327 309 queri,
1358 253 1472 309 quod

130 319 190 359 ita
214 318 411 371 viverem,
443 331 569 370 quam
601 316 795 371 gauder,e
828 314 941 368 quod
965 314 1162 355 viverem.
1207 312 1472 379 Quamquam

130 377 242 418 enim
274 376 391 417 nulla
420 390 488 416 me
521 375 658 429 ipsum
684 373 884 428 privatim
910 372 1074 438 pepulit
1100 372 1279 428 insignis
1305 372 1471 425 iniuria,

129 449 207 477 nec
236 435 342 476 mihi
375 434 601 489 quicquam
632 433 707 474 tali
739 435 930 486 tempore
962 431 1005 472 in
1037 434 1223 472 mentem
1254 430 1370 472 venit
1402 444 1472 495 op-

131 497 232 547 tare,
264 493 378 548 quod
408 507 493 533 non
525 493 638 533 ultro
669 491 775 532 mihi
810 490 962 532 Caesar
994 490 1204 544 detulerit,
1238 492 1380 530 tamen
1411 489 1473 530 ni-

129 553 193 593 hil
223 553 253 605 †
287 551 346 593 eis
396 551 597 592 conficior
646 550 776 602 curis,
820 552 867 590 ut
916 549 1075 603 ipsum,
1125 547 1240 614 quod
1280 561 1474 589 maneam

131 611 175 652 in
207 611 311 664 vita,
350 624 520 665 peccare
557 624 624 650 me
662 608 911 649 existimem.
981 606 1112 648 Careo
1145 607 1258 648 enim
1289 621 1385 648 cum
1416 606 1474 647 fa-

131 669 429 711 miliarissimis
466 668 628 721 multis,
667 681 773 721 quos
810 669 883 707 aut
913 680 1028 707 mors
1059 666 1216 720 eripuit
1246 665 1370 707 nobis
1401 668 1474 706 aut

133 728 330 769 distraxit
367 728 486 782 fuga,
524 730 615 767 tum
648 726 844 767 omnibus
877 725 1038 778 amicis,
1077 739 1259 779 quorum
1295 724 1475 765 benevo—

132 787 307 828 lentiam
347 786 470 826 nobis
511 785 757 826 conciliarat
796 798 872 839 per
910 799 977 825 me
1021 783 1235 838 quondam
1274 785 1316 825 te
1359 783 1474 824 socio

135 845 303 886 defensa
336 859 399 886 res
430 844 617 898 publica,
654 857 883 898 versorque
915 843 959 883 111
990 857 1137 884 30111111
1168 841 1402 898 naufragiis
1433 844 1476 882 et

134 904 343 945 bonorum
376 903 686 957 direptionibus
722 916 800 943 nec
836 901 961 943 audio
999 902 1153 955 solum,
1191 901 1305 955 quod
1336 901 1476 955 ipsum

135 965 243 1004 esset
280 962 501 1015 miserum,
543 961 616 1003 sed
653 961 781 1002 etiam
818 961 862 1001 id
899 961 1037 1015 ipsum
1069 960 1209 1014 video,
1251 973 1335 1014 quo
1366 958 1476 1000 nihil

134 1024 197 1062 est
228 1021 430 1075 acerbius,
463 1034 609 1061 eorum
634 1021 826 1061 fortunas
853 1019 1059 1073 dissipari,
1091 1019 1245 1073 quibus
1269 1032 1346 1059 nos
1372 1018 1476 1059 011111

134 1080 400 1121 adiutoribus
440 1079 546 1120 illud
586 1079 827 1119 incendium
868 1078 1168 1132 exstinximus,
1209 1080 1270 1131 et,
1312 1077 1355 1118 in
1393 1091 1476 1131 qua

135 1138 239 1179 urbe
270 1138 396 1179 modo
428 1138 587 1193 gratia,
619 1138 884 1191 auctoritate,
915 1137 1053 1193 gloria
1083 1136 1321 1190 floruimus,
1353 1135 1397 1176 in
1428 1149 1477 1176 ea

134 1211 246 1238 nunc
275 1197 342 1238 his
374 1196 545 1251 quidem
586 1196 783 1237 omnibus
823 1210 1029 1249 car3emus
1067 1195 1307 1250 optinemus
1344 1193 1476 1249 ipsius

137 1255 325 1296 Caesaris
356 1270 564 1296 summam
597 1270 697 1310 erga
727 1269 804 1296 nos
835 1230 1162 1308 humanitatem,
1200 1253 1273 1295 sed
1304 1268 1351 1294 ea
1381 1252 1477 1307 plus

134 1329 220 1355 non
251 1317 391 1368 potest
423 1328 549 1367 quam
580 1313 644 1354 vis
676 1316 718 1354 et
748 1313 930 1354 mutatio
962 1313 1151 1354 omnium
1178 1327 1318 1353 rerum
1350 1315 1476 1366 atque

136 1376 387 1426 temporum.
449 1371 598 1425 Itaque
640 1372 768 1412 orbus
808 1372 860 1412 iis
901 1371 1026 1412 rebus
1064 1371 1278 1424 omnibus,
1323 1370 1477 1424 quibus

136 1434 178 1472 et
210 1434 359 1471 natura
399 1445 466 1471 me
499 1434 540 1471 et
571 1430 767 1471 voluntas
805 1433 845 1471 et
884 1430 1142 1471 consuetudo
1181 1429 1477 1482 adsuefecerat,

137 1504 231 1530 cum
265 1489 430 1542 ceteris,
472 1492 519 1529 ut
558 1489 727 1542 quidem
759 1488 921 1542 videor,
953 1491 1045 1529 tum
1077 1488 1183 1529 mihi
1215 1487 1303 1542 ipse
1336 1486 1478 1541 displi-

136 1562 219 1589 ceo.
281 1547 418 1588 Natus
451 1548 562 1588 enim
595 1547 647 1587 ad
677 1547 887 1603 agendum
919 1561 1084 1601 semper
1114 1546 1276 1600 aliquid
1302 1546 1478 1602 dignum

136 1607 229 1647 viro
267 1620 379 1647 nunc
415 1620 500 1646 non
538 1606 665 1646 modo
703 1606 856 1661 agendi
893 1606 1100 1646 rationem
1137 1605 1298 1646 nullam
1329 1604 1477 1658 habeo,

137 1665 209 1705 sed
246 1679 298 1705 ne
337 1664 551 1720 cogitandi
591 1664 760 1718 quidem
808 1667 866 1718 et,
904 1664 977 1718 qui
1014 1667 1136 1705 antea
1173 1667 1245 1704 aut
1289 1663 1479 1704 obscuris

136 1723 381 1764 hominibus
413 1726 485 1764 aut
517 1723 644 1764 etiam
676 1723 869 1764 sontibus
901 1722 1102 1777 opitulari
1134 1726 1336 1777 poteram,
1367 1736 1480 1762 nunc

137 1782 181 1822 P.
215 1781 412 1837 Nigidio,
452 1782 525 1822 uni
565 1782 753 1822 omnium
793 1781 1036 1822 doctissimo
1069 1785 1110 1823 et
1142 1781 1406 1823 sanctissimo
1438 1783 1480 1822 et

138 1841 323 1881 maxima
356 1841 568 1894 quondam
600 1841 739 1895 gratia
770 1843 811 1880 et
842 1840 948 1881 mihi
981 1843 1092 1881 certe
1124 1840 1396 1893 amicissimo,
1427 1853 1479 1880 ne

139 1899 320 1954 benigne
354 1899 524 1953 quidem
556 1899 747 1953 polliceri
784 1913 966 1953 possum.
1028 1899 1145 1955 Ergo
1176 1899 1258 1940 hoc
1288 1900 1479 1952 ereptum

139 1961 201 1998 est
232 1958 472 1998 litterarum
503 1972 654 2013 genus3
689 1956 899 2012 reliquum
931 1961 1006 2011 est,
1037 1961 1084 1999 ut
1117 1957 1307 1998 consoler
1338 1959 1379 1997 et
1411 1955 1479 1996 ad-

138 2017 270 2057 feram
310 2016 511 2069 rationes,
556 2016 710 2070 quibus
741 2019 783 2057 te
815 2031 838 2057 a
869 2017 1074 2058 molestiis
1107 2030 1232 2057 coner
1263 2015 1478 2056 abducere.

139 2074 195 2115 At
228 2090 275 2115 ea
314 2075 483 2129 quidem
516 2075 693 2116 facultas
725 2075 791 2116 vel
823 2076 886 2116 tui
918 2075 985 2116 vel
1023 2075 1195 2116 alterius
1236 2072 1480 2115 consolandi

139 2133 181 2173 in
213 2137 254 2174 te
287 2148 450 2174 summa
482 2136 555 2188 est,
587 2134 622 2175 si
654 2149 857 2188 umquam
884 2134 926 2174 in
953 2134 1040 2175 ullo
1067 2133 1158 2175 fuit.
1213 2131 1362 2186 Itaque
1388 2146 1480 2172 eam

138 2195 313 2245 partem,
346 2207 452 2245 quae
485 2192 536 2233 ab
570 2193 780 2246 exquisita
806 2193 987 2247 quadam
1020 2192 1183 2233 ratione
1215 2194 1257 2231 et
1289 2190 1481 2231 doctrina

139 2250 433 2304 proficiscitur,
458 2265 543 2291 non
570 2251 790 2306 attingam,
817 2251 897 2292 tibi
923 2253 1058 2291 totam
1085 2250 1331 2303 relinquam.
1371 2248 1482 2297 Quid

139 2308 195 2347 sit
238 2308 338 2348 forti
381 2312 422 2350 et
466 2309 645 2363 sapienti
688 2310 860 2351 homine
905 2309 1092 2365 dignum,
1138 2307 1240 2362 quid
1283 2308 1481 2363 gravitas,

1494 735 1528 761 10

1496 1028 1528 1054 15

1498 1909 1532 1934 30

1501 2202 1533 2227 35
