1659 2552
134 2147 152 2176 tl.)

181 103 208 144 2
213 104 269 145 70
691 102 1030 138 EPISTULARUM

180 199 298 240 simis
329 199 564 240 honoribus
597 198 842 239 abundabis.
903 196 945 238 Is
977 200 1130 252 autem,
1163 198 1235 252 qui
1262 212 1358 239 vere
1384 196 1524 252 appel·

179 258 257 299 lari
290 261 430 313 potest
467 258 619 311 honos,
661 271 745 297 non
784 256 1110 297 invitamentum
1143 257 1194 297 ad
1226 260 1410 311 tempus,
1451 256 1523 297 sed

179 320 406 372 perpetuae
445 317 616 357 virtutis
653 318 715 356 est
756 315 1001 368 praemium.
1065 314 1199 364 Quam
1233 315 1286 356 ob
1320 329 1425 367 rem,
1463 315 1521 356 mi

179 376 350 430 Plance,
383 375 578 416 incumbe
610 377 702 415 toto
734 376 904 427 pectore
936 374 989 414 ad
1019 374 1204 428 laudem,
1245 373 1420 415 subveni
1453 389 1522 428 pa-

178 435 303 490 triae,
342 435 549 488 opitulare
582 433 785 487 collegae,
827 433 1016 473 omnium
1049 433 1241 487 gentium
1273 446 1523 473 consensum

179 496 221 535 et
247 493 538 534 incredibilem
559 491 915 545 conspirationem
936 491 1097 532 adiuva.
1142 491 1210 532 Me
1236 494 1407 532 tuorum
1427 505 1522 532 0011-

179 553 371 593 siliorum
415 551 669 604 adiutorem,
715 550 935 605 dignitatis
972 551 1199 604 fautorem,
1244 550 1440 591 omnibus
1478 550 1522 591 in

180 612 305 652 rebus
331 611 408 651 tibi
439 610 740 650 amicissimum
767 609 1144 663 fidelissimumque
1172 623 1410 665 cognosces.
1454 607 1522 649 Ad

179 685 247 711 eas
280 670 391 711 enim
425 683 586 722 causas,
625 668 780 721 quibus
812 668 923 708 inter
954 682 1030 709 nos
1063 682 1204 709 amore
1238 682 1398 722 sumus,
1431 668 1521 708 offi-

180 729 265 782 ciis,
298 731 506 769 vetustate
538 727 765 780 coniuncti,
797 727 958 781 patriae
991 727 1142 767 caritas
1174 727 1359 781 accessit,
1391 740 1521 780 eaque
1542 737 1575 762 10

179 788 328 842 effecit,
361 790 407 827 ut
438 790 555 827 tuam
587 786 719 827 vitam
752 786 1004 826 anteferrem
1036 800 1163 827 meae.
1196 797 1247 826 111
1278 785 1328 826 K.
1361 784 1463 840 Apr.

1560 442 1576 468 <71

815 936 886 979 XI.

372 1018 446 1054 Ser.
474 1020 516 1054 in
540 1019 794 1064 Allobroyz'bus
818 1030 871 1053 εει).
897 1030 941 1053 m.
969 1018 1059 1062 Apr.
1090 1030 1122 1053 a.
1151 1021 1219 1053 711
1254 1020 1343 1062 (43).

610 1100 828 1135 PLANCUS
855 1099 1088 1135 CICERONI.

266 1195 510 1237 Inmortalis
548 1211 628 1252 ago
667 1196 746 1237 tibi
778 1197 937 1251 gratias
970 1210 1192 1251 agamque,
1232 1196 1332 1236 dum
1362 1195 1519 1250 vivam,
1542 1206 1574 1231 15

179 1270 276 1296 nam
304 1256 535 1296 relaturum
561 1271 628 1296 me
655 1255 877 1295 adfirmare
903 1269 987 1295 non
1013 1269 1196 1308 possum.
1235 1254 1382 1295 Tantis
1408 1255 1520 1295 enim

178 1314 264 1354 tuis
291 1314 443 1355 officiis
468 1328 554 1355 non
579 1314 726 1354 videor
750 1314 809 1354 mi
841 1314 1093 1367 respondere
1126 1327 1258 1367 posse,
1291 1313 1371 1353 nisi
1399 1313 1519 1366 forte,

180 1376 226 1413 ut
252 1376 298 1413 tu
324 1373 572 1428 gravissime
599 1372 956 1425 disertissimeque
983 1372 1200 1425 scripsisti,
1234 1372 1291 1412 ita
1323 1385 1520 1412 sensurus

180 1446 235 1485 eS,
267 1434 314 1472 ut
345 1446 411 1472 me
438 1432 593 1472 referre
619 1431 801 1486 gratiam
833 1435 966 1484 putes,
1000 1445 1094 1471 cum
1120 1430 1323 1470 memoria
1354 1430 1518 1471 tenebo.

181 1489 226 1530 Si
265 1490 314 1531 de
352 1490 430 1530 filii
468 1490 531 1530 tui
571 1490 777 1545 dignitate
815 1493 923 1530 esset
955 1492 1112 1543 actum,
1153 1489 1377 1529 amabilius
1409 1492 1519 1529 certe
1540 1500 1573 1525 20

180 1548 288 1589 nihil
319 1549 455 1589 facere
487 1549 706 1602 potuisses.
752 1547 917 1588 Primae
950 1551 1046 1589 tuae
1079 1548 1310 1588 sententiae
1342 1548 1520 1588 infinitis

181 1622 275 1648 cum
316 1607 578 1660 muneribus,
621 1607 875 1661 posteriores
916 1607 967 1647 ad
1008 1610 1174 1660 tempus
1212 1606 1520 1660 arbitriumque

181 1666 413 1706 amicorum
450 1680 641 1706 meorum
679 1666 954 1719 compositae,
993 1666 1128 1706 oratio
1160 1666 1326 1706 assidua
1358 1667 1399 1706 et
1430 1679 1520 1719 per-

180 1728 307 1779 petua
345 1725 394 1765 de
432 1739 515 1776 me,
559 1725 696 1779 iurgia
733 1738 828 1765 cum
862 1724 1218 1778 optrectatoribus
1248 1727 1423 1778 propter
1453 1737 1520 1764 me

180 1783 401 1824 notissima
439 1783 544 1823 mihi
583 1786 690 1824 sunt.
752 1782 851 1824 Non
892 1783 1115 1824 mediocris
1147 1782 1384 1823 adhibenda
1414 1781 1520 1822 mihi
1539 1793 1573 1818 25

181 1845 244 1883 est
276 1857 390 1896 cura,
435 1845 481 1882 ut
522 1842 581 1883 rei
624 1857 660 1896 p.
699 1857 766 1883 me
808 1842 941 1882 civem
985 1842 1161 1897 dignum
1201 1841 1285 1882 tuis
1325 1841 1521 1882 laudibus

180 1904 409 1955 praestem,
460 1901 502 1941 in
547 1901 732 1941 amicitia
776 1903 849 1941 tua
897 1915 1127 1941 memorem
1171 1903 1297 1954 atque
1339 1902 1519 1955 gratum.

182 1960 303 2009 Quod
329 1960 539 2013 reliquum
566 1963 640 2013 est,
671 1962 792 2000 tuum
818 1974 971 2000 munus
997 1962 1114 2000 tuere
1141 1962 1181 1999 et
1207 1973 1284 2012 me,
1316 1959 1363 2012 si,
1396 1972 1520 2011 quem

181 2033 269 2060 esse
306 2019 496 2072 voluisti,
537 2033 632 2059 eum
671 2019 787 2059 exitu
826 2018 1035 2072 rebusque
1073 2017 1308 2073 cognoscis,
1347 2016 1520 2057 defende

182 2092 228 2118 ac
261 2092 434 2131 suscipe.
1540 2086 1574 2110 30

270 2135 375 2176 Cum
407 2135 662 2176 Rhodanum
695 2135 836 2189 copias
869 2135 1005 2176 omnis
1042 2134 1298 2176 traiecissem
1330 2133 1521 2174 fratrem-

181 2209 260 2247 que
302 2209 396 2235 cum
438 2194 575 2235 tribus
616 2194 789 2235 milibus
830 2194 1021 2248 equitum
1062 2192 1387 2248 praemisissem,
1432 2192 1521 2246 ipse

181 2253 261 2292 iter
292 2253 343 2293 ad
374 2252 584 2293 Mutinam
618 2253 856 2307 dirigerem,
890 2253 931 2293 in
964 2252 1114 2292 itinere
1141 2251 1189 2292 de
1215 2251 1376 2303 proelio
1409 2251 1520 2291 facto

180 2310 398 2365 Brutoque
419 2315 460 2352 et
479 2311 645 2352 Mutina
667 2312 884 2365 opsidione
910 2311 1102 2352 liberatis
1128 2309 1279 2350 audivi.
1322 2308 1521 2350 Animad-
