1659 2552
149 112 233 153 124
647 108 986 144 EPISTULARUM

146 221 273 262 seque
306 206 528 262 collegisti,
562 209 653 246 tum
684 204 792 246 nihil
824 203 931 258 pluS,
965 217 1092 257 quam
1125 202 1239 256 quod
1270 201 1496 243 firmitudi-

146 281 243 307 nem
274 265 613 322 gravitatemque
645 264 774 305 animi
801 263 863 303 tui
890 262 1107 316 perspexi3
1139 276 1266 315 quam
1291 275 1377 302 non
1402 261 1496 302 imi-

146 325 228 366 tari
259 324 554 379 turpissimum
580 323 787 364 existimo.
831 320 980 375 Itaque
1006 320 1087 361 hoc
1113 320 1241 360 etiam
1272 319 1494 361 fortiorem

147 398 214 424 me
257 386 362 437 puto
407 398 532 436 quam
574 385 614 422 te
656 382 812 436 ipsum,
855 382 1173 434 praeceptorem
1216 378 1495 433 fortitudinis,

149 442 262 496 quod
302 444 350 482 tu
389 441 494 481 mihi
533 441 673 481 videre
714 454 831 493 spem
871 453 958 479 non
997 438 1160 478 nullam
1198 436 1356 478 habere
1392 436 1496 478 haec
1532 447 1550 474 5

148 500 375 554 aliquando
402 502 545 540 futura
570 499 763 552 meliora3
796 512 914 538 casus
941 497 1053 538 enim
1078 495 1323 552 gladiatorii
1349 495 1497 537 simili-

147 560 399 613 tudinesque
432 572 520 612 eae,
559 561 650 598 tum
688 557 873 597 rationes
911 556 955 596 in
994 570 1042 596 ea
1080 555 1366 609 disputatione
1398 568 1423 595 a
1453 556 1496 596 te

149 618 348 658 collectae
381 617 580 657 vetabant
612 630 679 656 me
710 616 771 656 rei
809 630 847 669 p.
879 614 1049 669 penitus
1082 614 1285 654 diffidere.
1345 611 1496 667 Itaque

150 676 330 717 alterum
361 675 501 716 minus
532 674 699 729 mirum,
732 674 954 715 fortiorem
986 676 1028 714 te
1060 687 1165 727 esse,
1207 686 1303 713 cum
1335 671 1498 726 aliquid

150 749 302 789 speres,
334 734 514 774 alterum
534 733 712 787 ‘mirum,
745 747 817 787 spe
849 732 936 773 ulla
960 732 1106 773 teneri.
1158 731 1269 780 Quid
1294 733 1358 772 est
1383 730 1496 772 enim
1517 742 1552 768 ιο

149 808 235 834 11011
277 794 336 834 ita
375 793 607 847 adfectum,
652 794 699 832 ut
740 792 784 832 id
822 805 909 832 non
951 791 1136 831 deletum
1177 790 1497 844 extinctumque

150 867 238 893 esse
269 851 455 892 fateare?
519 850 803 904 Circumspice
837 849 979 891 omnia
1003 849 1195 890 membra
1220 849 1281 889 rei
1306 864 1358 903 p.,
1390 861 1498 903 quae

149 910 371 952 notissima
412 912 510 950 sunt
552 909 653 964 tibi3
698 909 864 950 nullum
904 908 1088 963 reperies
1128 908 1338 962 profecto,
1383 906 1500 962 quod

149 984 235 1010 non
271 969 453 1009 fractum
492 968 813 1009 debilitatumve
852 967 917 1008 sit.
981 966 1096 1016 Quae
1133 980 1424 1021 persequerer,
1462 964 1499 1006 si

151 1031 222 1069 aut
254 1028 405 1068 melius
437 1041 485 1068 ea
516 1027 715 1081 viderem,
748 1041 873 1081 quam
905 1029 953 1067 tu
985 1026 1113 1080 videS,
1147 1028 1219 1066 aut
1246 1038 1499 1066 commemo-
1517 1035 1551 1062 15

149 1102 241 1127 rare
272 1100 440 1141 possem
472 1086 561 1127 sine
593 1086 755 1139 dolore3
789 1100 1045 1140 quamquam
1071 1084 1157 1125 tuis
1181 1084 1356 1125 monitis
1381 1097 1499 1138 prae-

152 1145 367 1200 ceptisque
412 1145 549 1186 omnis
593 1147 656 1185 est
700 1144 944 1185 abiciendus
989 1144 1120 1184 dolor.
1183 1143 1300 1199 Ergo
1345 1145 1387 1184 et
1428 1142 1499 1183 do-

150 1204 325 1244 mestica
364 1203 565 1256 feremus,
606 1206 653 1243 ut
694 1217 857 1257 censes,
895 1205 937 1244 et
976 1202 1148 1257 publica
1183 1202 1328 1256 paullo
1369 1200 1499 1242 etiam

151 1263 304 1303 fortius
335 1261 515 1302 fortasse
547 1276 674 1315 quam
704 1264 752 1302 tu
784 1262 885 1315 ipse,
919 1262 991 1315 qui
1022 1260 1242 1315 praecipis.
1293 1259 1353 1301 Te
1385 1259 1499 1301 enim

151 1321 292 1375 aliqua
324 1334 417 1374 spes
449 1320 702 1374 consolatur,
735 1322 781 1360 ut
814 1319 975 1374 scribis,
1007 1334 1084 1360 nos
1116 1319 1273 1360 erimus
1299 1318 1428 1359 etiam
1454 1318 1499 1359 in
1518 1329 1553 1355 20

152 1379 342 1420 omnium
374 1378 665 1432 desperatione
697 1378 840 1431 fortes,
872 1381 920 1419 ut
945 1381 992 1418 tu
1018 1381 1161 1418 tamen
1192 1377 1304 1418 idem
1336 1379 1378 1417 et
1402 1376 1500 1418 hor-

151 1438 254 1478 taris
292 1439 334 1478 et
369 1437 588 1491 praecipis.
650 1436 736 1477 Das
775 1437 887 1477 enim
924 1436 1030 1477 mihi
1069 1436 1272 1477 iucundas
1308 1435 1500 1476 recorda-

149 1497 287 1538 tiones
316 1495 595 1536 conscientiae
622 1498 790 1535 nostrae
816 1506 1042 1549 rerumque
1068 1509 1223 1549 earum,
1257 1508 1360 1548 quas
1386 1496 1428 1535 te
1454 1494 1499 1535 in

150 1554 299 1609 primis
326 1556 496 1595 auctore
521 1554 746 1609 gessimus3
771 1554 1062 1608 praestitimus
1088 1553 1200 1594 enim
1226 1553 1388 1607 patriae
1412 1566 1500 1594 non

150 1613 290 1654 minus
334 1615 465 1667 certe,
511 1627 637 1666 quam
682 1612 923 1667 debuimus,
973 1613 1069 1666 plus
1112 1612 1326 1667 profecto,
1372 1626 1499 1666 quam
1518 1621 1552 1647 25

151 1674 214 1713 est
251 1671 303 1712 ab
342 1671 482 1712 animo
525 1671 772 1725 cuiusquam
811 1674 884 1712 aut
922 1671 1099 1712 consilio
1137 1670 1324 1711 hominis
1354 1672 1500 1725 postu-

151 1731 297 1771 latum.

240 1788 438 1845 Ignosces
468 1788 574 1829 mihi
608 1788 657 1829 de
689 1802 756 1829 me
782 1788 874 1842 ipso
901 1788 1063 1842 aliquid
1087 1786 1368 1843 praedicanti3
1400 1801 1500 1841 qua-

152 1862 247 1888 rum
278 1848 391 1888 enim
422 1850 469 1888 tu
501 1862 642 1888 rerum
675 1847 932 1902 cogitatione
958 1861 1036 1887 nos
1061 1846 1201 1887 levare
1233 1845 1499 1902 aegritudine

150 1906 336 1960 voluisti,
363 1920 506 1947 earum
532 1906 660 1947 etiam
686 1906 1087 1946 commemoratione
1112 1905 1305 1946 lenimur.
1337 1902 1498 1959 Itaque,
1517 1914 1552 1941 ³0

151 1968 199 2006 ut
228 1979 391 2017 mones,
431 1968 636 2019 quantum
667 1968 834 2019 potero,
876 1979 943 2005 me
975 1964 1028 2005 ab
1061 1963 1259 2005 omnibus
1290 1962 1498 2003 molestiis

151 2027 192 2064 et
233 2023 464 2079 angoribus
503 2023 708 2064 abducam
748 2024 1084 2077 transferamque
1122 2022 1311 2063 animum
1348 2020 1400 2061 ad
1438 2034 1497 2075 ea,

153 2082 306 2136 quibus
351 2081 555 2123 secundae
599 2097 665 2122 res
716 2084 940 2136 ornantur,
990 2081 1189 2122 adversae
1232 2079 1498 2134 adiuvantur,

151 2144 374 2194 tecumque
407 2143 448 2181 et
480 2155 551 2181 ero
584 2143 769 2194 tantum,
808 2143 1014 2195 quantum
1051 2139 1239 2195 patietur
1274 2137 1498 2192 utriusque

152 2202 265 2240 aetas
285 2203 326 2240 et
346 2199 555 2254 valetudo,
587 2202 640 2253 et,
667 2199 701 2239 si
722 2213 810 2240 esse
830 2213 914 2239 una
932 2198 1073 2239 minus
1097 2197 1344 2252 p'oterimUS,
1370 2211 1498 2251 quam
1516 2207 1551 2233 ³5

153 2257 352 2312 volemus,
385 2258 624 2299 animorum
655 2260 797 2298 tamen
829 2257 1127 2298 coniunctione
1153 2255 1386 2309 iisdemque
1413 2258 1498 2296 stu-

153 2316 232 2355 diis
264 2316 323 2356 ita
354 2316 554 2370 fruemur,
586 2319 634 2356 ut
664 2330 896 2370 numquam
927 2330 1013 2357 non
1044 2329 1129 2356 una
1155 2329 1243 2356 esse
1268 2314 1497 2355 videamur.
