1659 2552
595 622 737 656 LIBER
775 621 954 656 SEXTUS

206 706 294 748 AD
336 706 386 748 A.
428 705 860 756 TORQUATUM
899 704 980 745 ET
1015 702 1338 745 CETEROS.

754 822 785 865 I.

471 904 545 939 Ser.
573 905 709 938 Romae
741 915 794 938 eas.
821 916 854 938 a.
883 907 956 938 708
983 906 1075 946 (46).

66 1003 82 1028 5
401 986 450 1020 M.
495 985 708 1020 CICEROS.
741 985 784 1020 D.
811 986 852 1020 A.
886 983 1157 1026 TORQUATO.

190 1070 286 1112 Etsi
327 1084 374 1111 ea
414 1069 681 1123 perturbatio
723 1072 786 1110 est
827 1069 1017 1110 omnium
1059 1083 1221 1123 rerum,
1262 1070 1309 1108 ut
1350 1082 1447 1108 suae
1477 1079 1492 1108 1

103 1144 312 1184 quemque
337 1130 532 1170 fortunae
558 1129 741 1169 maxime
761 1128 985 1182 paeniteat,
1012 1142 1220 1181 nemoque
1247 1127 1313 1179 sit,
1346 1127 1449 1180 quin

103 1188 243 1229 ubivis
276 1203 402 1242 quam
434 1187 512 1241 ibi,
545 1187 620 1227 ubi
652 1190 732 1241 est,
771 1201 859 1227 esse
891 1187 1031 1240 malit,
1064 1189 1206 1226 tamen
1238 1186 1344 1226 mihi
1378 1185 1450 1226 du-

103 1247 223 1288 bium
263 1261 348 1288 non
386 1249 469 1299 est,
511 1246 614 1299 quin
654 1246 735 1286 hoc
772 1249 962 1299 tempore
1004 1245 1116 1285 bono
1155 1245 1247 1285 viro
1287 1243 1449 1284 Romae

52 1320 85 1344 10
105 1320 192 1347 esse
224 1305 510 1346 miserrimum
548 1304 614 1345 sit.
675 1303 805 1358 Nam,
843 1304 939 1358 etsi,
982 1317 1247 1357 quocumque
1280 1303 1324 1343 in
1355 1303 1448 1343 loco

104 1365 282 1419 quisque
314 1367 387 1418 est,
420 1363 532 1404 idem
565 1365 627 1403 est
659 1363 698 1404 ei
729 1377 875 1404 sensus
907 1366 948 1404 et
983 1362 1128 1403 eadem
1160 1361 1367 1402 acerbitas
1399 1376 1451 1402 ex

105 1423 281 1464 interitu
313 1437 454 1463 rerum
486 1424 528 1462 et
558 1421 828 1476 publicarum
859 1424 901 1462 et
938 1436 1127 1475 suarum,
1164 1423 1307 1461 tamen
1339 1420 1451 1461 oculi

106 1484 262 1537 augent
295 1481 501 1535 dolorem,
540 1480 612 1534 qui
645 1495 709 1535 ea,
749 1495 856 1534 quae
893 1480 1022 1521 ceteri
1060 1479 1255 1533 audiunt,
1294 1479 1451 1520 intueri

107 1542 265 1595 cogunt
307 1554 385 1580 nec
426 1541 614 1580 avertere
656 1554 680 1580 a
720 1539 902 1580 miseriis
947 1538 1251 1594 cogitationem
1295 1538 1450 1578 sinunt.

54 1612 87 1636 15
108 1598 262 1651 Quare,
294 1598 373 1639 etsi
403 1598 635 1639 multarum
666 1612 807 1638 rerum
841 1597 1048 1638 desiderio
1079 1600 1121 1638 te
1153 1597 1253 1652 angi
1284 1610 1451 1637 necesse

109 1659 190 1710 est,
227 1659 372 1697 tamen
415 1656 490 1697 isso
531 1656 695 1705 dolore,
721 1671 805 1710 quo
841 1656 1025 1697 maxime
1057 1658 1098 1696 te
1131 1654 1282 1696 confici
1314 1655 1451 1709 audio,

109 1714 226 1769 quod
256 1714 420 1755 Romae
453 1728 540 1755 non
565 1713 634 1767 sis,
661 1714 850 1755 animum
876 1717 998 1755 tuum
1022 1714 1167 1755 libera.
1217 1713 1313 1754 Etsi
1339 1714 1452 1754 enim

109 1788 204 1814 cum
235 1788 389 1828 magna
419 1773 614 1813 molestia
644 1775 741 1813 tuos
772 1776 928 1826 tuaque
959 1772 1180 1826 desideras,
1212 1775 1355 1813 tamen
1379 1772 1452 1812 issa

109 1832 291 1886 quidem,
325 1845 430 1885 quae
462 1830 654 1885 requiriS,
686 1846 809 1871 suum
835 1834 993 1871 statum
1018 1833 1163 1871 tenent
1189 1845 1265 1871 nec
1290 1831 1453 1883 melius,

57 1903 90 1929 20
110 1891 146 1931 si
177 1893 225 1931 tu
257 1890 437 1943 adesses,
478 1891 670 1930 tenerent
707 1903 784 1930 nec
815 1892 912 1929 sunt
944 1889 1032 1929 ullo
1064 1889 1109 1929 in
1139 1889 1313 1943 proprio
1345 1889 1454 1942 peri-

111 1949 223 2004 cu103
267 1963 343 1989 nec
382 1948 508 1989 debes
544 1950 609 2001 tn,
649 1961 744 1988 cum
777 1947 826 1988 de
858 1947 943 1988 tuis
975 1947 1154 2002 cogitas,
1193 1950 1265 1987 aut
1296 1947 1454 2001 praeci-

110 2023 239 2062 puam
271 2008 455 2060 aliquam
493 2007 710 2046 fortunam
741 2006 956 2059 postulare
989 2009 1061 2046 aut
1093 2020 1360 2046 communem
1392 2020 1453 2046 re-

112 2081 268 2107 cusare.
339 2065 402 2106 De
442 2068 484 2106 te
526 2067 667 2105 autem
699 2064 812 2118 ipso,
853 2063 1086 2117 Torquate,
1128 2067 1190 2104 est
1230 2066 1353 2104 tuum
1393 2064 1453 2105 sic
1479 2075 1498 2104 2

112 2125 273 2181 agitare
311 2124 469 2174 animo,
507 2126 554 2163 ut
591 2137 677 2163 non
715 2122 915 2163 adhibeas
953 2123 997 2162 in
1035 2123 1259 2163 consilium
1296 2123 1453 2178 cogita-

60 2194 93 2220 25
111 2184 277 2224 tionum
307 2186 477 2223 tuarum
504 2181 838 2235 desperationem
864 2183 936 2221 aut
961 2181 1171 2221 timorem.
1224 2180 1315 2222 Nec
1340 2181 1454 2222 enim

112 2242 160 2296 is,
192 2242 265 2296 qui
297 2241 341 2281 in
372 2244 413 2281 te
446 2241 582 2281 adhuc
607 2240 816 2293 iniustior,
849 2255 976 2293 quam
1001 2242 1074 2280 tua
1101 2239 1285 2295 dignitas
1310 2242 1454 2294 postu-

112 2300 239 2354 labat,
270 2300 363 2353 fuit,
394 2314 480 2340 non
511 2313 664 2354 magna
696 2298 816 2354 signa
843 2298 956 2339 dedit
988 2298 1119 2338 animi
1150 2313 1250 2354 erga
1274 2301 1316 2339 te
1341 2298 1455 2340 miti—
