1659 2552
619 112 762 146 LIBER
788 111 854 146 XV
879 115 911 147 4.
1347 113 1404 154 45
1412 113 1432 153 1

90 207 217 261 volui,
250 206 364 261 quod
396 209 518 248 antea
549 207 829 262 neglexeram,
862 210 903 248 et
935 222 1031 248 eum
1062 207 1280 262 honorem,
1313 209 1385 262 qui
1411 223 1435 249 a

90 269 237 306 senatu
263 265 397 306 tribui
424 265 550 306 rebus
575 266 739 306 bellicis
765 266 889 321 solet,
920 267 1169 322 neglectum*
1188 281 1211 307 a
1237 281 1303 307 me
1332 267 1434 308 olim

89 338 201 365 nunc
231 324 338 364 mihi
370 324 651 379 expetendum
682 327 798 378 puto.

177 382 290 423 Huic
320 397 438 423 meae
469 383 697 437 voluntati,
729 383 773 424 in
805 397 888 436 qua
919 383 1028 424 inest
1060 383 1201 437 aliqua
1232 383 1296 424 vis
1330 384 1433 424 desi-

53 454 69 479 ῡ
91 441 195 482 (101·11
228 441 280 482 3(1
312 441 543 482 sanandum
575 441 727 482 vulnus
764 442 960 495 iniuriae,
998 444 1045 482 ut
1076 442 1217 483 faveas
1249 442 1433 483 adiutor-

90 515 170 554 que
203 500 279 554 sis,
312 499 426 554 quod
455 500 582 554 paulo
615 502 712 540 ante
743 515 809 541 me
841 514 1041 556 negaram
1066 503 1335 556 rogaturum,
1367 515 1433 542 ve·

88 561 253 599 menter
288 560 330 599 te
369 573 491 614 rogo,
533 558 605 599 sed
642 559 721 612 ita,
762 560 797 599 si
834 573 920 600 non
958 559 1148 600 ieiunum
1177 560 1260 600 hoc
1290 560 1432 601 nescio

89 617 202 671 quid,
235 617 349 671 quod
380 632 458 672 ego
489 617 612 673 gessi,
645 620 686 658 et
718 617 1072 658 contemnendum
1102 618 1328 672 videbitur,
1361 618 1433 659 sed

89 676 172 716 tale
199 678 325 729 atque
356 677 535 730 tantum,
567 678 615 717 ut
645 676 771 716 multi
801 691 1069 730 nequaquam
1099 677 1273 730 paribus
1305 677 1432 718 rebus

36 749 69 772 10
88 735 271 775 honores
315 749 501 775 summos
542 749 565 774 a
606 737 753 775 senatu
797 735 1010 775 consecuti
1054 734 1149 776 sint.
1220 735 1431 789 Equidem

89 793 218 834 etiam
249 793 355 833 illud
384 793 492 834 mihi
524 793 711 834 animum
743 793 972 834 advertisse
1003 793 1149 834 videor
1181 792 1280 850 (scis
1306 795 1430 849 enim,

90 866 216 906 quam
247 853 407 892 attente
432 854 473 892 te
500 852 644 892 audire
677 850 865 907 soleam),
897 855 939 893 te
964 867 1050 893 non
1080 855 1168 892 tam
1200 867 1266 893 res
1290 856 1430 908 gestas

89 925 216 964 quam
255 924 394 951 mores
434 910 757 964 institutamque
797 911 929 952 vitam
972 911 1277 965 imperatorum
1317 926 1431 966 spec·

89 972 179 1009 tare
220 969 354 1009 solere
391 969 435 1009 in
472 969 678 1010 habendis
716 972 788 1009 aut
824 984 910 1010 non
946 969 1152 1010 habendis
1182 970 1428 1011 honoribus.

38 1041 69 1065 15
91 1026 214 1076 Quod
238 1028 273 1068 si
305 1027 350 1067 in
380 1042 474 1068 mea
507 1042 629 1068 031133
662 1028 962 1082 considerabis,
1004 1028 1186 1082 reperies
1216 1043 1284 1069 me
1316 1043 1430 1070 exer-

89 1086 175 1126 citu
206 1085 405 1126 inbecillo
432 1089 577 1126 contra
608 1089 769 1127 metum
800 1086 975 1127 maximi
1005 1087 1106 1127 belh'
1138 1087 1429 1128 firmissimum

87 1144 345 1198 praesidium
378 1144 577 1185 habuisse
609 1145 864 1198 aequitatem
898 1148 939 1186 et
972 1146 1286 1186 continentiam.
1348 1145 1429 1187 His

89 1217 168 1257 ego
194 1202 393 1243 subsidiis
420 1217 467 1243 ea
493 1218 585 1243 sum
611 1207 870 1257 consecutuS,
903 1218 1008 1257 quae
1033 1204 1162 1245 nullis
1187 1204 1429 1260 legionibus

88 1261 288 1315 consequi
317 1261 568 1316 potuissem,
605 1265 653 1302 ut
689 1276 738 1303 ex
774 1262 1042 1302 alienissimis
1073 1262 1198 1303 sociis
1229 1263 1430 1304 amicissi-

35 1334 68 1357 20
87 1334 191 1374 mos,
223 1333 274 1360 ex
304 1319 606 1361 infidelissimis
637 1320 902 1361 firmissimos
933 1321 1150 1362 redderem
1182 1322 1428 1376 animosque

88 1391 293 1418 novarum
325 1392 466 1419 rerum
492 1379 803 1433 exspectatione
835 1394 1058 1433 suspensos
1090 1380 1143 1420 ad
1173 1381 1328 1422 veteris
1353 1381 1429 1421 im-

87 1437 195 1490 perii
227 1436 557 1478 benivolentiam
588 1437 861 1478 traducerem.

177 1493 259 1535 Sed
289 1495 416 1535 nimis
446 1495 549 1536 haec
579 1496 714 1536 multa
746 1496 795 1536 de
825 1510 911 1550 me,
950 1497 1200 1550 praesertim
1231 1497 1284 1537 ad
1314 1500 1373 1552 te,
1406 1513 1429 1538 a

90 1567 172 1606 quo
199 1567 282 1593 uno
309 1553 499 1594 omnium
524 1554 736 1595 sociorum
762 1555 955 1608 querelae
981 1555 1220 1596 audiuntur.
1264 1555 1428 1611 Cogno-

36 1624 69 1648 25
89 1625 177 1651 sces
219 1626 269 1651 ex
308 1611 380 1665 iis,
422 1612 495 1665 qui
534 1612 638 1653 meis
679 1613 886 1653 institutis
927 1627 969 1653 se
1010 1616 1219 1654 recreatos
1258 1617 1429 1669 putant3

89 1683 267 1723 cumque
301 1684 444 1710 omnes
476 1684 560 1710 uno
591 1685 723 1724 prope
755 1685 959 1711 consensu
986 1671 1035 1712 de
1059 1686 1127 1712 me
1159 1672 1272 1726 apud
1301 1675 1343 1713 te
1370 1688 1429 1726 ea,

89 1741 195 1782 quae
233 1727 339 1767 mihi
377 1728 643 1781 optatissima
674 1732 788 1782 sunt,
828 1729 1149 1782 praedicabunt,
1190 1733 1282 1770 tum
1325 1730 1429 1771 duae

87 1785 296 1826 maximae
323 1785 540 1826 clientelae
570 1789 679 1840 tuae,
712 1785 876 1840 Cyprus
906 1787 1044 1826 insula
1072 1790 1114 1828 et
1140 1787 1427 1841 Cappadociae

89 1859 286 1899 regnum,
328 1847 468 1884 tecum
506 1844 555 1884 de
591 1858 659 1884 me
694 1844 942 1898 loquentur,
983 1848 1087 1899 puto
1125 1845 1253 1886 etiam
1285 1861 1428 1901 regem

35 1915 68 1939 30
89 1903 349 1956 Deiotarum,
382 1902 455 1955 qui
485 1902 559 1942 uni
589 1902 670 1943 tibi
697 1905 759 1943 est
789 1903 971 1943 maxime
1002 1904 1271 1944 necessarius.
1313 1904 1428 1953 Quae

89 1961 124 2002 si
150 1961 277 2002 etiam
308 1961 470 2001 maiora
500 1963 610 2014 sunt,
643 1963 684 2001 et
709 1961 753 2001 in
780 1961 976 2002 omnibus
1002 1962 1178 2002 saeculis
1208 1963 1427 2016 pauciores

87 2019 169 2060 viri
194 2019 351 2073 reperti
376 2021 484 2071 sunt,
510 2019 584 2072 qui
609 2033 703 2060 suas
724 2019 974 2073 cupiditates
995 2035 1121 2074 quam
1142 2021 1215 2074 qui
1239 2021 1428 2062 hostium

89 2078 229 2131 copias
260 2078 487 2130 vincerent,
519 2080 582 2117 est
612 2078 802 2131 profecto
834 2080 967 2132 tuum,
1003 2093 1098 2119 cum
1130 2079 1182 2119 ad
1213 2093 1278 2119 res
1310 2080 1428 2120 belli-

89 2150 156 2176 cas
187 2136 306 2190 haec,
346 2150 451 2189 quae
482 2135 643 2176 rariora
674 2139 715 2176 et
748 2136 988 2177 difficiliora
1020 2140 1129 2191 sunt,
1161 2152 1315 2192 genera
1345 2139 1428 2178 vir—

36 2205 70 2230 35
89 2194 193 2234 tutis
226 2194 483 2247 adjunxeris,
524 2193 635 2247 ipsas
673 2194 800 2235 etiam
837 2195 931 2235 illas
963 2209 1028 2235 res
1059 2197 1199 2250 gestas
1230 2196 1427 2237 iustiores

89 2267 177 2293 esse
209 2255 250 2293 et
280 2252 461 2293 maiores
491 2255 652 2305 putare.

1463 395 1505 425 14

1457 1508 1498 1538 15

175 2310 425 2352 Extremum
466 2310 571 2350 illud
609 2313 690 2365 est,
730 2313 778 2351 ut
815 2312 933 2365 quasi
977 2311 1170 2351 diffidens
1211 2312 1424 2367 rogationi
1452 2323 1493 2354 16

1140 2380 1209 2413 29*
