1659 2552
582 117 724 150 LIBER
748 116 833 150 XIII
859 119 1007 151 57—61.
1382 114 1465 154 411

754 258 840 300 LX.

529 339 602 375 Ser.
631 340 766 374 Romae
786 344 868 384 post
898 339 1063 374 reditwm.

415 421 463 456 M.
492 420 661 456 CICERO
688 420 724 456 C.
752 420 975 455 MUNATIO
1003 419 1039 455 C.
1066 420 1105 455 F.
1133 420 1167 455 S.

210 504 255 545 L.
288 505 505 546 Livineius
543 505 716 559 Trypho
756 507 818 546 est
851 505 1023 545 omnino
1055 503 1099 545 L.
1133 503 1306 560 Reguli,
1348 503 1466 544 fami-

86 576 103 601 5
124 564 339 604 liar-issimi
371 564 471 618 mei,
508 564 704 617 libertus3
748 564 865 604 euius
898 563 1114 604 calamitas
1147 563 1274 604 etiam
1307 563 1466 603 officio-

123 623 278 663 siorem
318 637 384 663 me
426 622 527 663 facit
564 623 608 663 in
647 623 786 677 illum3
827 637 925 663 nam
965 621 1298 675 benivolentior,
1339 636 1466 675 quam

123 696 288 735 semper
320 682 399 735 fui,
435 696 523 722 esse
554 696 639 721 non
670 695 853 735 possum.
918 680 1000 721 Sed
1032 695 1110 736 ego
1142 680 1344 721 libertum
1377 680 1466 721 eius

122 755 197 794 per
229 755 271 780 se
304 740 443 794 ipsum
470 740 620 795 diligo3
652 754 816 780 summa
848 740 960 780 enim
987 740 1076 780 eius
1108 754 1208 795 erga
1232 754 1300 780 me
1326 739 1467 780 officia

123 799 376 839 exstiterunt
427 799 477 839 iis
525 799 682 839 nostris
731 798 1013 853 temporibus,
1064 798 1218 852 quibus
1266 798 1467 838 facillime

70 870 103 894 10
122 858 152 911 -ξ-
184 858 340 898 bonam
373 858 702 898 benivolentiam
739 857 961 898 hominum
994 860 1035 897 et
1072 857 1199 898 fidem
1230 857 1467 911 perspicere

122 917 254 970 potui.
317 915 429 956 Eum
467 916 547 957 tibi
585 917 644 957 ita
676 916 941 970 commendo,
980 918 1027 956 ut
1057 915 1251 956 homines
1282 916 1394 971 grati
1426 918 1466 956 et

124 989 332 1015 memores
357 975 463 1016 bene
489 975 664 1016 meritos
691 975 740 1015 de
773 989 814 1015 se
841 974 1134 1015 commendare
1161 974 1326 1015 debent.
1369 973 1467 1015 Per-

123 1036 293 1089 gratum
329 1033 436 1074 mihi
474 1034 639 1087 feceris,
677 1034 713 1074 si
751 1034 821 1074 ille
854 1034 1111 1074 intellexerit
1142 1047 1202 1087 se,
1244 1033 1358 1086 quod
1388 1047 1466 1087 pro

125 1092 258 1132 salute
290 1107 383 1132 mea
414 1092 547 1132 multa
579 1092 766 1146 pericula
791 1092 953 1145 adierit,
985 1106 1107 1145 saepe
1132 1091 1271 1132 hieme
1303 1106 1468 1131 summa

71 1162 104 1186 1⁵
123 1151 346 1206 navigarit‚
376 1165 454 1204 pro
486 1154 559 1191 tua
591 1165 690 1206 erga
721 1165 788 1191 me
820 1150 1107 1191 benivolentia
1136 1153 1307 1206 gratum
1339 1150 1467 1191 etiam

123 1209 204 1250 tibi
236 1209 396 1250 fecisse.

740 1313 848 1355 LXI.

434 1395 508 1429 Ser.
534 1395 607 1438 fere
633 1396 706 1430 eod.
734 1398 836 1439 teum.
862 1406 931 1439 quo
956 1406 1008 1440 ep.
1036 1394 1150 1429 LIII.

381 1475 429 1511 M.
464 1476 634 1511 CICERO
671 1476 704 1511 S.
737 1476 780 1511 D.
812 1477 849 1511 P.
884 1476 1004 1511 SILIO
1037 1475 1206 1511 PROPR.

72 1571 106 1596 ‘20
214 1558 260 1599 Τ.
286 1559 440 1600 Pinnio
472 1560 799 1600 familiarissime
830 1575 898 1601 me
923 1575 1047 1601 usum
1079 1574 1167 1600 esse
1200 1561 1305 1601 seire
1337 1562 1378 1601 te
1407 1574 1470 1600 ar-

127 1617 281 1671 bitror3
314 1618 427 1671 quod
453 1619 623 1672 quidem
654 1619 725 1659 ille
750 1621 1005 1659 testamento
1033 1619 1272 1672 declaravit,
1304 1619 1376 1672 qui
1402 1633 1469 1659 me

127 1690 222 1716 eum
253 1678 438 1716 tutorem
469 1680 561 1716 tum
587 1677 715 1717 etiam
740 1677 970 1717 seeundum
994 1677 1192 1717 heredem
1224 1677 1469 1717 instituerit.

127 1734 232 1774 Eius
269 1734 358 1774 filio
395 1734 502 1774 mire
539 1735 728 1775 studioso
767 1738 808 1775 et
845 1735 1011 1775 erudito
1044 1738 1085 1775 et
1124 1735 1316 1775 modesto
1348 1749 1471 1788 pecu-

127 1792 242 1833 niam
272 1791 524 1833 Nicaeenses
555 1793 759 1847 grandem
791 1792 961 1846 debent,
1001 1793 1053 1832 ad
1083 1794 1325 1833 sestertium
1358 1796 1471 1833 octo-

74 1862 108 1887 25
127 1851 263 1906 giens,
297 1854 354 1904 et,
386 1853 433 1891 ut
465 1851 607 1904 audio,
640 1851 684 1891 in
715 1851 863 1904 primis
896 1851 933 1891 ei
964 1851 1114 1891 volunt
1145 1851 1317 1891 solvere.
1373 1850 1470 1891 Per-

127 1912 297 1965 gratum
329 1909 462 1964 igitur
492 1909 598 1949 mihi
630 1909 789 1963 feceris,
822 1909 1022 1962 quoniam
1047 1923 1133 1949 non
1158 1910 1284 1949 modo
1317 1909 1470 1963 reliqui

127 1971 307 2021 tutores,
347 1968 419 2021 qui
451 1967 605 2021 sciunt,
643 1968 791 2021 quanti
822 1982 888 2007 me
920 1968 1065 2021 facias,
1104 1968 1176 2008 sed
1208 1968 1335 2008 etiam
1366 1982 1471 2021 puer

128 2026 217 2080 ipse
250 2026 331 2067 sibi
362 2026 571 2080 persuasit
602 2028 643 2066 te
677 2026 817 2066 omnia
848 2040 940 2066 mea
973 2040 1095 2066 causa
1127 2026 1338 2066 facturum
1370 2040 1470 2079 esse,

130 2085 164 2124 si
197 2084 360 2125 dederis
393 2099 581 2138 operam,
619 2085 757 2137 quoad
794 2087 867 2124 tua
904 2084 1008 2124 fides
1041 2084 1308 2139 dignitasque
1341 2085 1471 2137 patie-

76 2154 110 2179 30
129 2145 215 2196 tur>
252 2146 300 2183 ut
332 2158 458 2197 quam
495 2142 727 2196 plurimum
758 2143 960 2197 pecuniae
991 2142 1144 2183 Pinnio
1178 2143 1367 2183 solvatur
1396 2142 1471 2184 Ni-

130 2202 366 2242 caeensium
397 2202 580 2242 nomine.

1493 926 1512 955 [θ
