1659 2552
138 243 160 272 4

144 1533 164 1562 6

185 77 273 118 460
678 75 1017 110 EPISTULARUM

186 176 227 213 te
256 172 305 213 de
330 171 550 226 provincia
577 170 846 211 decedentem
873 184 1037 210 summa
1068 168 1159 209 laus
1185 171 1226 210 et
1252 183 1416 209 summa
1439 183 1532 224 gra-

186 231 246 271 tia
278 230 520 284 provinciae
552 231 774 283 prosecuta
807 231 879 269 est.
925 227 1116 269 Tertium
1149 231 1222 281 est,
1254 230 1302 268 ut
1334 227 1388 281 id,
1420 227 1534 282 quod

188 290 238 330 de
279 289 436 330 nostris
478 288 603 329 rebus
645 302 786 328 coram
827 287 1253 327 communicassemus
1295 286 1405 327 inter
1444 300 1533 340 nos,

189 348 460 389 conficiamus
493 347 603 387 idem
635 346 801 386 litteris.

277 406 371 461 Ego
413 409 646 446 ceterarum
686 419 827 445 rerum
872 418 995 445 causa
1040 403 1120 444 tibi
1165 403 1345 444 Romam
1385 416 1533 457 prope·
1571 414 1587 438 5

189 466 365 506 randum
407 478 663 519 magnopere
703 478 868 508 censeo:
909 477 1006 503 nam
1039 466 1080 503 et
1112 477 1176 515 ea,
1221 476 1326 516 quae
1368 461 1533 515 reliqui,

188 524 417 578 tranquilla
446 523 494 563 de
521 525 562 568 te
589 524 720 575 erant,
753 526 793 562 et
819 521 897 562 hac
929 524 1002 562 tua
1028 521 1184 561 recenti
1211 520 1390 561 victoria
1415 523 1534 561 tanta

188 583 348 624 clarum
374 585 494 622 tuum
517 581 743 621 adventum
770 581 859 621 fore
886 580 1106 635 intellego,
1133 579 1216 633 sed,
1243 579 1277 619 si
1304 593 1409 633 quae
1436 581 1534 619 sunt

189 656 316 682 onera
354 644 543 693 tuorum,
585 639 619 680 si
657 642 775 680 tanta
813 642 928 692 sunt,
970 641 1016 679 ut
1055 653 1101 679 ea
1139 637 1346 679 sustinere
1386 637 1534 691 possis,

188 715 387 754 propera3
432 699 540 739 nihil
583 697 664 738 tibi
708 698 789 738 erit
826 697 1000 750 lautius,
1044 697 1153 737 nihil
1195 696 1424 751 gloriosus3
1469 696 1534 736 sin
1554 708 1587 732 10

189 759 367 811 maiora,
407 757 641 810 considera,
682 771 733 797 ne
773 756 815 796 in
854 756 1171 796 alienissumum
1209 758 1376 809 tempus
1414 754 1534 795 cadat

190 818 394 858 adventus
425 819 534 857 tuus.
596 815 735 856 Huius
774 815 833 855 rei
874 817 1013 855 totum
1046 814 1269 855 eonsilium
1300 816 1422 854 tuum
1455 815 1535 867 est,

189 879 236 917 tu
263 876 375 916 enim
401 875 493 929 scis,
526 874 629 928 quid
653 874 859 914 sustinere
891 873 1037 927 possis.
1089 872 1135 914 Si
1160 876 1292 927 potes,
1322 871 1535 913 laudabile

190 938 315 989 atque
348 934 610 988 popularest3
651 933 716 973 sin
753 933 877 986 plane
913 947 998 973 non
1035 935 1173 986 potes,
1214 931 1364 972 absens
1400 930 1535 971 homi-

190 1009 291 1034 num
324 1006 537 1034 sermones
569 991 734 1032 facilius
767 991 1006 1032 sustinebis.
1557 999 1588 1024 15

278 1052 342 1092 De
379 1066 446 1092 me
484 1054 625 1091 autem
662 1050 774 1091 idem
811 1053 950 1090 tecum
988 1049 1055 1090 his
1093 1062 1172 1104 ago
1204 1048 1380 1100 litteris,
1421 1047 1536 1101 quod

191 1110 481 1165 superioribus
513 1110 598 1165 egi,
636 1111 684 1149 ut
722 1109 859 1149 omnis
897 1111 993 1149 tuos
1025 1122 1176 1148 nervos
1209 1107 1252 1147 in
1284 1121 1333 1147 eo
1366 1109 1534 1147 conten-

191 1170 275 1223 das,
300 1184 352 1209 ne
379 1169 482 1222 quid
506 1168 613 1208 mihi
639 1167 691 1208 ad
715 1167 823 1208 hanc
849 1167 1123 1221 provinciam,
1149 1180 1275 1219 quam
1299 1168 1340 1206 et
1366 1168 1535 1206 senatus

190 1232 232 1268 et
268 1228 451 1282 populus
489 1241 672 1267 annuam
710 1240 798 1267 esse
836 1225 989 1280 voluit,
1026 1224 1230 1279 temporis
1267 1226 1533 1279 prorogetur.

190 1286 284 1327 Hoc
309 1302 333 1326 a
359 1289 399 1327 te
432 1286 492 1326 ita
517 1285 738 1338 contendo,
770 1287 817 1325 ut
850 1285 893 1324 in
920 1298 974 1337 ¹eo
1006 1286 1198 1324 fortunas
1230 1296 1344 1323 meas
1374 1282 1534 1336 positas
1554 1292 1588 1317 20

189 1348 346 1399 putem.
408 1344 551 1384 Habes
583 1343 778 1383 Paullum
810 1346 1003 1383 nostrum
1034 1341 1169 1382 nostri
1196 1341 1533 1394 cupidissimum;

191 1407 253 1444 est
286 1402 427 1457 Curio,
460 1405 522 1443 est
553 1401 747 1442 Furnius.
811 1400 878 1441 Sic
906 1401 1032 1441 velim
1065 1400 1236 1453 enitare,
1269 1399 1387 1452 quasi
1416 1398 1457 1438 in
1484 1412 1533 1438 eo

191 1463 275 1502 sint
307 1461 411 1502 mihi
446 1460 597 1501 omnia.

279 1520 530 1560 Extremum
563 1518 667 1558 illud
694 1521 756 1558 est
783 1517 832 1558 de
859 1517 921 1570 iis,
954 1531 1059 1570 quae
1092 1529 1406 1569 proposueram,
1440 1528 1534 1555 con-

190 1579 375 1619 firmatio
408 1581 576 1618 nostrae
609 1576 836 1629 amicitiae3
878 1575 927 1615 de
960 1590 1042 1629 qua
1073 1574 1267 1628 pluribus
1300 1573 1440 1614 verbis
1472 1572 1533 1613 ni·
1552 1584 1586 1608 25

190 1637 253 1678 hil
273 1651 377 1691 opus
403 1639 476 1677 est.
540 1635 602 1676 Tu
628 1649 734 1689 puer
758 1649 824 1675 me
852 1634 1063 1688 adpetisti,
1096 1647 1174 1688 ego
1201 1635 1343 1673 autem
1369 1645 1534 1685 semper

192 1698 440 1737 ornamento
478 1698 519 1735 te
557 1694 662 1735 mihi
701 1694 791 1734 fore
831 1693 951 1739 duxi:
994 1692 1113 1733 fuisti
1155 1692 1282 1732 etiam
1322 1690 1533 1745 praesidio

190 1754 447 1796 tristissimis
483 1753 589 1794 meis
626 1752 911 1807 temporibus:
952 1751 1126 1792 accessit
1162 1753 1258 1804 post
1295 1752 1416 1790 tuum
1455 1748 1534 1788 dis-

192 1828 354 1854 cessum
386 1812 654 1853 familiaritas
685 1811 791 1852 mihi
818 1825 913 1851 cum
945 1809 1079 1851 Bruto
1111 1812 1186 1849 tuo
1218 1808 1412 1849 maxima.
1453 1804 1534 1847 Ita-

191 1887 271 1926 que
310 1872 353 1912 in
390 1874 531 1913 vestro
572 1870 742 1925 ingenio
776 1872 816 1910 et
854 1868 1061 1909 industria
1092 1867 1198 1908 mihi
1230 1867 1460 1921 plurimum
1493 1867 1534 1905 et
1554 1876 1587 1900 30

190 1931 411 1972 suavitatis
437 1933 479 1971 et
505 1928 726 1985 dignitatis
753 1927 1033 1969 constitutum
1065 1929 1180 1980 puto.
1242 1924 1290 1965 Id
1315 1928 1361 1965 tu
1387 1927 1433 1964 ut
1459 1926 1533 1964 tuo

190 1990 330 2031 studio
369 1990 609 2042 confirmes,
650 1991 691 2028 te
724 1986 995 2027 vehementer
1033 1999 1158 2040 rogo,
1198 1984 1445 2036 litterasque
1483 1981 1534 2022 ad

190 2063 256 2089 me
289 2051 330 2089 et
363 2047 564 2088 continuo
595 2046 741 2086 mittas
774 2048 827 2099 et,
861 2059 955 2086 cum
988 2043 1168 2084 Romam
1203 2041 1375 2095 veneris,
1408 2055 1534 2094 quam

190 2107 443 2162 saepissime.
