1659 2552
101 191 121 221 8

75 1368 116 1398 10

98 2189 114 2218 1

152 85 237 125 516
651 84 991 119 EPISTULARUM

150 178 347 220 Crassum
391 182 432 221 et
473 180 526 220 ad
567 179 776 220 Calidium
821 180 1010 220 conferas
1055 194 1213 221 censeo.
1276 179 1490 229 Quantum

147 238 378 279 Hortensio
412 239 664 280 credendum
703 239 774 293 sit,
813 239 965 280 nescio.
1027 238 1095 279 Me
1128 253 1291 279 summa
1322 238 1491 280 simula-

147 298 263 338 tione
301 297 457 338 amoris
495 312 741 351 summaque
773 297 1026 338 adsiduitate
1068 298 1279 338 cotidiana
1319 297 1490 338 scelera-

147 357 309 397 tissime
350 357 754 410 insidiosissimeque
796 356 994 397 tractavit
1035 356 1233 397 adiuncto
1266 355 1311 405 Q.
1345 356 1489 411 Arrio3

148 429 328 469 quorum
361 430 438 471 ego
478 415 680 469 consiliis,
718 415 956 469 promissis,
996 415 1231 470 praeceptis
1263 415 1490 456 destitutus
1526 428 1543 453 5

147 474 191 514 in
227 474 337 514 hanc
374 475 656 514 calamitatem
693 474 833 514 incidi.
896 473 978 515 Sed
1015 474 1117 514 haec
1149 474 1398 528 occultabiS,
1435 488 1488 515 ne

146 533 249 587 quid
282 533 440 581 obsint;
474 533 579 574 illud
611 535 755 573 caveto
789 531 850 588 (et
882 547 930 573 eo
962 536 1066 586 puto
1098 548 1173 587 per
1204 532 1488 588 Pomponium

146 592 375 632 fovendum
406 582 485 632 tibi
519 606 607 632 esse
639 592 778 646 ipsum
811 591 1119 646 Hortensium)
1152 607 1203 633 ne
1235 592 1306 632 ille
1332 606 1488 646 ver,sus

146 651 219 704 qui
257 651 300 691 in
338 654 379 691 te
412 653 500 691 erat
533 650 740 705 conlatus,
779 665 873 691 cum
911 627 1169 691 aedilitatem
1206 651 1396 705 petebas,
1438 651 1488 691 de

144 709 238 765 lege
264 709 449 763 Aurelia,
482 709 588 750 falso
621 709 867 750 testimonio
895 710 1177 750 confirmetur.
1221 709 1343 751 Nihil
1375 709 1542 750 enim1o

144 770 232 808 tam
264 769 410 822 timeo,
444 783 570 822 quam
602 783 670 822 ne,
704 783 798 809 cum
831 768 1080 824 intellegant
1111 768 1321 823 homines,
1360 783 1489 823 quan-

144 829 236 868 tum
268 827 581 868 misericordiae
612 827 736 868 nobis
767 830 864 868 tuae
895 841 1038 881 preces
1065 830 1105 868 et
1131 830 1204 868 tua
1236 827 1347 868 salus
1379 827 1489 868 adla—

144 889 239 927 tura
271 887 337 940 sit,
370 889 617 941 oppugnent
648 889 689 927 te
722 886 1022 927 vehementius
1054 886 1277 927 Messalam
1309 886 1371 927 tui
1404 889 1488 927 stu-

146 944 310 985 diosum
355 960 442 985 esse
485 945 689 1000 arbitror,
733 945 982 999 Pompeium
1026 946 1154 986 etiam
1198 945 1488 986 simulatorem

144 1006 259 1057 puto.
324 1002 405 1044 Sed
436 1004 539 1045 haec
570 1004 733 1045 utinam
765 1018 815 1045 oze
846 1004 1079 1058 experiare!
1142 1003 1265 1053 Quod
1294 1018 1488 1058 precarer
1508 1017 1540 1042 15

146 1063 256 1117 deos,
288 1063 369 1103 nisi
402 1077 516 1103 meas
547 1077 690 1117 preces
723 1063 866 1104 audire
894 1063 1107 1103 desissent.
1158 1062 1317 1104 Verum
1346 1066 1488 1104 tamen

143 1136 309 1176 precor,
351 1124 398 1162 ut
428 1122 495 1162 his
528 1122 706 1162 infinitis
738 1122 894 1162 nostris
926 1122 1048 1162 malis
1081 1122 1268 1162 contenti
1301 1122 1405 1176 sint3
1443 1122 1487 1162 in

144 1180 298 1234 quibus
330 1195 415 1221 non
447 1181 573 1221 modo
606 1184 747 1222 tamen
779 1181 937 1221 nullius
970 1181 1078 1221 inest
1109 1181 1268 1235 peccati
1302 1181 1487 1235 infamia,

144 1239 216 1279 sed
243 1239 380 1280 omnis
407 1239 527 1280 dolor
552 1242 626 1294 est,
659 1240 772 1294 quod
799 1240 957 1294 optime
989 1240 1111 1280 factis
1143 1254 1278 1293 poena
1303 1239 1488 1280 maxima

144 1300 206 1338 est
239 1298 479 1338 constituta.
974 1340 978 1347 ,
1507 1310 1541 1335 20

232 1356 384 1397 Filiam
414 1371 551 1397 meam
584 1359 625 1397 et
656 1360 773 1397 tuam
801 1355 1129 1409 Ciceronemque
1160 1359 1353 1396 nostrum
1385 1356 1488 1410 quid

144 1429 240 1471 ego,
277 1416 336 1456 mi
368 1415 515 1469 frater,
548 1415 628 1455 tibi
662 1414 983 1455 commendem?
1027 1414 1138 1463 Quin
1172 1414 1277 1454 illud
1308 1428 1486 1468 maereo,

143 1474 256 1527 quod
282 1473 362 1514 tibi
388 1488 473 1514 non
499 1474 707 1514 minorem
735 1473 922 1514 dolorem
949 1473 1120 1513 illorum
1141 1473 1301 1513 orbitas
1327 1473 1488 1514 adferet

144 1547 269 1585 quam
301 1532 417 1572 mihi.
471 1531 552 1573 Sed
577 1535 618 1573 te
644 1532 847 1573 incolumi
874 1532 967 1572 orbi
999 1546 1084 1572 non
1111 1534 1244 1572 erunt.
1295 1531 1486 1586 Reliqua,

143 1591 202 1631 ita
234 1591 338 1631 mihi
373 1591 484 1632 salus
517 1591 658 1645 aliqua
691 1591 813 1631 detur
853 1593 1123 1644 potestasque
1156 1591 1197 1630 in
1231 1591 1367 1644 patria
1400 1605 1487 1631 mo·
1506 1603 1540 1628 25

144 1649 295 1703 riendi,
341 1652 387 1690 ut
424 1664 491 1690 me
534 1650 731 1690 lacrimae
774 1664 859 1690 non
897 1650 1041 1690 sinunt
1082 1649 1282 1690 scribere!
1343 1649 1486 1690 Etiam

144 1708 385 1749 Terentiam
411 1708 539 1749 velim
571 1711 714 1749 tueare
745 1708 935 1762 mihique
969 1708 1018 1749 de
1045 1708 1242 1749 omnibus
1274 1708 1400 1749 rebus
1427 1722 1487 1749 re-

143 1767 320 1819 scribas3
358 1767 414 1807 sis
453 1767 593 1821 fortis,
632 1767 771 1821 quoad
802 1767 862 1808 rei
900 1770 1051 1807 natura
1082 1767 1279 1821 patiatur.
1339 1765 1487 1808 Idjbus

142 1825 276 1866 Iuniis
308 1826 640 1867 Thessalonicae.

778 1930 851 1972 IV.
1506 1943 1540 1968 30

350 2012 424 2046 Ser.
456 2012 728 2046 Thessalonicae
755 2023 869 2046 mense
896 2011 990 2046 Seaet.
1020 2024 1052 2046 α.
1081 2015 1153 2047 696
1179 2014 1271 2056 (58).

382 2093 575 2127 MARCUS
604 2092 785 2134 QUINTO
812 2093 990 2127 FRATRI
1017 2092 1250 2127 SALUTEM.

230 2176 396 2218 Amabo
429 2180 488 2231 te,
527 2177 583 2217 mi
618 2178 764 2231 frater,
802 2192 870 2231 ne,
912 2177 946 2217 si
979 2191 1063 2218 uno
1095 2191 1190 2218 meo
1223 2178 1333 2217 facto
1366 2179 1407 2217 et
1439 2179 1486 2217 tu

144 2238 184 2276 et
211 2250 355 2276 omnes
381 2237 462 2276 mei
491 2236 727 2290 conruistiS,
761 2235 1025 2290 improbitati
1053 2239 1093 2275 et
1119 2235 1264 2276 sceleri
1296 2249 1389 2275 meo
1416 2249 1487 2289 po-

143 2294 227 2334 tius
254 2310 378 2347 quam
408 2294 712 2348 imprudentiae
745 2294 1021 2348 miseriaeque
1048 2294 1252 2349 adsignes,
1308 2292 1487 2334 Nullum
1506 2303 1541 2330 35
