1659 2552
620 117 761 151 LIBER
787 118 835 152 111
862 122 892 160 5,
920 122 950 151 6
1401 118 1456 159 59

754 258 825 300 VI.

358 340 431 375 Ser.
461 342 497 374 in
523 341 651 376 eastris
676 341 757 375 cire.
786 340 832 374 K.
862 341 954 385 Sept.
981 353 1014 375 a.
1045 343 1115 376 703
1143 342 1229 384 (51).

404 423 450 455 M.
474 422 641 457 CICERO
663 422 696 457 S.
718 422 759 457 D.
782 421 921 456 APPIO
942 422 1173 458 PULCHRO.

212 505 318 546 Cum
361 521 501 547 meum
542 507 699 547 factum
741 520 835 547 cum
874 509 948 547 tuo
990 520 1207 561 comparo,
1253 507 1329 547 etsi
1372 521 1456 548 non

87 575 103 600 5
122 565 257 620 magis
288 565 393 605 mihi
426 565 545 605 faveo
578 565 620 605 in
652 567 796 606 nostra
822 565 1006 605 amicitia
1031 566 1186 606 tuenda
1213 581 1339 619 quam
1365 566 1456 619 tibi,

122 626 263 664 tamen
294 624 429 664 multo
455 624 591 678 magis
616 638 709 664 meo
737 624 846 664 facto
874 623 1057 664 delector
1083 639 1209 678 quam
1235 627 1320 665 tuo.
1362 624 1456 679 Ego

122 682 233 722 enim
265 681 463 722 Brundisi
496 683 682 736 quaesivi
715 697 765 722 ex
795 681 967 736 Phania,
999 683 1117 723 cuius
1147 683 1252 723 mihi
1285 683 1458 723 videbar

122 744 163 781 et
188 741 434 781 fidelitatem
460 755 559 796 erga
584 744 625 781 te
650 741 911 795 perspexisse
936 743 977 781 et
1002 756 1123 782 nosse
1148 742 1299 796 locum,
1332 756 1456 796 quem

122 799 233 853 apud
263 802 304 839 te
336 800 371 839 is
396 802 568 853 teneret,
602 814 726 853 quam
753 800 795 839 in
821 802 984 853 partem
1008 800 1249 854 provinciae
1274 801 1455 841 maxime

69 870 102 893 10
120 860 289 912 putaret
328 860 369 898 te
409 858 516 898 velle
560 860 607 899 ut
649 858 694 898 in
737 858 994 899 succedendo
1033 859 1218 912 primum
1257 859 1455 900 venirem.

123 916 229 957 Cum
260 916 331 957 1116
362 916 467 957 mihi
494 917 777 970 respondisset
803 917 910 957 nihil
935 931 1001 958 me
1027 917 1106 958 tibi
1133 918 1295 973 gratius
1321 918 1456 958 facere

121 989 254 1029 posse,
286 990 411 1029 quam
438 975 473 1016 si
499 975 551 1016 ad
577 974 720 1016 Sidam
745 975 1020 1031 navigassem,
1053 977 1130 1016 etsi
1156 976 1295 1017 minus
1322 977 1455 1032 digni-

123 1034 223 1074 tatis
253 1033 437 1074 habebat
468 1034 539 1074 ille
571 1034 775 1075 adventus
807 1037 848 1075 et
880 1034 932 1075 ad
961 1034 1116 1075 multas
1149 1049 1213 1075 res
1243 1035 1349 1075 mihi
1380 1036 1455 1075 mi-

121 1107 200 1133 nus
231 1095 320 1133 erat
351 1095 484 1147 aptus,
516 1095 656 1133 tamen
682 1093 741 1134 ita
766 1107 832 1133 me
860 1093 946 1133 dixi
973 1107 1060 1133 esse
1086 1094 1305 1134 facturum.
1337 1092 1454 1134 Idem

69 1162 103 1187 15
122 1166 200 1207 ego
233 1166 327 1192 cum
358 1151 402 1192 L.
437 1150 631 1192 Clodium
665 1151 871 1205 Corcyrae
903 1152 1209 1206 convenissem,
1240 1152 1456 1193 hominem

121 1210 181 1251 ita
211 1210 291 1250 tibi
324 1210 611 1264 coniunctum,
650 1213 697 1251 ut
728 1210 851 1264 mihi,
891 1224 986 1251 cum
1017 1210 1091 1251 illo
1124 1225 1218 1251 cum
1250 1211 1456 1264 loquerer,

121 1272 260 1309 tecum
291 1268 408 1323 loqui
440 1269 620 1322 viderer,
654 1269 739 1309 dixi
772 1269 809 1309 ei
841 1283 907 1309 me
939 1269 1000 1309 ita
1030 1269 1240 1310 facturum
1273 1284 1377 1322 esse,
1409 1272 1455 1309 ut

122 1328 166 1368 in
197 1341 288 1368 eam
318 1330 498 1381 partem,
538 1342 664 1381 quam
694 1327 856 1367 Phania
887 1330 1096 1383 iogasset,
1127 1328 1312 1382 primum
1344 1328 1456 1368 veni

121 1401 220 1426 rem.
282 1385 400 1426 Tunc
431 1386 519 1439 ille,
550 1385 655 1426 mihi
688 1400 782 1426 cum
814 1386 972 1442 glatias
1003 1386 1168 1441 egisset,
1200 1401 1455 1452 magnopere

71 1456 104 1480 20
124 1460 147 1485 a
177 1459 244 1485 me
269 1444 432 1509 petivit,
465 1447 510 1485 ut
535 1443 785 1485 Laodiceam
810 1445 1004 1498 protinus
1030 1445 1152 1498 ir3em
1183 1448 1225 1485 te
1251 1445 1295 1485 in
1319 1445 1455 1510 prima

122 1503 338 1568 piovincia
369 1503 475 1543 velle
507 1517 606 1557 esse,
639 1505 686 1544 ut
712 1517 837 1557 quam
862 1503 1047 1557 piimum
1074 1503 1309 1557 decederes,
1342 1504 1455 1557 quin,

122 1561 203 1602 nisi
236 1576 313 1616 ego
346 1575 558 1602 successor
589 1576 740 1616 essem,
781 1576 906 1616 quem
937 1565 984 1602 tu
1022 1576 1193 1616 cupeies
1224 1563 1382 1616 videre,
1414 1565 1455 1603 te

124 1595 284 1673 antea,0
300 1634 426 1673 quam
463 1620 542 1660 tibi
581 1634 815 1661 successum
848 1623 972 1674 esset,
1014 1621 1279 1661 (16663311111111
1310 1596 1456 1675 fuisse3

125 1678 238 1732 quod
269 1678 437 1731 quidem
469 1681 558 1719 erat
589 1682 914 1719 consentaneum
947 1693 1040 1719 cum
1072 1679 1124 1719 iis
1155 1679 1321 1733 litteris,
1353 1694 1456 1733 quas

71 1748 104 1772 25
124 1751 202 1792 ego
234 1735 393 1776 Romae
426 1750 675 1791 acceperam,
708 1752 758 1778 ex
791 1737 944 1791 quibus
975 1738 1235 1791 perspexisse
1266 1738 1372 1778 mihi
1398 1739 1457 1778 vi-

125 1795 263 1848 debar,
296 1809 421 1848 quam
452 1794 670 1835 festinares
702 1795 908 1836 decedere.
968 1795 1183 1850 Respondi
1216 1795 1364 1837 Clodio
1389 1811 1456 1837 me

124 1855 184 1894 ita
221 1867 307 1894 esse
346 1853 572 1906 facturum,
614 1867 661 1894 ac
697 1854 833 1894 multo
872 1854 1041 1907 quidem
1072 1855 1291 1907 libentius,
1330 1869 1456 1908 quam

125 1913 159 1953 si
199 1912 306 1952 illud
346 1913 452 1952 esset
494 1911 751 1965 faciendum,
792 1913 906 1965 quod
944 1913 1220 1966 promiseram
1259 1912 1454 1953 Phaniae.

123 1970 270 2024 Itaque
302 1972 343 2011 et
375 1969 594 2010 consilium
625 1970 786 2010 mutavi
817 1973 858 2010 et
889 1970 942 2010 ad
971 1973 1013 2011 te
1045 1971 1188 2011 statim
1212 1985 1305 2011 mea
1329 1986 1456 2011 manu

72 2040 105 2065 30
125 2029 300 2083 scriptas
332 2029 494 2069 litteras
525 2028 640 2082 misi,
679 2043 781 2082 quas
813 2028 981 2082 quidem
1013 2043 1063 2069 ex
1094 2029 1179 2069 tuis
1210 2029 1364 2069 litteris
1396 2029 1455 2070 in-

124 2087 267 2128 tellexi
300 2087 400 2127 satis
431 2089 594 2127 mature
627 2086 679 2126 ad
709 2089 750 2127 te
782 2101 868 2127 esse
900 2087 1091 2140 perlatas.

211 2145 305 2186 Hoc
336 2160 414 2201 ego
445 2160 538 2185 meo
570 2145 681 2185 facto
713 2144 832 2185 valde
865 2145 1063 2199 delector3
1103 2145 1210 2185 nihil
1242 2146 1353 2186 enim
1384 2160 1455 2200 po-

125 2204 207 2244 tuit
248 2204 338 2244 fieri
383 2204 600 2244 amantius.
676 2202 902 2244 Considera
945 2217 1056 2243 nunc
1097 2203 1282 2244 vicissim
1322 2207 1453 2245 tuum.

125 2261 224 2302 Non
254 2262 379 2303 modo
405 2262 466 2302 ibi
491 2276 576 2303 non
601 2262 730 2315 fuisti,
762 2261 834 2302 ubi
860 2276 926 2302 me
953 2277 1078 2316 quam
1103 2262 1288 2316 primum
1313 2263 1453 2304 videre

73 2330 106 2356 35
125 2335 278 2374 posseS,
310 2320 381 2361 sed
413 2335 460 2361 60
493 2320 729 2374 discessisti,
761 2334 843 2374 quo
876 2334 954 2375 ego
985 2323 1026 2361 te
1057 2335 1108 2361 ne
1139 2321 1333 2375 persequi
1366 2322 1454 2375 qui-

1481 1104 1500 1133 [Q

1482 2157 1501 2187 3
