1659 2552
74 694 107 718 10

76 985 109 1010 15

78 1278 111 1302 20

79 1568 112 1593 25

80 1860 113 1885 30

81 2152 113 2177 35

331 55 370 97 Q.
394 54 475 90 CIC.
495 54 558 89 DE
578 53 728 88 PETIT.
750 53 814 87 AD
834 52 882 88 M.
902 52 1072 87 FRATR.
1093 56 1242 86 45—51.
1370 51 1455 91 575

124 152 287 206 aliquos
319 150 543 205 aliquando
576 149 620 190 in
651 150 743 190 foro
776 148 856 189 tibi
887 148 1010 189 irasci
1042 162 1168 202 quam
1195 147 1330 188 omnis
1362 160 1456 187 con-

124 211 244 252 tinuo
283 210 414 264 domi,
453 208 700 263 praesertim
738 222 833 248 cum
872 207 1007 248 multo
1048 207 1183 261 magis
1224 206 1457 246 irascantur

124 270 194 323 iis,
232 269 304 323 qui
341 270 513 324 negent,
551 282 677 321 quam
709 267 763 320 ei,
802 280 926 320 quem
962 265 1132 306 videant
1169 280 1216 306 ea
1253 279 1303 305 ex
1335 278 1457 304 causa

125 328 393 382 impeditum,
433 329 481 368 ut
517 326 670 380 facere,
712 325 825 379 quod
854 324 1068 379 promisit,
1106 324 1264 378 cupiat,
1304 323 1338 363 si
1369 322 1456 362 ullo

125 387 251 428 modo
282 386 426 441 possit.
486 384 566 439 Ac,
602 399 655 425 ne
686 384 829 425 videar
860 384 1073 424 aberrasse
1105 398 1128 423 a
1160 381 1457 422 distributione

125 460 234 500 mea,
276 445 347 499 qui
378 444 479 485 haec
511 444 554 484 in
585 443 663 484 hac
693 442 888 497 populari
919 445 1037 496 parte
1068 441 1287 496 petitionis
1320 441 1458 493 dispu-

125 507 228 557 tem,
264 503 345 544 hoc
376 517 544 556 sequor,
581 502 684 542 haec
721 501 862 542 omnia
898 515 982 541 non
1019 503 1106 541 tam
1144 500 1197 540 ad
1227 499 1458 540 amicorum

126 562 264 603 studia
284 576 409 616 quam
430 561 481 601 ad
505 560 753 615 popularem
778 562 933 600 famam
958 559 1180 614 pertinere,
1212 561 1264 613 et,
1291 558 1325 599 si
1351 558 1459 598 inest

126 620 288 675 aliquid
325 635 376 661 ex
413 620 487 660 illo
525 633 695 674 genere,
739 618 920 674 benigne
961 618 1229 672 respondere,
1273 617 1459 658 studiose

126 679 328 721 inservire
365 678 548 733 negotiis
589 692 636 718 ac
674 677 873 731 periculis
911 677 1159 730 amicorum,
1198 679 1340 716 tamen
1379 675 1461 716 hoc

125 738 218 779 1000
245 752 292 779 ea
318 737 422 791 dico,
455 737 608 791 quibus
638 736 956 776 multitudinem
982 750 1128 789 capere
1159 735 1306 789 possis,
1337 736 1385 774 ut
1411 734 1461 774 de

126 799 249 838 nocte
287 796 435 837 domus
474 795 754 849 compleatur,
796 797 842 835 ut
882 794 1007 835 multi
1047 808 1119 848 spe
1159 794 1223 834 tui
1262 792 1462 847 praesidii

126 857 359 909 teneantur,
391 857 438 895 ut
470 854 689 895 amiciores
715 854 788 894 abs
814 856 855 894 te
882 853 1096 894 discedant
1128 867 1254 906 quam
1286 866 1462 892 accesse-

127 914 224 968 rint,
255 916 302 954 ut
334 928 459 967 quam
489 913 770 967 plurimorum
797 926 917 952 aures
943 912 1104 966 optimo
1136 925 1328 951 sermone
1353 924 1462 951 com-

127 973 332 1027 pleantur.

217 1030 417 1085 Sequitur
456 1030 587 1084 enim,
629 1033 675 1070 ut
717 1030 766 1070 de
807 1043 975 1070 rumore
1017 1027 1239 1069 dicendum
1279 1027 1353 1081 sit,
1395 1041 1462 1067 cu1

128 1090 309 1131 maxime
346 1089 613 1130 serviendum
651 1091 722 1128 est.
786 1087 884 1142 Sed,
926 1102 1031 1141 quae
1069 1087 1180 1127 dicta
1217 1088 1315 1126 sunt
1347 1086 1463 1126 omni

129 1149 343 1202 superiore
369 1148 570 1201 oratione,
602 1147 745 1188 eadem
771 1147 823 1186 ad
848 1160 1060 1187 rumorem
1086 1145 1463 1186 concelebrandum

128 1208 286 1260 valent,
325 1206 489 1246 dicendi
519 1206 630 1260 laus,
662 1205 800 1246 studia
830 1205 1153 1259 publicanorum
1185 1206 1226 1244 et
1258 1203 1463 1257 equestris

130 1265 301 1318 ordinis,
330 1265 552 1305 hominum
582 1264 791 1304 nobilium
816 1264 1022 1317 voluntas,
1054 1261 1463 1303 adulescentulorum

129 1323 382 1377 frequentia,
415 1337 576 1376 eorum,
609 1322 681 1376 qui
713 1322 787 1362 abs
818 1325 859 1363 te
893 1322 1051 1362 defensi
1083 1324 1197 1375 sunt,
1230 1321 1464 1375 assiduitas,

130 1397 181 1423 ex
205 1381 446 1436 municipiis
470 1381 700 1421 multitudo
727 1395 890 1435 eorum,
923 1395 1027 1434 quos
1058 1383 1131 1420 tua
1160 1394 1283 1420 causa
1301 1380 1464 1420 venisse

130 1443 345 1495 appareat,
377 1440 483 1481 bene
515 1444 549 1481 te
579 1442 627 1480 ut
656 1439 849 1480 homines
874 1454 1008 1494 nosse,
1040 1439 1216 1479 comiter
1241 1438 1464 1492 appellare,

131 1499 293 1540 assidue
346 1497 608 1554 [diligenter]
659 1500 822 1552 petere,
874 1498 1105 1553 benignum
1151 1511 1199 1538 ac
1245 1497 1465 1538 liberalem

132 1571 219 1598 esse
246 1559 287 1597 et
316 1557 545 1610 loquantur
570 1560 611 1597 et
636 1557 889 1611 existiment,
921 1557 1069 1598 domus
1100 1558 1147 1596 ut
1178 1556 1312 1596 multa
1342 1558 1465 1596 nocte

132 1615 413 1669 compleatur,
455 1615 644 1655 omnium
684 1630 885 1670 generum
925 1614 1161 1668 frequentia
1202 1614 1323 1667 assit,
1365 1614 1465 1654 satis

130 1674 206 1714 fiat
237 1673 426 1714 oratione
464 1673 674 1726 omnibus,
706 1687 750 1713 re
783 1687 991 1726 operaque
1021 1673 1185 1725 multis,
1222 1672 1466 1726 perficiatur

131 1732 186 1786 id,
218 1731 331 1785 quod
361 1731 454 1772 fieri
484 1733 635 1785 potest,
669 1731 813 1771 labore
846 1734 887 1771 et
919 1733 1006 1771 arte
1038 1745 1085 1771 ac
1117 1730 1348 1785 diligentia,
1379 1744 1466 1771 non

131 1793 179 1831 ut
216 1791 268 1830 ad
307 1790 511 1844 populum
549 1790 600 1830 ab
637 1789 703 1829 his
742 1789 937 1830 omnibus
974 1790 1085 1829 fama
1121 1789 1355 1842 perveniat,
1394 1789 1466 1829 sed

132 1852 180 1890 ut
211 1849 254 1889 in
285 1848 352 1888 his
383 1848 532 1888 studiis
563 1848 744 1902 populus
775 1848 863 1902 ipse
889 1850 1088 1888 versetur.
1138 1846 1227 1887 Iam
1259 1847 1464 1887 urbanam

132 1907 249 1948 illam
279 1906 595 1947 multitudinem
627 1910 668 1946 et
699 1921 843 1947 eorum
876 1907 1024 1959 studia,
1057 1906 1130 1960 qui
1159 1906 1376 1946 contiones
1407 1909 1465 1946 te-

132 1968 245 2019 nent,
277 1965 451 2019 adeptus
477 1979 520 2005 es
546 1965 589 2005 in
614 1964 816 2019 Pompeio
844 1965 1043 2018 ornando,
1074 1964 1224 2005 Manili
1251 1979 1373 2004 causa
1405 1979 1465 2004 re-

133 2024 341 2078 cipienda,
383 2022 577 2064 Cornelio
620 2023 895 2079 defendend03
937 2023 1156 2064 excitanda
1194 2023 1318 2063 nobis
1356 2025 1465 2077 sunt,

134 2097 239 2137 quae
265 2082 400 2123 adhuc
430 2082 580 2123 habuit
609 2096 750 2136 nemo,
783 2083 884 2136 quin
915 2082 1027 2123 idem
1053 2081 1368 2136 splendidorum
1393 2081 1466 2122 ho-

133 2141 295 2182 minum
337 2141 574 2181 voluntates
619 2140 803 2182 haberet.
864 2141 1147 2181 Efficiendum
1191 2140 1318 2180 etiam
1360 2140 1467 2180 illud

135 2202 213 2253 est,
250 2202 297 2240 ut
334 2199 468 2239 sciant
506 2213 648 2240 omnes
687 2198 758 2240 Cn.
789 2198 966 2253 Pompei
1008 2214 1215 2239 summam
1247 2212 1335 2239 esse
1367 2212 1467 2253 erga

133 2260 175 2299 te
210 2258 471 2299 voluntatem
509 2260 549 2298 et
585 2257 854 2299 vehementer
891 2258 943 2298 ad
979 2258 1093 2298 illius
1130 2257 1314 2298 rationes
1351 2259 1392 2297 te
1424 2257 1467 2296 id

1483 393 1526 423 49

1452 1002 1531 1043 -13

1488 1063 1532 1094 50
