1659 2552
119 312 160 342 31

116 1488 160 1518 33

113 2214 157 2244 34

191 87 277 129 570
743 88 972 124 EPISTULA

188 183 406 238 secturam,
437 183 577 225 locum
611 184 789 238 denique
820 183 967 226 Italiae
999 199 1051 225 ne
1084 199 1208 239 quem
1235 200 1322 227 esse
1353 186 1526 241 patiare,

190 242 233 282 111
266 257 349 296 quo
382 257 467 284 11011
497 243 664 297 habeas,
695 244 951 284 firmamenti
984 244 1097 298 quod
1128 244 1230 284 satis
1262 259 1350 286 esse
1380 245 1525 300 possit,

189 301 408 355 perquiras
440 304 481 342 et
513 302 740 357 investiges
771 302 964 343 homines
997 317 1047 343 ex
1080 303 1194 343 omni
1226 303 1415 359 regione,
1455 318 1526 346 eos

191 374 430 415 cognoscaS,
462 363 646 415 appetas,
678 362 911 416 confirmes,
943 376 1078 415 cures,
1111 364 1158 402 ut
1188 361 1232 402 in
1264 362 1350 403 suis
1382 362 1527 404 vicini-

189 419 349 459 tatibus
387 419 467 460 tibi
504 422 651 473 petant
688 423 730 460 et
766 422 839 460 tua
878 434 1000 460 causa
1037 420 1155 474 quasi
1188 421 1398 462 candidati
1429 421 1524 463 sint.

190 476 347 518 Volent
378 481 419 519 te
452 479 651 532 amicum,
692 478 727 519 si
759 493 877 519 suam
909 494 932 519 a
963 482 1003 519 te
1035 479 1264 520 amicitiam
1297 481 1436 534 expeti
1467 480 1526 521 vi-

191 536 359 577 debunt.
420 535 470 577 Id
507 540 553 577 ut
584 537 851 593 intellegant,
890 538 1079 578 oratione
1111 553 1175 593 ea,
1214 553 1319 592 quae
1351 539 1403 580 ad
1435 553 1525 580 eam

190 595 396 636 rationem
427 596 627 650 pertinet,
659 596 851 637 habenda
883 610 1145 651 consequere.
1202 596 1407 639 Homines
1437 613 1526 639 mu-

189 654 389 708 nicipales
427 669 475 695 ac
512 655 731 709 rusticani,
770 655 804 695 si
841 655 964 696 nobis
1001 656 1171 696 nomine
1203 657 1294 697 noti
1327 659 1441 711 sunt,
1480 657 1525 698 in

189 713 375 753 amicitia
406 728 494 754 esse
526 728 569 754 se
600 714 877 769 arbitrantur,
909 714 943 755 si
970 729 1068 755 vero
1095 715 1221 756 etiam
1252 715 1452 769 praesidii
1481 729 1525 757 se

190 772 350 825 aliquid
382 772 463 812 sibi
496 773 751 814 constituere
781 776 950 827 putant,
991 788 1075 814 non
1113 774 1314 814 amittunt
1346 774 1525 816 occasio-

190 845 285 871 nem
317 831 595 885 promerendi.
657 831 748 872 Hos
780 832 907 873 ceteri
939 834 980 873 et
1017 833 1199 873 maxime
1231 833 1294 874 tui
1326 833 1525 888 competi-

189 892 302 930 tores
328 904 379 930 ne
404 893 563 930 norunt
588 891 769 946 quidem,
795 893 842 931 tu
868 893 909 932 et
934 892 1046 932 nosti
1073 895 1113 932 et
1138 891 1260 932 facile
1287 906 1524 948 cognosceS,

142 962 150 974 ⁶
188 948 277 989 sine
316 963 398 1003 quo
437 949 623 990 amicitia
660 964 747 990 esse
784 964 869 990 non
906 952 1056 1004 potest.
1116 949 1265 1004 Neque
1303 951 1347 991 id
1382 954 1524 992 tamen

189 1007 290 1047 satis
322 1010 401 1062 est,
439 1008 609 1048 tametsi
644 1024 846 1064 magnum
878 1011 957 1063 est,
995 1009 1067 1050 sed
1098 1010 1288 1063 sequitur
1319 1024 1412 1064 spes
1443 1010 1523 1051 uti-

188 1066 321 1107 litatis
348 1069 473 1120 atque
499 1067 719 1122 amicitiae,
750 1082 802 1108 ne
833 1068 1122 1108 nomenclator
1147 1068 1295 1122 solum,
1327 1068 1399 1109 sed
1423 1069 1524 1109 ami-

189 1139 260 1165 cus
292 1125 419 1166 etiam
451 1126 587 1166 bonus
619 1141 707 1167 esse
738 1126 915 1167 videare
976 1125 1058 1180 Ita,
1091 1141 1184 1167 cum
1217 1130 1258 1168 et
1289 1127 1367 1168 hos
1397 1127 1523 1182 ipsos,

186 1187 362 1238 propter
393 1199 510 1225 suam
542 1184 818 1226 ambitionem
850 1185 922 1239 qui
954 1161 1065 1239 apud
1095 1186 1272 1226 tribules
1305 1200 1402 1227 suos
1433 1186 1524 1241 plu—

187 1242 341 1283 rimum
379 1244 517 1299 gratia
553 1247 745 1298 possunt,
787 1244 997 1285 studiosos
1036 1244 1078 1284 in
1116 1245 1315 1285 centuriis
1345 1245 1522 1286 habebis

187 1304 228 1342 et
254 1304 430 1356 ceteros,
463 1303 535 1356 qui
562 1303 672 1356 apud
698 1303 882 1357 aliquam
906 1306 1077 1357 par'tem
1095 1303 1317 1344 tribulium
1348 1306 1522 1358 propter

186 1361 405 1414 municipii
445 1364 517 1402 aut
548 1361 778 1402 vicinitatis
815 1364 888 1402 aut
925 1362 1092 1415 collegii
1130 1362 1336 1402 rationem
1369 1362 1521 1416 valent,

188 1419 362 1472 cupidos
399 1420 463 1460 tui
501 1420 786 1474 constitueris,
824 1420 867 1460 in
905 1420 1065 1474 optima
1102 1435 1173 1473 spe
1212 1434 1299 1460 esse
1338 1420 1520 1461 debebis.

186 1476 275 1517 Iam
314 1478 504 1531 equitum
542 1479 753 1519 centuriae
789 1479 924 1519 multo
963 1479 1126 1518 facilius
1163 1478 1268 1519 mihi
1301 1478 1522 1534 diligentia

186 1550 307 1589 posse
334 1537 467 1577 teneri
493 1537 700 1577 videntur.
743 1536 933 1578 Primum
961 1551 1164 1593 cognosce
1191 1537 1352 1591 equites
1379 1538 1521 1592 (pauci

1562 434 1578 458 5

1545 729 1579 753 10

1544 1021 1576 1047 15

1541 1315 1575 1341 20

187 1595 298 1635 enim
337 1594 470 1650 sunt),
516 1595 664 1636 deinde
701 1599 849 1649 appete
894 1595 1048 1650 (multo
1090 1596 1201 1636 enim
1242 1596 1406 1637 facilius
1447 1597 1521 1637 illa
1539 1607 1572 1633 25

186 1653 596 1695 adulescentulorum
616 1654 668 1694 ad
687 1655 915 1695 amicitiam
936 1658 1049 1695 aetas
1069 1654 1350 1711 adiungitur);
1372 1655 1519 1696 deinde

185 1711 315 1753 habes
351 1715 490 1753 tecum
529 1728 579 1754 ex
617 1713 834 1754 iuventute
873 1714 1081 1767 optimum
1119 1728 1326 1767 quemque
1358 1717 1399 1754 et
1435 1716 1519 1754 stu-

187 1771 471 1812 diosissimum
508 1771 801 1826 humanitatis,
844 1775 935 1813 tum
973 1775 1130 1826 autem,
1175 1772 1287 1826 quod
1327 1774 1520 1826 equester

186 1830 289 1871 ordo
327 1833 424 1871 tuus
461 1834 541 1884 est,
579 1833 806 1885 sequentur
843 1831 905 1871 illi
943 1831 1237 1872 auctoritatem
1271 1831 1446 1885 ordinis,
1483 1831 1518 1871 si

185 1889 259 1928 abs
291 1891 332 1929 te
365 1889 636 1930 adhibebitur
662 1904 709 1930 ea
740 1889 970 1944 diligentia,
1002 1893 1049 1930 ut
1080 1904 1164 1930 non
1191 1889 1350 1930 ordinis
1381 1889 1518 1931 solum
1537 1901 1572 1926 3ο

184 1947 413 2001 voluntate,
445 1948 517 1988 sed
543 1949 669 1988 etiam
701 1948 965 2003 singulorum
994 1948 1191 1989 amicitiis
1216 1963 1284 1989 eas
1310 1948 1518 1989 centurias

185 2007 452 2046 confirmatas
495 2006 660 2047 habeas.
721 2005 810 2047 Iam
848 2006 987 2047 studia
1027 2007 1437 2048 adulescentulorum
1474 2006 1519 2047 in

185 2065 471 2120 suffragando,
510 2065 551 2105 in
591 2065 802 2118 obeundo,
844 2065 885 2105 in
917 2065 1168 2119 nuntiando,
1199 2065 1243 2106 in
1275 2064 1517 2106 assentando

184 2123 361 2164 mirifice
395 2126 435 2164 et
466 2138 619 2178 magna
651 2126 691 2164 et
722 2124 898 2164 honesta
930 2127 1037 2164 sunt.

272 2181 340 2235 Et,
373 2182 572 2236 quoniam
604 2182 892 2223 assectationis
923 2182 1082 2223 mentio
1109 2183 1218 2223 facta
1244 2185 1318 2235 est,
1349 2181 1391 2222 id
1418 2196 1518 2235 quo-
1537 2192 1570 2217 35

185 2254 264 2293 que
306 2216 536 2281 curandum
577 2244 659 2295 est,
700 2244 748 2281 ut
788 2241 997 2282 cotidiana
1035 2241 1235 2294 cuiusque
1274 2240 1439 2296 generis
1476 2242 1518 2281 et

185 2298 343 2339 ordinis
382 2302 423 2340 et
460 2299 609 2340 aetatis
647 2275 775 2340 iltare.
837 2299 947 2341 Nam
980 2314 1030 2340 ex
1067 2314 1114 2340 ea
1151 2300 1241 2354 ipsa
1272 2298 1391 2352 copia
1423 2313 1519 2340 con-

1635 2145 1644 2400 1

1629 2409 1646 2552 ἐ
