1659 2552
116 1289 158 1320 10

183 125 236 166 18
675 124 1013 159 EPISTULARUM

181 220 227 262 in
264 218 501 261 Sardiniam
539 222 580 261 et
618 219 662 260 in
700 218 890 261 Africam
931 219 1147 273 profectus
1183 222 1248 261 est
1283 234 1417 275 eoque
1453 220 1522 261 iti-

181 293 280 320 nere
319 278 476 320 Lucam
517 278 569 319 ad
607 277 827 319 Caesarem
870 278 996 319 venit.
1057 276 1124 318 Ibi
1163 278 1298 319 multa
1338 279 1388 320 de
1426 293 1522 320 mea

182 337 390 379 sententia
435 340 606 391 questus
645 340 708 377 est
750 336 921 390 Caesar,
966 336 1123 390 quippe
1164 337 1236 391 qui
1274 337 1401 378 etiam
1439 336 1521 379 Ra-

183 411 341 438 vennae
374 395 570 437 Crassum
611 398 707 436 ante
745 396 919 437 vidisset
963 395 1015 435 ab
1057 409 1190 449 eoque
1227 395 1271 436 in
1307 410 1374 437 me
1411 398 1521 437 esset

183 455 387 496 incensus.
450 454 558 495 Sane
590 454 768 495 moleste
799 453 1052 507 Pompeium
1083 453 1128 494 id
1152 454 1262 495 ferre
1287 454 1519 511 constabat;
1554 465 1572 492 ε

183 513 297 568 quod
321 528 400 569 ego
427 527 521 554 cum
548 513 757 554 audissem
783 527 834 553 ex
860 512 966 567 aliis,
990 512 1174 553 maxime
1200 526 1251 554 ex
1276 527 1371 554 meo
1390 513 1521 554 fratre

183 573 374 628 cognovi.
437 571 570 621 Quem
596 586 690 612 cum
717 572 759 611 in
787 570 981 612 Sardinia
1004 570 1232 626 Pompeius
1256 572 1401 626 paucis
1424 574 1523 626 post

184 631 342 685 diebus,
369 645 494 685 quam
520 630 633 671 Luca
659 630 914 684 discesserat,
943 631 1218 685 convenisset,
1245 630 1345 685 ‘te’,
1371 630 1522 686 inquit,

184 690 361 744 ‘ipsum
394 690 561 744 cupio,
593 689 724 729 nihil
751 689 1052 743 oportunius
1083 689 1254 743 potuit
1280 690 1520 730 accidere.

181 747 297 790 Nisi
341 762 447 789 cum
490 747 657 789 Marco
701 748 859 788 fratre
899 747 1180 804 diligenter
1217 748 1399 804 egeris,
1441 748 1519 790 de·
1538 760 1574 786 1⁰

183 807 495 861 pendendum
536 806 635 847 tibi
677 809 767 860 est,
812 806 943 860 quod
981 806 1105 847 mihi
1146 821 1235 861 pro
1277 807 1370 848 illo
1410 820 1521 862 spo-

183 865 442 920 pondisti'.
517 864 628 914 Quid
670 865 832 906 multa?
876 867 1048 919 questus
1091 869 1154 906 est
1196 865 1401 921 graviter3
1446 880 1522 907 sua

183 924 334 965 merita
365 923 726 989 commemoravit3
759 923 861 978 quid
892 924 1047 980 egisset
1072 924 1314 978 saepissime
1341 924 1390 965 de
1415 924 1521 965 actis

185 982 372 1024 Caesaris
404 997 499 1023 cum
530 983 622 1037 ipso
653 997 748 1023 meo
786 983 932 1037 fratre,
974 982 1159 1037 quidque
1190 982 1273 1024 sibi
1304 983 1340 1024 is
1373 983 1422 1024 de
1451 997 1519 1024 me

183 1042 423 1096 recepisset,
468 1041 511 1082 in
542 1041 791 1082 memoriam
822 1041 986 1097 redegit
1023 1056 1167 1107 seque,
1208 1056 1313 1107 quae
1346 1041 1395 1083 de
1425 1056 1520 1083 mea
1538 1052 1573 1079 15

183 1100 317 1141 salute
354 1100 526 1156 egisset,
566 1100 784 1141 voluntate
823 1099 1012 1141 Caesaiis
1043 1101 1178 1156 egisse
1209 1100 1347 1154 ipsum
1377 1114 1520 1142 meum

183 1159 357 1200 fratrem
377 1134 560 1200 testatus
585 1161 658 1200 est.
711 1157 840 1199 Cuius
867 1167 1034 1200 causam
1055 1159 1388 1215 dignitatemque
1411 1159 1520 1200 mihi

182 1220 230 1258 ut
262 1217 590 1271 commendaret,
622 1217 806 1272 rogavit,
845 1220 893 1258 ut
933 1232 1025 1258 eam
1055 1232 1108 1258 ne
1139 1232 1445 1274 oppugnarem,
1483 1217 1520 1259 si

182 1276 339 1317 nollem
365 1278 438 1316 aut
461 1290 547 1316 non
570 1290 738 1329 possem
764 1276 884 1317 tueri.
945 1275 1062 1317 Haec
1087 1290 1182 1318 cum
1208 1277 1260 1317 ad
1290 1291 1357 1318 me
1388 1277 1520 1318 frater

182 1335 436 1389 pertulisset,
468 1337 510 1375 et
542 1348 636 1375 cum
667 1336 808 1374 tamen
838 1334 1066 1388 Pompeius
1097 1335 1150 1376 ad
1179 1349 1246 1376 me
1278 1349 1373 1376 cum
1402 1349 1518 1376 man-
1537 1346 1572 1373 ω

184 1393 292 1434 datis
323 1392 563 1433 Vibullium
600 1392 800 1446 misisset,
841 1396 889 1434 ut
926 1393 1140 1449 integrum
1174 1393 1281 1434 mihi
1314 1393 1363 1434 de
1395 1407 1519 1435 causa

185 1450 398 1505 Campana
438 1451 490 1491 ad
527 1465 649 1491 suum
686 1451 869 1492 reditum
906 1465 1181 1506 reservarem,
1223 1451 1387 1507 conlegi
1426 1452 1517 1507 ipse

182 1524 249 1551 me
280 1513 323 1551 et
363 1524 458 1550 cum
489 1510 580 1563 ipsa
611 1510 730 1564 quasi
766 1524 810 1550 re
841 1509 1011 1563 publica
1043 1510 1288 1551 conlocutus
1326 1525 1438 1565 sum,
1469 1513 1518 1552 ut

182 1569 288 1609 mihi
318 1571 406 1609 tam
437 1568 571 1609 multa
600 1582 678 1622 pro
710 1582 752 1609 se
783 1582 980 1622 perpesso
1013 1571 1138 1623 atque
1168 1569 1390 1623 perfuncto
1421 1583 1518 1610 con-

183 1627 363 1681 cederet,
401 1629 449 1668 ut
487 1627 674 1667 officium
704 1641 845 1668 meum
876 1641 1189 1693 memoremque
1221 1628 1265 1668 in
1296 1627 1402 1669 bene
1432 1642 1517 1670 me·
1535 1639 1570 1665 2⁵

181 1686 287 1727 ritos
326 1685 515 1726 animum
551 1685 760 1751 fidemque
798 1685 942 1726 fiatris
977 1686 1060 1727 mei
1092 1688 1365 1741 praestarem,
1403 1700 1517 1728 eum-

183 1759 283 1810 que,
327 1758 451 1799 quem
495 1744 654 1785 bonum
697 1744 831 1785 civem
874 1759 1038 1799 semper
1079 1745 1313 1800 habuisset,
1356 1745 1517 1786 bonum

181 1804 319 1844 virum
357 1817 445 1843 esse
481 1805 707 1857 pateretur.
767 1801 817 1843 In
849 1803 933 1843 illis
972 1806 1112 1844 autem
1143 1804 1248 1844 meis
1279 1803 1517 1845 actionibus

181 1862 483 1915 sententiisque
503 1861 710 1915 omnibus,
731 1875 835 1915 quae
855 1861 1104 1916 Pompeium
1118 1862 1370 1903 videbantur
1389 1862 1516 1903 offen-

182 1921 297 1974 dere,
339 1923 549 1961 certorum
589 1920 826 1974 hominum,
868 1935 973 1974 quos
1014 1921 1097 1962 iam
1136 1921 1260 1962 debes
1300 1920 1569 1975 suspicari,⁸o

181 1993 392 2020 sermones
424 1979 714 2020 referebantur
739 1979 791 2019 ad
816 1993 894 2034 me,
927 1979 999 2034 qui
1026 1994 1120 2021 cum
1145 1979 1218 2020 illa
1242 1979 1446 2020 sentirent
1470 1979 1515 2020 in

180 2053 223 2079 re
263 2037 452 2092 publica,
494 2052 598 2092 quae
639 2052 718 2093 ego
757 2037 950 2093 agebam,
992 2052 1237 2093 semperque
1277 2037 1515 2093 sensissent,

180 2111 245 2137 me
277 2099 418 2137 tamen
448 2110 534 2137 non
566 2096 667 2137 satis
702 2097 837 2137 facere
868 2096 1071 2150 Pompeio
1105 2095 1405 2150 Caesaremque
1438 2095 1516 2137 ini-

180 2154 456 2196 micissimum
491 2155 597 2196 mihi
637 2155 827 2196 futurum
863 2155 1046 2210 gaudere
1086 2158 1129 2196 s'e
1170 2154 1347 2195 aiebant.
1409 2154 1515 2195 Erat

178 2212 259 2253 hoc
288 2213 394 2255 mihi
427 2214 669 2268 dolendum,
702 2213 774 2254 sed
804 2214 940 2254 multo
972 2212 1078 2254 illud
1107 2213 1259 2268 magis,
1292 2213 1405 2266 quod
1436 2213 1567 2254 ini-³5

178 2271 334 2312 micum
365 2286 505 2313 meum
538 2271 697 2327 (meum
729 2272 898 2312 autem?
930 2271 1059 2312 immo
1091 2285 1191 2312 vero
1222 2271 1376 2327 legum,
1408 2271 1515 2312 iudi-

180 2329 352 2383 ciorum,
385 2331 478 2384 otii,
519 2331 695 2385 patriae,
727 2330 937 2371 bonorum
970 2328 1178 2385 omnium)
1216 2329 1275 2370 sic
1306 2330 1515 2384 amplexa-
