1659 2552
610 101 751 135 LIBER
776 101 809 136 ΙΙ
837 104 984 135 16-17.
1409 101 1465 142 49

128 199 268 241 omnia
287 198 507 253 praesidia,
534 212 639 252 quae
665 213 819 254 magna
845 200 886 239 et
911 198 1033 237 firma
1064 211 1322 251 paraveram,
1355 211 1466 238 com—

126 260 266 299 motus
297 257 517 298 hominum
549 271 634 298 non
667 257 795 298 dubio
828 270 1018 297 sermone
1049 256 1199 296 dimisi.
1262 255 1465 297 Rationes

126 316 209 358 mei
242 316 476 371 quaestoris
501 330 578 356 nec
603 330 749 356 verum
780 315 862 356 fuit
892 329 959 355 me
985 314 1065 355 tibi
1091 315 1271 369 mittere,
1303 329 1380 355 nec
1405 317 1465 355 ta-

126 389 223 416 men
243 378 361 416 erant
381 375 610 430 confectae,
643 389 711 415 eas
735 388 812 415 nos
837 373 1049 428 Apameae
1075 373 1282 427 deponere
1309 374 1466 429 cogita-

92 447 109 473 5
128 434 286 475 bamus.
348 433 411 474 De
436 433 591 488 praeda
615 448 707 474 mea
731 435 897 487 praeter
922 434 1163 487 quaestores
1195 432 1391 487 urbanos,
1422 432 1467 473 id

128 495 190 534 est
215 492 421 547 populum
446 492 696 546 Romanum,
727 491 987 532 terruncium
1011 505 1087 531 nec
1112 491 1256 547 attigit
1281 505 1358 532 nec
1382 493 1466 532 tac-

127 554 248 592 turus
279 554 341 592 est
368 551 601 605 quisquam.
650 550 879 591 Laodiceae
904 564 970 591 me
995 550 1169 604 praedes
1195 553 1465 604 accepturum

129 610 314 651 arbitror
340 610 476 650 omnis
500 609 701 663 pecuniae
727 609 931 663 publicae,
963 611 1010 649 ut
1035 611 1076 649 et
1101 609 1207 649 mihi
1234 611 1275 649 et
1305 609 1464 663 populo

129 672 298 710 cautum
330 669 384 709 sit
417 669 505 709 sine
530 671 724 709 vecturae
749 668 948 722 periculo.
999 666 1121 716 Quod
1146 667 1295 708 scribis
1322 668 1374 708 ad
1398 682 1465 708 me

79 742 109 767 ιο
130 728 179 768 de
211 727 457 768 drachmum
490 737 694 781 CCCIOOO,
734 727 842 767 nihil
873 729 946 785 est,
979 726 1093 780 quod
1122 726 1167 767 in
1197 726 1280 767 isto
1312 741 1465 782 genere

131 786 327 840 cuiquam
362 786 522 840 possim
561 785 843 840 commodare3
881 785 1017 825 omnis
1055 785 1167 826 enim
1197 786 1375 839 pecunia
1406 785 1466 826 ita

129 847 346 898 tractatur,
377 846 424 884 ut
454 844 609 898 praeda
641 859 663 884 a
694 844 927 898 praefectis,
960 858 1065 898 quae
1092 846 1232 884 autem
1262 844 1369 885 mihi
1397 844 1465 884 ad-

129 903 291 944 tributa
322 905 401 956 est,
439 917 462 943 a
495 904 714 957 quaestore
747 905 925 943 curetur.
989 902 1111 951 Quod
1142 903 1325 956 quaeris,
1364 903 1466 956 quid
1495 915 1507 922 “

130 962 368 1003 existimem
393 961 442 1002 de
467 961 720 1017 legionibus,
747 976 852 1015 quae
879 961 1067 1002 decretae
1093 964 1191 1001 sunt
1216 962 1260 1001 in
1287 960 1464 1015 Syriam,

78 1034 110 1060 15
130 1023 252 1062 antea
283 1020 549 1074 dubitabam,
592 1022 846 1061 venturaene
886 1022 1043 1075 essent3
1083 1033 1195 1060 nunc
1234 1020 1339 1060 mihi
1380 1034 1466 1060 non

130 1081 192 1120 est
224 1079 410 1133 dubium,
443 1079 556 1133 quin,
588 1078 623 1119 si
655 1081 777 1120 antea
807 1078 999 1119 auditum
1030 1078 1110 1119 erit
1142 1078 1276 1119 otium
1303 1093 1390 1119 esse
1422 1079 1466 1119 in

131 1137 265 1192 Syria,
296 1140 495 1179 venturae
526 1152 612 1178 non
643 1138 744 1192 sint,
775 1137 958 1178 Marium
990 1137 1159 1191 quidem
1186 1151 1466 1178 successorem

130 1197 249 1237 tarde
278 1196 400 1237 video
433 1211 521 1237 esse
551 1198 788 1250 venturum,
818 1198 1042 1250 propterea
1074 1196 1188 1249 quod
1212 1198 1380 1237 senatus
1406 1196 1466 1237 ita

132 1255 333 1310 decrevit,
378 1257 425 1295 ut
465 1269 560 1296 cum
599 1255 839 1311 legionibus
879 1255 970 1295 iret.
1031 1253 1118 1296 Uni
1159 1255 1360 1308 epistolae
1404 1269 1465 1295 re-
1500 1268 1509 1276 “

80 1328 113 1353 20
133 1314 302 1368 spondi,
332 1314 455 1354 venio
488 1314 540 1354 ad
571 1314 756 1354 alteram.

219 1372 334 1413 Petis
365 1387 389 1413 a
419 1387 498 1427 me,
529 1374 576 1413 ut
600 1372 756 1413 Bibulo
787 1375 829 1413 te
855 1387 982 1426 quam
1008 1371 1330 1427 diligentissime
1357 1386 1466 1412 com-

131 1431 335 1472 mendem.
395 1429 446 1472 In
477 1445 560 1485 quo
596 1431 703 1472 mihi
739 1431 934 1472 voluntas
977 1445 1063 1472 non
1102 1430 1208 1484 dest,
1247 1430 1320 1471 sed
1348 1431 1466 1471 locus

133 1504 220 1530 esse
256 1489 424 1530 videtur
463 1492 603 1530 tecum
640 1489 944 1543 expostulandi.
1016 1488 1139 1530 Solus
1177 1489 1290 1529 enim
1329 1491 1377 1529 tu
1416 1504 1467 1530 ex

134 1548 345 1602 omnibus,
386 1548 458 1602 qui
499 1562 593 1589 cum
633 1548 789 1589 Bibulo
827 1551 941 1602 sunt,
983 1548 1205 1588 certiorem
1244 1562 1311 1588 me
1347 1562 1466 1588 num-

81 1618 114 1645 25
134 1621 260 1660 quam
296 1606 449 1661 fecisti,
491 1622 616 1661 quam
653 1607 773 1648 valde
810 1606 954 1647 Bibuli
991 1607 1187 1648 voluntas
1225 1621 1248 1646 a
1278 1621 1345 1647 me
1377 1606 1466 1647 sine

134 1679 257 1705 causa
293 1664 548 1706 abhorreret.
618 1664 825 1706 Permulti
863 1665 976 1706 enim
1013 1665 1066 1706 ad
1104 1680 1171 1706 me
1213 1665 1465 1718 detulerunt,

134 1737 262 1777 quom
293 1738 470 1778 magnus
500 1723 751 1765 Antiochiae
790 1727 927 1765 metus
959 1726 1067 1765 esset
1104 1726 1145 1764 et
1181 1739 1335 1779 magna
1373 1738 1466 1778 spes

133 1781 178 1822 in
214 1796 281 1822 me
320 1784 444 1835 atque
481 1782 526 1822 in
564 1782 748 1823 exercitu
785 1797 899 1836 meo,
950 1783 1123 1823 solitum
1168 1782 1304 1823 dicere
1349 1782 1467 1836 quid-

133 1841 197 1881 vis
229 1855 271 1881 se
302 1840 465 1894 perpeti
495 1840 620 1880 malle
653 1855 778 1894 quam
810 1841 943 1881 videri
975 1841 1139 1896 eguisse
1171 1840 1329 1881 auxilio
1348 1855 1466 1898 ’me03

81 1912 115 1937 30
135 1899 248 1953 quod
285 1913 363 1954 ego
402 1898 542 1939 officio
580 1899 820 1952 quaestorio
857 1901 898 1939 te
940 1899 1166 1939 adductum
1204 1899 1378 1939 reticere
1418 1898 1466 1938 de

132 1960 326 2011 praetore
362 1960 436 1998 tuo
468 1971 553 1997 non
584 1957 758 1997 moleste
790 1957 993 2010 ferebam,
1032 1972 1304 2011 quamquam,
1343 1971 1468 2010 quem

133 2016 187 2056 ad
215 2016 389 2057 modum
419 2018 657 2069 tractarere,
690 2015 921 2056 audiebam.
982 2014 1058 2055 Ille
1091 2018 1249 2069 autem,
1290 2029 1385 2055 cum
1417 2015 1469 2055 ad

133 2073 363 2115 Thermum
395 2073 444 2115 de
474 2073 672 2115 Parthico
705 2073 816 2114 bello
849 2073 1070 2127 scriberet,
1102 2073 1155 2113 ad
1184 2087 1251 2113 me
1282 2073 1469 2114 litteram

132 2146 364 2187 numquam
393 2132 526 2187 misit,
565 2132 617 2172 ad
649 2146 773 2186 quem
804 2131 1078 2187 intellegebat
1109 2131 1197 2172 eius
1229 2131 1331 2172 belli
1361 2132 1469 2186 peri—

81 2201 114 2228 35
134 2191 275 2232 culum
305 2191 532 2247 pertinere3
569 2193 735 2231 tantum
769 2190 817 2231 de
849 2193 1058 2245 auguratu
1095 2190 1174 2230 filii
1206 2190 1270 2230 sui
1302 2190 1470 2244 scripsit

134 2249 188 2290 ad
221 2265 305 2304 me,
344 2249 389 2290 in
427 2264 509 2304 quo
548 2264 625 2305 ego
664 2248 953 2289 misericordia
991 2251 1242 2302 commotus,
1284 2251 1325 2289 et
1357 2249 1471 2303 quod

133 2322 297 2362 semper
316 2308 593 2349 amicissimus
613 2307 767 2348 Bibulo
789 2307 862 2362 fui,
891 2307 985 2348 dedi
1006 2321 1187 2362 operam,
1213 2309 1260 2348 ut
1280 2307 1317 2348 ei
1344 2323 1471 2362 quam

205 2383 356 2408 Ciceronis
378 2384 463 2413 epist.
1236 2379 1258 2409 4
