1659 2552
634 74 775 108 LIBER
800 74 832 108 x
859 79 913 118 12,
941 78 995 110 13.
1398 76 1483 118 273

144 184 239 212 oum
271 170 513 224 frequenter
545 170 826 211 adsentiretur
857 172 1036 224 senatus,
1069 173 1220 226 rogatu
1255 170 1405 212 Servili
1437 171 1481 213 P.

144 229 282 270 Titius
314 229 560 270 intercessit.
622 229 706 270 Res
738 230 781 270 in
812 231 1029 283 posterum
1063 229 1201 270 dilata.
1253 229 1381 271 Venit
1413 245 1483 284 pa·
1508 243 1530 272 4.

144 291 260 329 ratus
293 286 496 329 Servilius
528 286 618 328 Iovi
657 288 737 342 ipsi
775 287 962 342 iniquus,
1001 288 1118 328 ouius
1150 288 1193 328 in
1226 289 1384 342 templo
1418 304 1482 330 res

145 347 360 403 agebatur.
422 346 545 387 Hunc
572 361 697 400 quem
729 346 782 386 ad
806 346 978 387 modum
1011 347 1210 402 fregerim
1243 351 1481 401 quantaque

90 417 107 442 5
145 406 413 447 contentione
451 405 612 446 Titium
652 405 971 446 intercessorem
1008 405 1250 459 abjecerim,
1293 421 1343 446 ex
1383 407 1482 447 alio-

146 480 239 506 rum
278 468 318 505 te
356 464 510 504 litteris
547 463 658 504 malo
698 478 966 519 cognoscere;
1005 478 1135 505 111111111
1166 464 1246 505 hoc
1278 478 1329 505 ex
1360 465 1481 505 meis:

146 522 325 564 Senatus
350 523 532 578 gravior,
559 523 830 576 constantior,
863 522 1038 563 amicior
1063 523 1147 563 tuis
1172 522 1368 563 laudibus
1394 538 1481 563 esse

144 596 230 623 non
261 582 413 636 potuit,
446 596 571 635 quam
603 584 694 622 tum
726 581 818 635 fuit,
850 595 925 622 nec.
950 595 1049 621 vero
1076 581 1156 621 tibi
1182 584 1351 622 senatus
1382 582 1482 622 ami-

146 641 234 682 cior
265 655 391 694 quam
424 643 572 680 cuncta
605 640 772 694 civitas3
803 640 1057 680 mirabiliter
1082 640 1193 680 enim
1225 640 1406 694 populus
1431 640 1479 681 R.

93 713 126 737 10
145 700 366 740 universus
397 701 438 739 et
477 698 666 739 omnium
702 713 905 754 generum
944 698 1222 752 ordinumque
1255 713 1481 739 consensus

146 758 199 799 ad
227 757 490 798 liberandam
522 772 610 797 rem
642 772 679 811 p.
713 757 979 810 conspiravit.

231 815 366 871 Perge
403 816 552 871 igitur,
590 819 637 856 ut
668 816 774 871 agis,
816 829 1051 869 nomenque
1083 817 1204 856 tuum
1236 815 1481 856 commenda
1508 828 1527 857 5

146 874 457 916 immortalitati
489 877 613 928 atque
644 874 746 915 haec
777 874 934 927 omnia,
976 888 1080 928 quae
1111 874 1269 915 habent
1301 874 1481 928 speciem

145 934 305 990 gloriae
337 933 524 974 conlecta
555 933 810 973 inanissimis
842 932 1076 986 splendoris
1107 932 1356 987 insignibus,
1388 947 1482 973 con-

94 1005 126 1030 15
145 996 297 1047 temne,
328 992 483 1045 brevia,
515 992 692 1047 fugacia,
724 991 877 1032 caduca
902 991 1104 1032 existima.
1166 990 1326 1032 Verum
1359 991 1482 1031 decus

146 1052 191 1092 in
209 1051 366 1092 virtute
391 1051 578 1105 positum
598 1053 672 1104 est,
704 1065 809 1104 quae
834 1050 1016 1090 maxime
1042 1050 1293 1090 inlustratur
1317 1050 1482 1105 magnis

147 1110 191 1151 in
222 1125 311 1151 rem
347 1125 385 1163 p.
418 1109 590 1150 meritis.
652 1108 760 1149 Eam
797 1109 1039 1149 facultatem
1076 1108 1205 1149 habes
1243 1109 1480 1149 maximam.

147 1168 282 1218 Quam
314 1168 515 1222 quoniam
546 1168 789 1222 complexus
822 1182 875 1221 es,
907 1167 1215 1221 tene3‚perfice,
1247 1170 1293 1207 ut
1325 1181 1376 1207 ue
1407 1167 1482 1207 mi—

146 1242 225 1268 nus
256 1241 322 1268 res
352 1242 390 1281 p.
423 1226 503 1267 tibi
536 1241 661 1280 quam
687 1229 734 1266 tu
760 1226 820 1267 rei
845 1241 883 1280 p.
911 1226 1071 1267 debeas.
1132 1224 1201 1266 Me
1227 1228 1323 1265 tuae
1350 1225 1483 1280 digni-

94 1300 127 1324 20
146 1286 246 1327 tatis
288 1300 375 1326 non
417 1285 543 1326 modo
583 1285 809 1339 fautorem,
853 1284 925 1325 sed
965 1284 1092 1325 etiam
1135 1284 1483 1337 amplificatorem

147 1358 383 1401 cognosces.
453 1342 504 1384 Id
552 1357 647 1384 cum
695 1344 756 1384 rei
803 1359 860 1397 p.,
910 1357 1015 1397 quae
1064 1342 1171 1383 mihi
1217 1342 1345 1383 vitast
1392 1356 1485 1382 mea

147 1404 299 1458 carior,
341 1406 433 1444 tum
476 1406 645 1443 nostrae
686 1401 986 1443 necessitudini
1031 1401 1180 1441 debere
1223 1415 1290 1441 me
1334 1400 1483 1441 iudico.

147 1462 288 1516 Atque
325 1462 370 1502 in
399 1461 466 1502 his
499 1461 626 1515 curis,
664 1476 767 1515 quas
799 1460 958 1501 contuli
991 1459 1043 1500 ad
1075 1459 1326 1515 dignitatem
1356 1462 1485 1512 tuam,

149 1521 240 1575 cepi
278 1535 476 1576 magnam
512 1520 791 1574 voluptatem,
833 1519 947 1573 quod
985 1518 1091 1559 bene
1129 1518 1343 1573 cognitam
1379 1517 1486 1558 mihi

96 1591 129 1616 ‘25
148 1579 193 1620 T.
225 1579 391 1620 Munati
426 1579 695 1632 prudentiam
727 1581 768 1619 et
807 1578 934 1618 fidem
965 1577 1102 1632 magis
1133 1577 1261 1617 etiam
1291 1576 1486 1630 perspexi

149 1638 193 1678 in
230 1638 319 1678 eius
359 1637 597 1678 incredibili
637 1652 738 1693 erga
777 1639 817 1677 te
858 1635 1144 1677 benivolentia
1176 1638 1217 1676 et
1255 1635 1485 1691 diligentia.

148 1708 199 1737 ΙΙΙ
229 1694 329 1736 Idus
360 1695 462 1750 Apr.

759 1799 872 1841 XIII.

379 1880 452 1916 Ser.
478 1881 614 1916 Romae
639 1882 721 1915 circ.
755 1880 789 1914 V
808 1881 864 1914 Id.
892 1880 986 1914 Mat.
1016 1891 1049 1913 a.
1078 1882 1144 1913 711
1174 1881 1261 1922 (43).

96 1977 130 2002 30
620 1961 786 1996 CICERO
816 1960 1015 1996 PLANCO.

249 2046 309 2089 Ut
352 2047 536 2101 primum
579 2047 765 2100 potestas
815 2045 951 2085 datast
1001 2044 1214 2100 augendae
1265 2043 1485 2098 dignitatis
1515 2055 1531 2083 1

150 2108 266 2159 tuae,
315 2105 425 2146 nihjl
472 2104 737 2159 praetermisi
786 2104 830 2144 in
872 2106 914 2144 te
958 2103 1165 2157 ornando,
1216 2102 1329 2155 quod
1376 2101 1486 2155 posi-

149 2167 242 2205 tum
273 2167 380 2205 esset
413 2168 484 2204 aut
521 2164 564 2204 in
602 2162 789 2217 praemio
821 2162 991 2202 virtutis
1029 2164 1100 2202 aut
1132 2162 1176 2202 in
1206 2160 1367 2200 honore
1398 2174 1487 2200 ver-

150 2223 312 2264 borum.
373 2221 423 2263 Id
455 2237 505 2263 ex
535 2223 627 2276 ipso
660 2236 688 2261 s.
723 2235 753 2261 c.
785 2220 944 2274 poteris
976 2233 1243 2276 cognoscere3
1284 2219 1343 2258 ita
1374 2218 1487 2259 enim

98 2291 131 2317 35
151 2284 213 2322 est
244 2282 544 2336 perscriptum,
577 2283 623 2321 ut
655 2295 678 2320 a
709 2293 775 2320 me
809 2279 857 2319 de
889 2279 1046 2333 scripto
1080 2279 1190 2319 dicta
1222 2277 1486 2331 sententiast3

222 2355 374 2382 Ciceronis
394 2356 480 2387 epist.
499 2357 522 2380 Ι.
1231 2349 1273 2379 18
