1659 2552
599 657 741 691 LIBER
767 656 1010 692 SEPTIMUS.

306 740 393 782 AD
435 740 489 781 M.
529 739 812 782 MARIUM
855 741 937 782 ET
983 738 1305 782 CETEROS.

792 868 823 910 I.

465 949 539 985 Ser.
566 950 702 984 Romae
728 962 771 984 m.
802 950 875 985 Oct.
902 963 935 984 α.
964 953 1036 985 699
1063 952 1154 994 (55).

99 1035 115 1060 5
488 1031 536 1065 M.
558 1031 726 1066 CICERO
754 1031 787 1066 S.
814 1032 857 1066 D.
883 1032 931 1067 M.
958 1031 1124 1067 MARIO.

226 1125 271 1168 Si
308 1129 350 1168 te
388 1127 509 1168 dolor
547 1127 678 1182 aliqui
717 1128 905 1182 corporis
946 1130 1018 1168 aut
1058 1127 1283 1168 infirmitas
1321 1126 1478 1168 valetu—
1507 1139 1524 1169 1

138 1186 248 1226 dinis
272 1188 369 1226 tuae
394 1186 543 1240 tenuit,
575 1201 659 1240 quo
684 1187 825 1227 minus
851 1187 904 1227 ad
927 1187 1050 1227 ludos
1076 1187 1252 1240 venires,
1284 1186 1478 1227 fortunae

136 1245 273 1300 magis
303 1245 446 1286 tribuo
474 1260 600 1299 quam
631 1245 861 1299 sapientiae
891 1248 1006 1300 tuae,
1038 1245 1103 1286 sin
1133 1245 1247 1300 haec,
1280 1259 1385 1298 quae
1418 1258 1479 1285 ce-

136 1304 218 1344 teri
254 1303 480 1358 mirantur,
518 1304 825 1345 contemnenda
857 1304 1016 1345 duxisti
1048 1306 1106 1358 et,
1139 1318 1234 1344 cum
1264 1318 1340 1357 per
1370 1303 1479 1344 vale-

84 1376 117 1400 10
136 1362 328 1403 tudinem
351 1377 507 1417 posses,
533 1363 676 1404 venire
700 1365 843 1404 tamen
868 1362 1056 1417 noluisti,
1080 1365 1308 1416 utrumque
1332 1362 1479 1415 laetor,

138 1423 180 1462 et
204 1421 293 1461 sine
320 1421 464 1462 dolore
490 1421 679 1475 corporis
704 1424 745 1462 te
771 1421 900 1462 fuisse
932 1424 973 1462 et
999 1422 1140 1462 animo
1159 1421 1352 1475 valuisse,
1384 1435 1480 1461 cum

138 1494 197 1533 ea,
229 1494 335 1534 quae
367 1480 456 1521 sine
489 1494 613 1521 causa
643 1480 853 1521 mirantur
884 1480 968 1535 alii,
999 1480 1248 1536 neglexeris,
1279 1479 1406 1520 modo
1433 1482 1481 1520 ut

138 1538 219 1578 tibi
257 1539 495 1579 constiterit
532 1539 695 1580 fructus
727 1539 804 1580 otii
835 1539 917 1594 tui,
959 1554 1043 1593 quo
1076 1539 1247 1593 quidem
1277 1538 1358 1579 tibi
1389 1552 1481 1592 per-

139 1596 223 1636 frui
253 1596 431 1637 mirifice
462 1597 594 1652 licuit,
627 1612 722 1638 cum
748 1612 858 1638 esses
885 1598 931 1638 in
955 1598 1037 1638 ista
1063 1598 1317 1638 amoenitate
1349 1611 1481 1651 paene

87 1666 120 1690 15
140 1654 254 1695 solus
291 1655 473 1696 relictus,
533 1655 683 1710 Neque
719 1659 862 1696 tamen
900 1657 1066 1711 dubito,
1105 1657 1208 1710 quin
1245 1658 1293 1696 tu
1329 1656 1374 1696 in
1405 1655 1481 1696 illo

141 1712 334 1754 cubiculo
366 1716 453 1767 tuo,
487 1728 539 1754 ex
571 1728 654 1768 quo
686 1714 766 1755 tibi
800 1714 1050 1755 Stabianum
1081 1714 1307 1768 perforasti
1340 1717 1381 1754 et
1411 1729 1482 1768 pa-

140 1771 321 1812 tefecisti
353 1772 503 1825 sinum,
534 1787 610 1826 per
641 1786 711 1813 eos
744 1773 831 1813 dies
856 1773 1066 1813 matutina
1090 1776 1283 1827 tempora
1307 1772 1482 1813 lectiun-

142 1829 246 1870 culis
284 1831 610 1884 consumpseris,
648 1845 742 1871 cum
774 1831 837 1871 illi
869 1831 1049 1886 interea,
1083 1832 1156 1885 qui
1187 1834 1229 1872 te
1260 1831 1357 1871 istic
1388 1831 1482 1871 reli-

142 1891 335 1942 querunt,
367 1891 605 1942 spectarent
631 1890 865 1930 communis
895 1890 1050 1930 mimos
1075 1889 1330 1930 semisomni.
1370 1888 1482 1929 Reli-

90 1958 122 1983 20
143 1961 246 2001 quas
271 1961 370 1987 vero
402 1947 535 2001 partis
562 1947 644 1988 diei
668 1950 716 1987 tu
742 1948 1017 1988 consumebas
1041 1948 1094 1988 iis
1121 1947 1482 2001 delectationibus,

142 2020 245 2059 quas
282 2005 362 2046 tibi
400 2006 489 2060 ipse
522 2005 575 2046 ad
612 2005 837 2046 arbitrium
873 2009 995 2047 tuum
1036 2020 1318 2061 compararas3
1358 2006 1482 2046 nobis

141 2067 282 2105 autem
314 2067 433 2104 erant
465 2079 512 2105 ea
542 2064 832 2118 perpetienda,
870 2079 976 2118 quae
1014 2063 1082 2118 Sp.
1115 2064 1301 2105 Maecius
1332 2064 1483 2118 proba-

141 2122 280 2163 visset.
331 2122 527 2177 Omnino,
559 2123 593 2163 si
621 2123 798 2177 quaeris,
830 2123 918 2163 ludi
945 2123 1268 2177 apparatissimi,
1301 2123 1373 2163 sed
1397 2137 1483 2163 non
1509 2134 1528 2163 2

141 2181 204 2222 tui
242 2182 466 2236 stomachi,
504 2181 788 2222 coniecturam
827 2182 939 2222 enim
975 2182 1084 2222 facio
1124 2182 1173 2222 de
1204 2195 1310 2222 meo.
1370 2180 1483 2222 Nam

89 2249 122 2275 25
141 2240 326 2293 primum
362 2240 537 2281 honoris
575 2254 698 2281 causa
734 2240 779 2280 in
816 2254 1008 2281 scaenam
1046 2240 1257 2281 redierant
1288 2240 1336 2294 ii,
1378 2254 1484 2294 quos

141 2312 220 2354 ego
251 2298 426 2340 honoris
452 2313 575 2340 causa
601 2299 650 2340 de
677 2312 824 2339 scaena
851 2299 1074 2340 decessisse
1106 2298 1354 2340 arbitrabar.
1405 2298 1485 2339 De-
