1659 2552
649 114 791 148 LIBER
816 114 900 148 vm
926 117 957 149 3.
1385 115 1469 156 213

190 210 294 252 Item
323 211 485 252 senatui
514 210 677 263 placere
714 211 761 252 de
791 210 1004 260 militibus,
1042 210 1114 262 qui
1143 210 1189 250 iu
1221 211 1394 251 exercitu
1429 209 1471 252 C.
1499 222 1518 252 7

135 268 325 311 Caesaris
361 273 472 320 sunt,
510 270 581 322 qui
612 283 749 311 eorum
780 269 984 321 stipendia
1014 269 1182 309 emerita
1213 271 1286 309 aut
1315 282 1471 319 causas,

131 328 276 381 quibus
307 329 355 369 de
385 329 520 369 causis
558 328 675 369 missi
709 328 800 380 fieri
831 327 1012 377 debeant,
1049 326 1241 377 habeant,
1283 327 1339 367 ad
1367 328 1473 368 hinec

132 388 315 428 ordinem
350 387 513 439 referri,
551 390 597 427 ut
631 400 768 428 eorum
798 386 905 427 ratio
936 385 1132 426 habeatur
1162 398 1384 438 causaeque
1414 399 1472 426 co-

96 458 112 483 5
129 449 386 499 fflzoscmztur.
449 444 498 487 Set
523 446 614 498 quis
643 445 738 485 huic
761 458 792 485 3.
819 458 848 486 6.
873 445 1168 494 intercessisset,
1199 445 1360 485 senatui
1377 444 1473 496 pla-

132 518 216 546 cere
252 505 531 545 auctoritatem
559 503 760 557 perscribi
797 506 836 545 et
863 504 910 544 de
941 517 989 544 ea
1018 516 1062 544 re
1083 516 1128 556 p.
1159 516 1193 555 q.
1226 506 1250 543 t.
1283 503 1340 544 act
1367 503 1474 544 huuc

133 563 316 604 ordinem
355 564 511 615 referri.
573 562 686 603 Huic
724 575 754 603 s.
793 575 822 603 c.
866 562 1087 603 intercessit
1128 559 1170 603 G.
1206 559 1385 612 Caelius,
1431 560 1472 602 G.

134 621 297 672 Pausa,
331 625 376 662 tr.
401 621 461 674 pl.

222 680 401 733 Itemque
436 679 597 721 senatui
626 679 788 744 placere
825 679 872 719 iri
907 677 1096 720 Ciliciam
1120 679 1396 731 provinciam,
1428 679 1473 719 iii
1499 690 1520 721 s

82 752 116 776 10
142 755 214 780 vm
259 738 438 791 reliquas
478 738 736 791 provincias,
785 750 888 790 qaas
928 738 1131 790 praetorii
1170 751 1251 803 pro
1285 740 1475 790 praetore

135 799 373 852 optinerent,
410 810 490 847 eos,
528 797 599 849 qui
628 799 838 849 praetores
870 796 1041 849 fueraut
1075 809 1199 848 neque
1228 796 1274 837 iri
1308 796 1475 848 provivi-

134 858 200 898 cia
238 870 329 897 eum
370 830 541 908 ‘imperio
586 856 773 908 fuerunt,
819 868 917 907 quos
969 868 1106 896 eorum
1154 868 1203 896 ex
1243 868 1274 896 3.
1312 868 1342 895 c.
1385 868 1476 896 cum

138 915 306 969 imperio
343 915 389 956 iri
418 914 658 966 provincias
687 927 766 966 pro
797 916 985 966 praetore
1022 914 1129 954 mitti
1166 916 1373 966 oporteret,
1412 926 1475 954 eos

133 975 272 1016 sortito
314 973 361 1014 iri
395 973 634 1026 provincias
676 973 784 1013 mitti
817 972 1001 1024 placere,-
1044 972 1082 1013 si
1123 986 1171 1013 ex
1214 986 1256 1013 eo
1298 985 1476 1026 numero,

86 1044 117 1069 15
135 1045 234 1086 quos
270 1045 318 1074 effi
354 1044 384 1073 3.
417 1045 446 1073 c.
477 1032 524 1072 iri
552 1031 792 1083 provincias
827 1031 888 1071 ire
925 1034 1132 1083 oporteret,
1171 1031 1227 1072 ad
1261 1044 1477 1071 numeram

135 1105 217 1133 uon
247 1094 390 1141 essent,
422 1091 493 1143 qui
529 1091 575 1130 iri
606 1102 674 1130 eas
702 1090 942 1142 provincias
971 1090 1338 1142 proficiscerentur,
1380 1092 1475 1139 tum,

135 1151 197 1191 uti
226 1150 406 1202 quodque
446 1148 668 1201 corzleyium
698 1149 885 1200 primum
907 1151 1148 1200 praetorum
1175 1149 1323 1200 fuisset
1350 1161 1476 1200 raeque

140 1210 182 1250 iri
204 1208 442 1261 provincias
465 1208 639 1260 profecti
670 1210 808 1257 essent,
839 1207 900 1247 ita
923 1210 1027 1248 sorte
1052 1207 1098 1247 iri
1121 1207 1361 1259 provincias
1377 1219 1476 1258 pro-

135 1268 428 1321 ftez'seerentum
465 1267 503 1307 si
539 1267 573 1307 ii·
610 1266 666 1306 acl
700 1279 915 1306 riimierum
944 1279 1027 1307 riori
1063 1268 1206 1315 esseut,
1248 1268 1334 1305 tum
1365 1265 1476 1305 deiu-

85 1338 119 1363 20
138 1339 226 1379 ceps
248 1326 435 1378 proximi
464 1325 655 1377 cuiusque
685 1323 839 1377 colleyii
869 1324 940 1376 qui
967 1327 1178 1377 praetores
1205 1324 1383 1376 fuissent
1411 1337 1478 1363 rie-

137 1398 212 1438 que
243 1385 289 1425 in
317 1384 556 1437 provincias
582 1383 758 1436 profecti
788 1386 932 1433 essent,
969 1383 1014 1423 iu
1045 1386 1192 1424 sortem
1223 1382 1476 1431 coicereutur,

138 1443 273 1496 quoad
306 1443 344 1483 is
378 1455 572 1483 uumerus
608 1442 769 1494 effectus
800 1445 914 1492 esset,
954 1455 1071 1494 quem
1102 1442 1159 1482 ad
1187 1454 1402 1482 numerum
1432 1441 1478 1481 iu

131 1502 368 1555 provincias
404 1501 511 1542 mitti
547 1504 749 1553 oporteret.
823 1499 871 1541 Si
908 1501 999 1553 quis
1034 1500 1128 1541 huic
1163 1512 1194 1541 s.
1227 1513 1256 1541 c.
1293 1500 1478 1540 interces-

139 1561 272 1610 sisset,
313 1560 533 1600 auctoritas
564 1559 890 1612 perscriberetur.
961 1558 1074 1600 Huic
1113 1571 1145 1599 s.
1186 1571 1215 1599 c.
1256 1558 1481 1599 intercessit

88 1631 121 1655 25
145 1618 186 1660 G.
222 1617 400 1668 Caelius,
435 1616 477 1659 G.
510 1617 673 1667 Pausa,
706 1621 752 1658 tr.
777 1617 836 1669 pl.

227 1674 307 1716 Ina
336 1678 553 1730 praeterea
585 1674 658 1716 Cn.
688 1675 866 1729 Pompei
898 1677 995 1715 sunt
1033 1675 1339 1728 animadversa,
1372 1689 1478 1728 quae
1505 1686 1524 1716 9

140 1735 323 1776 maxime
355 1733 653 1775 confidentiam
689 1734 923 1774 attulerunt
953 1733 1211 1788 hominibus,
1242 1736 1290 1774 ut
1323 1733 1480 1774 diceret

142 1808 184 1834 se
216 1795 312 1833 ante
353 1792 403 1833 K.
435 1791 610 1832 Martias
646 1806 733 1833 non
768 1806 890 1846 posse
922 1792 1011 1832 sine
1042 1792 1198 1832 iniuria
1230 1791 1280 1832 de
1310 1791 1479 1845 provin-

142 1852 217 1893 ciis
250 1850 439 1892 Caesaris
470 1853 671 1904 statuere,
707 1853 804 1904 post
834 1850 885 1890 K.
917 1849 1092 1890 Martias
1125 1864 1167 1890 se
1198 1864 1284 1890 non
1317 1850 1479 1890 dubita-

89 1923 123 1948 30
141 1913 296 1951 turum.
359 1908 465 1950 Cum
496 1909 841 1963 interroga-retur,
873 1908 909 1949 si
940 1908 1013 1962 qui
1043 1911 1135 1948 tum
1160 1908 1479 1962 intercederent,

143 1969 250 2009 dixit
274 1968 355 2009 hoc
379 1967 489 2008 nihil
514 1967 726 2021 interesse,
751 1969 901 2007 utrum
929 1965 971 2007 C.
994 1965 1145 2007 Caesar
1176 1966 1340 2007 senatui
1367 1966 1479 2006 dicto

142 2027 314 2068 audiens
346 2027 514 2067 futurus
538 2040 624 2066 non
651 2027 759 2066 esset
790 2040 842 2065 an
872 2027 1052 2079 pararet,
1084 2024 1158 2078 qui
1189 2027 1381 2065 senatum
1414 2025 1480 2065 de-

142 2100 309 2127 cernere
348 2099 434 2126 non
473 2086 699 2139 pateretur.
771 2082 919 2137 ‘Quid,
960 2083 1034 2137 si',
1076 2083 1214 2137 inquit
1255 2083 1379 2137 alius,
1422 2083 1481 2123 ‘et

142 2144 289 2185 consul
318 2158 405 2185 esse
437 2146 479 2184 et
510 2142 742 2183 exercitum
771 2142 926 2182 habere
951 2141 1115 2182 volet?'
1159 2141 1218 2182 At
1250 2142 1321 2182 ille
1353 2156 1479 2195 quam

83 2215 120 2239 35
143 2202 384 2243 clementer:
417 2201 561 2254 Quid,
593 2201 628 2242 si
659 2200 772 2241 filius
802 2215 920 2241 meus
946 2200 1101 2241 fustem
1125 2200 1233 2240 mihi
1258 2200 1478 2255 inpingere

141 2261 304 2302 volet?’
335 2260 415 2301 His
446 2260 632 2314 vocibus,
663 2262 710 2300 ut
742 2259 1033 2299 existimarent
1056 2259 1250 2299 homines
1274 2258 1478 2313 Pompeio

142 2333 237 2361 cum
270 2318 443 2360 Caesare
482 2333 569 2360 esse
606 2318 843 2373 negotium,
884 2317 1032 2358 effecit.
1105 2316 1253 2371 Itaque
1294 2317 1395 2372 iam,
1432 2320 1480 2357 ut
