1659 2552
596 77 740 112 LIBER
764 78 848 112 xm
875 82 906 114 1.
1343 81 1426 122 367

87 174 313 226 antequam
345 171 568 213 Philonem
601 172 888 228 cognovimus,
920 173 1040 214 valde
1065 176 1113 214 ut
1138 174 1426 231 philosophus,

86 233 234 285 postea
265 233 406 271 tamen
438 234 485 271 ut
516 231 582 272 vir
613 231 750 272 bonus
781 234 823 272 et
854 232 993 272 suavis
1020 235 1062 272 et
1088 233 1301 274 officiosus
1333 248 1426 287 pro-

87 289 280 343 babatur,
311 289 492 330 traditus
523 289 629 330 mihi
656 290 1055 345 commendatusque
1087 293 1160 332 est.
1222 290 1263 332 Is
1295 292 1426 347 igitur

91 347 216 389 Patro
243 362 338 388 cum
370 348 421 388 ad
452 362 519 388 me
551 348 731 389 Romam
762 349 925 389 litteras
956 349 1152 404 misisset,
1183 350 1245 390 uti
1278 353 1318 390 te
1345 351 1425 391 sibi

53 420 68 444 5
87 406 297 461 placarem
328 409 610 461 peteremque,
642 409 689 447 ut
720 407 860 448 nescio
893 407 994 461 quid
1025 408 1132 448 illud
1156 407 1331 462 Epicuri
1356 424 1426 462 pa-

88 466 337 506 rietinarum
369 465 450 506 sibi
483 465 741 519 concedereS,
772 466 881 506 nihil
912 466 1060 520 scripsi
1091 466 1144 507 ad
1174 469 1215 507 te
1249 466 1303 507 ob
1335 482 1425 507 eam

88 538 188 579 rem,
221 523 334 578 quod
359 524 663 565 aedificationis
693 527 790 565 tuae
815 524 1037 565 consilium
1064 525 1426 566 commendatione

87 597 181 623 mea
210 582 408 623 nolebam
445 582 660 636 impediri3
697 582 825 637 idem,
867 585 914 623 ut
945 583 1041 624 veni
1071 582 1279 637 Athenas,
1320 597 1426 637 cum,

88 641 201 682 idem
233 641 286 682 ad
315 643 357 681 te
389 641 627 695 scriberem,
660 644 860 696 rogasset,
893 641 947 682 ob
977 656 1068 682 eam
1100 655 1267 682 causam
1298 642 1426 695 impe-

35 714 68 738 10
87 700 229 753 travit,
262 699 375 753 quod
399 702 441 740 te
468 699 667 740 abiecisse
698 700 815 740 illam
847 700 1181 740 aedificationem
1206 700 1427 741 constabat

88 759 200 799 inter
238 772 382 799 omnes
423 758 579 798 amicos
616 761 723 799 tuos.
785 757 907 806 Quod
932 758 967 799 si
999 759 1059 798 ita
1090 760 1171 812 est,
1202 761 1244 798 et
1275 759 1310 799 si
1341 758 1425 799 iam

87 820 161 858 tua
197 817 321 870 plane
358 816 467 857 nihil
506 816 698 870 interest,
738 816 892 871 velim,'
925 817 959 857 si
1001 831 1083 870 qua
1123 817 1426 857 offensiuncula

88 876 199 916 facta
230 878 293 916 est
324 875 454 915 animi
485 875 549 915 tui
584 875 859 928 perversitate
891 875 1130 928 aliquorum
1163 873 1281 930 (novi
1313 875 1425 915 enim

88 937 260 990 gentem
297 932 452 989 illam),
491 933 562 974 des
598 936 640 974 te
678 933 730 973 ad
766 933 984 974 lenitatem
1015 933 1082 974 vel
1111 936 1286 987 propter
1317 947 1426 973 sum-

37 1006 69 1031 15
88 1008 202 1033 mam
233 996 347 1033 mam
375 992 685 1032 humanitatem
716 991 783 1032 vel
814 992 941 1032 etiam
971 991 1146 1032 honoris
1176 991 1260 1032 mei
1292 1005 1424 1032 causa.

89 1051 317 1106 Equidem,
355 1051 408 1105 si,
446 1050 549 1104 quid
580 1050 669 1104 ipse
701 1050 896 1104 sentiam,
929 1050 1112 1104 quaeris,
1143 1063 1220 1090 nec
1251 1063 1324 1090 cur
1354 1049 1426 1090 ille

89 1113 310 1164 tantopere
349 1109 594 1162 contendat,
626 1108 767 1162 video,
797 1122 875 1149 nec
905 1122 979 1149 cur
1009 1111 1056 1148 tu
1087 1122 1312 1163 repugnes,
1343 1108 1426 1148 nisi

89 1172 232 1210 tamen
268 1167 404 1209 multo
442 1167 583 1208 minus
620 1167 701 1207 tibi
739 1166 910 1207 concedi
946 1168 1087 1221 potest
1118 1181 1244 1220 quam
1275 1165 1340 1207 illi
1369 1166 1426 1206 la-

89 1228 241 1269 borare
273 1227 362 1267 sine
394 1240 528 1266 causa.
591 1224 854 1279 Quamquam
891 1224 1088 1265 Patronis
1119 1227 1161 1265 et
1192 1225 1426 1265 orationem

36 1300 70 1325 :20
90 1289 132 1327 et
163 1299 331 1326 causam
360 1284 442 1325 tibi
473 1284 688 1340 cognitam
719 1298 807 1324 esse
840 1286 953 1324 certo
985 1283 1089 1337 scio3
1118 1283 1336 1336 honorem,
1368 1282 1427 1323 of-

89 1345 245 1398 ficium,
275 1345 626 1384 testamentorum
652 1342 728 1397 ius,
758 1342 934 1396 Epicuri
960 1341 1266 1395 auctoritatem,
1297 1340 1428 1381 Phae—

90 1403 156 1444 dri
182 1402 520 1457 optestationem,
552 1401 704 1455 sedem,
736 1400 1009 1454 domicilium,
1039 1399 1219 1454 vestigia
1248 1413 1429 1439 summo-

89 1477 185 1503 rum
214 1461 438 1502 hominum
468 1459 551 1500 sibi
582 1459 738 1500 tuenda
768 1473 856 1500 esse
889 1459 1000 1499 dicit.
1062 1458 1214 1498 Totam
1243 1457 1429 1498 hominis

90 1521 223 1562 vitam
253 1520 562 1584 rationemque,
595 1532 722 1583 quam
752 1517 943 1571 sequitur
973 1517 1017 1557 in
1048 1515 1330 1570 philosophia,
1363 1515 1430 1555 de-

38 1591 71 1616 25
91 1579 302 1619 rideamus
331 1577 442 1631 licet,
475 1577 510 1617 si
540 1576 648 1617 hanc
680 1576 769 1616 eius
798 1575 1112 1616 contentionem
1142 1574 1337 1615 volumus
1368 1588 1429 1614 re-

90 1636 367 1691 prehendere,
410 1635 483 1676 sed
522 1634 801 1688 mehercules,
840 1633 1043 1698 quoniam
1084 1632 1147 1673 1111
1185 1632 1428 1685 ceterisque,

92 1709 197 1750 quos
222 1694 296 1735 illa
321 1693 541 1747 delectant,
572 1707 659 1733 non
684 1692 804 1733 valde
836 1691 997 1731 inimici
1023 1705 1178 1743 sumus,
1210 1690 1350 1730 nescio
1377 1704 1429 1729 an

91 1752 396 1809 ignoscendum
421 1752 476 1792 sit
506 1727 617 1804 h⁷uic,
650 1751 685 1791 si
710 1752 930 1803 tantopere
954 1749 1137 1803 laborat3
1169 1749 1213 1788 in
1245 1762 1327 1801 quo
1355 1747 1429 1787 eti-

92 1812 198 1853 amsi
228 1813 390 1866 peccat,
426 1810 563 1864 magis
600 1784 772 1862 ineptiis
805 1822 930 1861 quam
968 1806 1242 1860 improbitate
1273 1807 1428 1859 peccat

39 1885 72 1909 30
93 1870 176 1912 Sed
205 1884 258 1911 ne
295 1869 417 1923 plura
455 1866 697 1933 (dicendum
729 1866 841 1907 enim
872 1865 1098 1919 aliquando
1125 1863 1219 1920 est),
1249 1863 1429 1917 Pompo-

91 1930 211 1970 nium
241 1927 435 1969 Atticum
466 1926 525 1966 sic
556 1939 651 1966 amo
683 1927 731 1965 ut
762 1924 942 1964 alterum
974 1924 1158 1964 fratr.em
1219 1921 1342 1963 Nihil
1367 1923 1430 1961 est

92 1988 168 2029 illo
205 1986 313 2028 1111111
348 1999 426 2026 nec
463 1984 598 2025 carius
636 1997 713 2024 nec
749 1982 982 2023 iucundius.
1043 1980 1085 2021 Is
1123 1979 1228 2036 (non
1260 1993 1344 2033 quo
1375 1979 1430 2019 sit

93 2061 145 2088 ex
175 2045 285 2100 istis,
323 2047 386 2086 est
423 2043 536 2084 enim
568 2041 684 2083 omni
719 2040 886 2082 liberali
920 2040 1110 2081 doctrina
1139 2037 1430 2092 politissimus,

93 2105 167 2146 sed
200 2104 322 2146 valde
361 2102 502 2157 diligit
537 2100 781 2152 Patronem,
818 2098 939 2139 valde
975 2097 1216 2138 Phaedrum
1255 2093 1431 2150 amavit)

41 2174 74 2200 35
93 2163 154 2204 sic
178 2178 202 2204 a
225 2177 294 2204 me
323 2162 405 2202 hoc
437 2159 664 2213 contendit,
695 2158 823 2199 homo
855 2157 1029 2197 minime
1061 2154 1322 2208 ambitiosus,
1356 2153 1433 2194 1111-

93 2222 207 2263 nime
246 2221 292 2262 in
332 2219 520 2275 rogando
561 2217 782 2270 molestus,
823 2219 870 2256 ut
907 2215 1015 2255 nihil
1051 2228 1253 2266 umquam
1283 2211 1433 2267 magis,

92 2294 170 2322 nec
201 2279 380 2334 dubitat,
413 2278 514 2332 quin
547 2290 624 2331 ego
652 2290 675 2316 a
700 2278 742 2315 te
773 2277 880 2315 nutu
910 2273 992 2314 hoc
1023 2271 1222 2325 consequi
1252 2284 1432 2325 possem,
