1659 2552
116 1232 134 1262 10

115 1820 134 1849 2³:

164 67 251 109 248
666 70 1007 104 EPISTULARUM

162 178 257 204 mea
288 178 365 205 nec
398 178 515 218 spem
548 179 598 206 ex
631 165 926 206 adfirmatione
953 166 1102 206 afferre
1129 165 1257 207 volui.
1306 165 1419 208 Illud
1450 170 1510 208 ta-

162 237 259 264 men
297 222 552 278 adscribam,
591 224 704 277 quod
736 227 797 265 est
829 224 1114 278 verissimum,
1152 239 1219 266 me
1250 225 1317 266 his
1349 223 1508 280 tem'po—

164 281 281 322 ribus
313 281 449 322 adhuc
482 282 530 322 de
564 282 646 323 isto
678 283 865 336 periculo
898 283 1007 323 nihil
1039 283 1215 324 audisse.
1272 283 1336 325 Tu
1367 286 1507 326 tamen

162 355 239 394 pro
272 343 345 381 tua
377 341 583 394 sapientia
610 341 782 382 debebis
810 344 955 396 optare
983 342 1156 397 optima,
1188 343 1375 398 cogitare
1401 343 1508 384 diffi-

163 399 337 453 cillima,
370 399 478 440 ferre
488 434 499 454 ,
539 414 827 454 quaecumque
860 403 994 442 erunt.

754 551 912 593 XVIII.

283 632 355 667 Ser.
385 633 423 666 in
456 632 659 666 Tusculano
684 633 766 667 circ.
796 633 908 667 XIII
930 633 976 668 K,
1005 633 1100 669 δαῖε.
1128 646 1160 669 α.
1190 637 1262 669 708
1290 636 1380 678 (46).

422 713 589 751 CICERO
624 713 657 748 S.
690 713 732 749 D.
762 714 815 760 [L.
843 714 1052 761 PAPIRIO]
1078 715 1247 750 PAETO.

252 809 357 850 Cum
396 824 529 850 essem
569 810 730 850 otiosus
762 810 806 850 in
838 810 1094 865 Tusculano,
1132 814 1357 866 propterea
1394 812 1507 867 quod

164 868 391 922 discipulos
431 868 600 909 obviam
637 869 853 924 miseram,
892 872 939 910 ut
977 870 1122 910 eadem
1159 885 1226 911 me
1265 886 1390 925 quam
1422 886 1506 912 ma—

162 928 274 967 xime
319 927 593 968 conciliarent
636 928 835 968 familiari
881 942 977 983 suo,
1022 929 1163 983 accepi
1206 932 1300 970 tuas
1342 930 1506 971 litteras

162 986 428 1040 plenissimas
461 986 702 1042 suavitatis3
735 1001 786 1027 ex
818 987 973 1041 quibus
1004 988 1195 1029 intellexi
1226 988 1399 1042 probari
1425 989 1505 1030 tibi

162 1059 303 1085 meum
342 1045 582 1099 consilium,
625 1045 755 1100 quod,
793 1048 840 1086 ut
878 1046 1110 1100 Dionysius
1147 1049 1369 1102 tyrannus,
1411 1062 1506 1089 cum

164 1102 382 1157 Syracusis
419 1104 566 1158 pulsus
604 1107 728 1158 esset,
763 1103 959 1145 Corinthi
997 1106 1152 1146 dicitur
1182 1106 1329 1147 ludum
1361 1121 1506 1161 aperu-

163 1163 254 1216 isse,
287 1163 347 1203 sic
379 1177 457 1218 ego
490 1163 668 1204 sublatis
700 1163 867 1204 iudiciis
899 1164 1053 1205 amisso
1091 1179 1222 1220 regno
1255 1166 1413 1206 forensi
1444 1165 1505 1206 lu-

163 1221 262 1262 dum
289 1222 408 1275 quasi
434 1221 589 1262 habere
616 1222 837 1276 coeperim.
882 1221 992 1271 Quid
1019 1223 1213 1277 quaeris?
1243 1239 1311 1265 me
1338 1239 1505 1279 quoque

163 1280 343 1320 delectat
381 1280 622 1335 consilium3
666 1281 801 1321 multa
841 1281 954 1321 enim
996 1296 1240 1336 consequor.
1301 1282 1505 1337 Primum,

163 1338 206 1378 id
237 1339 351 1392 quod
390 1339 573 1379 maxime
614 1353 725 1379 nunc
766 1354 871 1393 opus
909 1342 989 1394 est,
1030 1341 1176 1381 munio
1215 1355 1282 1381 me
1320 1341 1372 1382 ad
1402 1341 1504 1392 haec

163 1399 365 1450 tempora.
426 1396 476 1437 Id
521 1397 638 1437 cuius
682 1398 797 1438 modi
841 1398 913 1452 sit,
957 1399 1116 1453 nescio3
1159 1402 1326 1440 tantum
1370 1400 1504 1454 video,

162 1456 320 1496 nullius
347 1455 483 1496 adhuc
510 1456 733 1496 consilium
759 1471 825 1497 me
851 1457 951 1508 huic
982 1460 1255 1513 anteponere3
1286 1459 1369 1499 nisi
1394 1459 1504 1500 forte

162 1515 270 1555 mori
302 1514 454 1555 melius
486 1515 577 1555 fuit.
639 1513 689 1555 In
720 1515 893 1569 lectulo,
931 1516 1083 1570 fateor,
1116 1517 1188 1557 sed
1218 1531 1304 1558 non
1336 1518 1504 1573 accidit3

163 1573 206 1613 in
244 1573 331 1613 acie
369 1587 454 1613 non
492 1574 571 1622 fui;
616 1574 742 1614 ceteri
782 1574 969 1628 quidem,
1012 1574 1258 1630 Pompeius,
1299 1575 1504 1617 Lentulus

161 1634 271 1685 tuus,
305 1631 464 1685 Scipio,
497 1632 700 1672 Afranius
731 1633 852 1673 foede
883 1634 1110 1687 perierunt.
1166 1634 1226 1675 At
1252 1633 1356 1676 Cato
1389 1649 1504 1690 prae-

162 1690 282 1731 clare.
343 1689 433 1731 Iam
460 1690 568 1731 istuc
595 1691 776 1745 quidem,
809 1706 903 1732 cum
930 1693 1131 1747 volemus,
1162 1693 1326 1748 licebit,
1359 1693 1504 1735 demus

161 1749 287 1790 modo
315 1764 497 1803 operam,
530 1764 580 1790 ne
608 1753 694 1790 tam
720 1765 886 1792 necesse
913 1751 1037 1792 nobis
1063 1752 1129 1806 sit,
1162 1767 1288 1806 quam
1321 1752 1383 1792 illi
1410 1753 1502 1807 fuit,

163 1808 205 1847 id
237 1808 350 1862 quod
383 1808 558 1863 agimus.
621 1808 738 1863 Ergo
770 1809 851 1850 hoc
888 1810 1084 1863 primum.
1149 1809 1350 1864 Sequitur
1381 1811 1503 1852 illud:

162 1865 257 1920 Ipse
295 1867 447 1907 melior
484 1868 539 1907 fio
577 1867 763 1921 primum
795 1868 1052 1923 valetudine,
1094 1884 1221 1923 quam
1253 1869 1505 1911 intermissis

162 1925 537 1966 exercitationibus
569 1926 809 1981 amiseram3
842 1927 991 1968 deinde
1017 1928 1108 1982 ipsa
1132 1928 1216 1982 illa,
1248 1929 1283 1969 si
1315 1943 1397 1982 qua
1422 1929 1504 1969 fuit

162 1984 205 2024 in
236 1999 315 2037 me,
347 1984 524 2025 facultas
557 1985 772 2039 orationiS,
804 1986 885 2026 nisi
911 2001 978 2027 me
1004 1987 1056 2027 ad
1081 1986 1156 2027 has
1183 1987 1503 2027 exercitationes

162 2043 434 2097 rettulissem,
475 2043 716 2084 exaruisset.
779 2043 1030 2086 Extremum
1069 2045 1175 2085 illud
1207 2048 1280 2099 est,
1312 2045 1425 2099 quod
1456 2049 1502 2086 tu

161 2102 300 2142 nescio
340 2117 391 2142 an
429 2102 614 2155 primum
652 2105 791 2156 putes:
832 2103 966 2157 pluris
1006 2104 1090 2144 iam
1127 2118 1310 2158 pavones
1342 2104 1502 2145 confeci

163 2174 288 2213 quam
330 2163 375 2201 tu
420 2161 559 2214 pullos
601 2161 877 2202 columbinos.
949 2162 1012 2202 Tu
1054 2162 1152 2205 istic
1188 2165 1230 2203 te
1269 2161 1502 2204 Hateriano

162 2218 252 2259 iure
291 2219 489 2273 delectas,
531 2234 609 2275 ego
646 2234 713 2260 me
750 2220 820 2261 hic
858 2219 1067 2269 Hirtiano.
1129 2220 1238 2261 Veni
1277 2221 1426 2276 igitur,
1467 2222 1501 2263 si

162 2277 227 2316 vir
259 2292 311 2331 es,
345 2280 386 2318 et
417 2278 446 2330 ἦ·
479 2278 660 2319 disceam
692 2282 1031 2333 προλεγομενας,
1073 2293 1176 2334 quas
1208 2280 1391 2335 quaeris,
1424 2280 1500 2321 etsi

1527 885 1560 909 10

1526 1178 1559 1203 15

1525 1472 1558 1497 20

1524 1764 1557 1789 25

1523 2058 1556 2083 30
