1659 2552
577 87 719 121 LIBER
744 87 810 121 xn
835 89 891 131 24,
918 90 972 121 25.
1364 86 1448 127 359

112 196 199 224 non
239 182 322 223 fuit
364 185 532 223 senatus
575 197 710 236 neque
754 184 935 236 postero.
997 180 1331 235 Quinquatribus
1372 182 1451 222 fre-

114 241 261 296 quenti
299 243 446 282 senatu
484 255 651 282 causam
687 243 805 282 tuam
843 241 910 296 egi
950 254 1036 281 non
1074 240 1207 280 invita
1244 239 1450 294 Minerva3

114 300 270 341 etenim
296 314 344 340 eo
372 299 463 353 ipso
490 299 556 340 die
582 302 751 340 senatus
783 298 978 353 decrevit,
1010 300 1056 339 ut
1082 298 1272 339 Minerva
1297 301 1450 352 nostra,

114 361 255 400 custos
281 358 411 412 urbis,
438 372 565 412 quam
590 358 717 399 turbo
739 357 956 411 deiecerat,
982 357 1285 398 restitueretur.
1317 356 1452 396 Pansa

78 428 94 453 5
114 420 206 458 tuas
238 417 402 458 litteras
432 417 636 457 recitavit.
697 415 853 471 Magna
883 418 1052 456 senatus
1083 414 1331 469 adprobatio
1359 429 1452 455 con-

114 478 298 516 secutast
344 489 439 516 cum
489 489 654 515 summo
699 489 785 517 meo
827 474 982 529 gaudio
1024 477 1066 515 et
1106 474 1336 515 offensione
1375 472 1453 513 Mi-

113 534 304 587 notauri,
349 533 392 574 id
433 536 495 574 est
537 533 693 574 Calvisi
733 536 775 574 et
815 532 960 587 Tauri3
1001 534 1160 573 factum
1198 532 1248 572 de
1284 534 1326 572 te
1358 546 1387 571 s.
1421 545 1452 571 c.

114 593 407 634 honorificum.
469 591 792 646 Postulabatur,
831 594 879 632 ut
919 591 1046 632 etiam
1084 591 1148 631 ffli
1187 592 1454 643 notarentur3

115 651 187 692 sed
212 651 349 692 Pansa
374 650 632 691 clementior.
690 650 797 705 Ego,
828 650 887 690 mi
915 649 1126 703 Cornifici,
1158 663 1241 703 quo
1275 648 1340 689 die
1371 648 1454 702 pri-
1479 658 1499 688 2

63 722 96 746 10
115 725 232 751 mum
264 710 308 750 in
339 724 456 763 spem
486 709 698 750 libertatis
729 709 942 763 ingressus
974 722 1066 749 sum
1092 710 1134 749 et
1159 707 1454 748 cunctantibus

116 768 266 809 ceteris
307 783 340 808 a.
374 768 410 808 d.
442 779 525 808 XIII
562 767 612 808 K.
650 766 735 807 Ian.
777 767 1050 808 fundamenta
1089 766 1168 807 ieci
1208 766 1268 806 rei
1307 781 1364 820 p.,
1405 779 1453 805 eo

116 827 208 881 ipso
242 827 307 867 die
344 826 512 880 providi
542 825 725 866 multum
757 828 888 879 atque'
919 825 1049 866 habui
1082 825 1289 865 rationem
1321 823 1455 879 djgni-

116 885 217 926 tatis
257 888 371 938 tuae3
411 884 518 925 mihi
559 884 671 925 enim
711 886 774 925 est
814 883 1012 924 adsensus
1052 886 1221 924 senatus
1262 882 1311 923 de
1349 882 1456 936 opti-

115 943 265 985 nendis
296 943 538 998 provinciis.
599 942 690 984 Nec
720 956 819 983 vero
851 945 997 996 postea
1029 941 1171 982 destiti
1201 941 1455 981 labefactare

65 1014 98 1039 15
119 1018 232 1056 eum,
277 1002 349 1056 qui
386 1016 550 1042 summa
588 1015 683 1042 cum
719 1003 793 1042 tua
829 1000 983 1041 iniuria
1021 999 1357 1053 contumeliaque
1395 999 1456 1039 rei

117 1077 155 1116 p.
196 1061 459 1115 provinciam
501 1074 651 1114 apsens
692 1059 922 1100 obtinebat.
987 1057 1136 1113 Itaque
1181 1058 1347 1099 crebras
1389 1056 1457 1098 vel

117 1120 261 1174 potius
293 1119 525 1160 cotidianas
557 1118 901 1172 compellationes
931 1132 1046 1158 meas
1082 1131 1169 1157 non
1199 1116 1299 1157 tulit
1330 1129 1455 1169 seque

118 1179 164 1219 in
195 1178 344 1218 urbem
376 1177 535 1231 recepit
573 1177 732 1217 invitus
772 1191 907 1230 neque
945 1176 1081 1216 solum
1113 1189 1203 1229 spe,
1241 1174 1313 1215 sed
1345 1176 1457 1214 certa

118 1251 163 1278 re
201 1237 286 1277 iam
324 1238 366 1277 et
401 1235 665 1290 possessione
703 1235 951 1275 deturbatus
989 1236 1051 1275 est
1087 1248 1181 1274 meo
1224 1232 1456 1273 iustissimo

66 1307 100 1332 20
118 1294 502 1348 honestissimoque
529 1293 730 1334 convicio.
791 1292 850 1333 Te
875 1295 993 1333 tuam
1019 1292 1270 1347 dignitatem
1295 1305 1459 1331 summa

118 1356 192 1395 tua
222 1353 381 1394 virtute
411 1352 596 1393 tenuisse
632 1351 958 1405 provinciaeque
988 1350 1223 1391 honoribus
1254 1349 1460 1403 amplissi-

118 1412 200 1454 mis
232 1412 444 1452 adfectum
475 1414 691 1451 vementer
720 1410 894 1465 gaudeo.

209 1469 332 1519 Quod
361 1472 403 1510 te
434 1469 542 1510 mihi
574 1469 623 1510 de
655 1468 906 1523 Sempronio
937 1481 1112 1523 purgas,
1149 1466 1308 1520 accipio
1340 1480 1460 1506 excu-
1486 1476 1506 1506 3

121 1529 346 1582 sationem3
377 1528 460 1568 suit
485 1528 597 1569 enim
625 1527 731 1568 illud
757 1526 969 1581 quoddam
995 1539 1163 1566 caecum
1187 1527 1353 1578 tempus
1379 1537 1461 1564 ser-

71 1598 103 1624 25
122 1587 284 1628 vitutis.
345 1586 440 1641 Ego
477 1589 650 1627 tuorum
687 1585 961 1626 consiliorum
1002 1586 1149 1624 auctor
1180 1582 1462 1638 dignitatique

123 1646 266 1687 fautor
297 1644 429 1685 iratus
466 1644 732 1698 temporibus
762 1644 806 1684 in
840 1642 1057 1684 Graeciam
1090 1642 1308 1695 desperata
1337 1640 1463 1681 liber-

122 1706 210 1745 tate
242 1702 453 1757 rapiebar,
491 1717 586 1743 cum
623 1716 690 1743 me
723 1701 874 1742 etesiae
907 1700 1026 1754 quasi
1063 1700 1166 1741 boni
1197 1699 1308 1740 cives
1339 1698 1463 1739 relin-

124 1764 324 1817 quentem
361 1776 449 1802 rem
481 1776 520 1814 p.
552 1760 752 1814 prosequi
783 1759 1028 1812 noluerunt,
1066 1760 1289 1811 austerque
1320 1756 1463 1797 adver—

125 1835 195 1862 sus
226 1819 411 1861 maximo
436 1819 540 1860 flatu
566 1833 634 1859 me
660 1819 712 1858 ad
736 1817 914 1858 tribules
945 1819 1042 1857 tuos
1072 1815 1255 1871 Regium
1286 1814 1463 1867 rettulit,

71 1891 106 1916 30
127 1882 252 1933 atque
284 1878 380 1918 inde
412 1877 569 1930 ventis,
600 1877 728 1917 remis
759 1876 803 1916 in
833 1875 1015 1929 patriam
1048 1874 1163 1915 omni
1193 1873 1464 1914 festinatione

125 1937 350 1992 properavi
380 1936 669 1990 postridieque
700 1935 744 1974 in
776 1948 939 1974 summa
970 1933 1230 1986 reliquorum
1261 1931 1464 1972 servitute

126 1997 236 2038 liber
267 2009 375 2036 unus
406 1995 479 2035 fui.
541 1993 612 2034 Sic
636 2007 729 2033 sum
755 1992 798 2032 in
824 1991 1060 2032 Antonium
1086 1991 1287 2044 invectus,
1319 1992 1366 2029 ut
1392 1989 1464 2029 isse
1489 1998 1511 2029 4

127 2069 213 2096 non
256 2055 385 2095 ferret
425 2066 676 2105 omnemque
720 2065 843 2091 suum
882 2049 1148 2091 vinulentum
1189 2049 1377 2088 furorem
1421 2047 1464 2087 in

126 2128 195 2154 me
225 2127 358 2154 unum
390 2111 623 2152 effunderet
651 2124 802 2163 meque
833 2111 925 2149 tum
957 2108 1106 2149 elicere
1137 2107 1264 2147 vellet
1295 2106 1348 2146 ad
1379 2119 1466 2146 cae-

76 2182 110 2208 35
131 2171 194 2212 dis
220 2185 399 2224 causam,
431 2173 523 2211 tum
553 2170 781 2222 temptaret
812 2166 987 2207 insidiis.
1038 2165 1172 2214 Quem
1197 2178 1275 2220 ego
1301 2166 1466 2204 ructan-

129 2233 217 2271 tem
248 2232 290 2271 et
320 2231 593 2270 nauseantem
631 2226 790 2267 conieci
826 2226 870 2266 in
903 2224 1092 2266 Caesaris
1123 2222 1343 2264 Octaviani
1379 2222 1467 2276 pla-

129 2303 215 2344 gas.
276 2287 389 2329 Puer
426 2287 538 2328 enim
576 2285 771 2341 egregius
807 2283 1064 2338 praesidium
1096 2282 1178 2323 sibi
1207 2281 1394 2335 primum
1425 2283 1468 2322 et
