1659 2552
200 102 219 141 1
226 101 282 142 56
701 99 1043 134 EPISTULARUM

193 199 281 250 tuo,
313 198 452 237 totum
484 210 550 237 me
582 195 763 249 patefeci
797 197 837 235 et
868 194 972 235 haec
997 194 1050 234 iis
1077 193 1258 249 singulis
1290 208 1412 249 saepe
1439 194 1540 250 dixi,

194 269 458 309 quacumque
490 270 533 295 re
565 268 743 308 possem,
775 268 842 293 me
874 252 954 293 tibi
987 254 1029 293 et
1060 252 1207 293 liberis
1238 253 1324 294 tuis
1355 253 1456 294 satis
1481 254 1540 295 fa-

194 328 285 354 eere
318 327 480 367 cupere,
513 313 638 366 idque
670 315 717 353 tu
750 312 802 352 ad
832 314 929 352 tuos
960 311 1089 351 velim
1121 311 1292 366 scribas,
1322 311 1425 353 haec
1450 313 1540 366 qui-

194 372 288 413 ‹lem
331 375 459 425 certe,
501 386 606 425 quae
645 371 688 411 in
731 372 941 424 potestate
978 384 1073 410 mea
1111 372 1226 423 sunt,
1267 372 1315 411 ut
1356 385 1539 426 operam,

194 431 434 483 consilium,
474 445 578 483 rem,
616 429 743 470 fidem
780 443 917 469 meam
950 428 1032 468 sibi
1064 427 1117 468 ad
1149 442 1293 469 omnes
1325 444 1390 470 res
1420 444 1539 484 para-
1575 441 1593 468 5

194 492 280 530 tam
313 491 474 542 putent.
538 487 583 529 Si
621 487 873 528 auctoritate
911 489 953 527 et
991 487 1130 542 gratia
1160 490 1328 528 tantum
1358 502 1538 543 possem,

194 551 399 601 quantum
438 548 482 587 in
515 561 561 587 ea
593 561 637 587 re
668 562 725 601 p.,
764 546 813 586 de
847 560 929 599 qua
965 545 1026 586 ita
1056 545 1234 587 meritus
1266 560 1376 601 sum,
1414 561 1538 601 posse

194 606 407 659 deberem,
451 609 498 646 tu
537 619 704 659 quoque
742 605 777 645 is
816 618 942 658 esses,
988 605 1061 658 qui
1101 604 1240 659 fuisti,
1284 619 1380 646 eum
1421 606 1537 647 omni

195 665 329 719 gradu
368 664 629 718 amplissimo
672 663 945 719 dignissimus
986 665 1079 704 tum
1120 666 1231 704 certe
1273 664 1434 705 ordinis
1473 664 1537 705 tui

193 724 315 764 facile
346 723 552 777 princeps.
615 721 708 776 Sed,
742 722 943 776 quoniam
975 721 1122 762 eodem
1153 725 1344 777 tempore
1376 723 1538 764 eadem·
1559 735 1593 760 ιο

193 796 274 836 que
301 782 349 822 de
376 796 499 822 causa
523 783 718 822 nostrum
743 783 922 835 uterque
948 780 1111 835 cecidit,
1142 781 1223 821 tibi
1251 784 1292 822 et
1317 781 1390 822 illa
1414 781 1538 836 polli-

193 854 306 894 ceor,
339 854 443 894 quae
476 854 602 894 supra
634 840 800 894 scripsi,
833 854 938 894 quae
971 842 1069 880 sunt
1101 839 1238 881 adhuc
1268 855 1373 895 mea,
1405 843 1447 881 et
1478 854 1537 895 ea,

193 913 298 953 quae
334 902 551 952 praeterea
588 898 735 939 videor
773 898 881 939 mihi
922 912 973 939 ex
1013 898 1155 952 aliqua
1193 901 1314 953 parte
1355 899 1537 940 retinere

191 961 408 1011 tamquam
441 972 491 998 ex
524 957 715 1011 reliquiis
740 957 945 1011 pristinae
971 957 1204 1012 dignitatis.
1247 956 1398 1012 Neque
1424 958 1536 999 enim

190 1017 279 1070 ipse
313 1015 476 1070 Caesar,
507 1018 555 1057 ut
585 1016 732 1056 multis
763 1016 890 1057 rebus
915 1016 1161 1071 intellegere
1185 1016 1319 1071 potui,
1351 1019 1414 1058 est
1439 1016 1536 1058 alie-
1555 1026 1590 1053 15

191 1089 270 1115 nus
308 1089 331 1115 a
367 1075 510 1129 nobis,
551 1077 593 1115 et
634 1089 779 1116 omnes
819 1076 906 1116 fere
946 1075 1267 1115 familiarissimi
1308 1075 1397 1116 eius
1437 1089 1535 1116 casu

193 1133 376 1173 devincti
413 1133 579 1189 magnis
616 1133 722 1174 meis
759 1133 976 1174 veteribus
1014 1133 1166 1175 officiis
1203 1148 1271 1174 me
1310 1133 1537 1190 diligenter

193 1192 421 1232 observant
459 1195 499 1232 et
538 1192 693 1233 colunt.
753 1191 920 1246 Itaque,
962 1192 997 1233 si
1035 1193 1107 1246 qui
1145 1192 1252 1233 mihi
1284 1193 1365 1234 erit
1396 1193 1536 1234 aditus

191 1250 241 1290 de
278 1250 364 1290 tuis
402 1250 602 1304 fortunis,
641 1251 685 1291 id
721 1253 784 1291 est
823 1251 871 1291 de
908 1254 983 1292 tua
1020 1250 1329 1305 incolumitate,
1370 1251 1414 1292 in
1453 1265 1536 1306 qua

191 1311 289 1349 sunt
330 1309 490 1362 omnia,
533 1309 703 1364 agendi,
745 1310 859 1363 quod
899 1309 1070 1363 quidem
1113 1309 1268 1350 cotidie
1308 1309 1445 1365 magis
1482 1321 1589 1351 exzo

191 1381 337 1408 eorum
374 1368 640 1408 sermonibus
678 1367 863 1408 adducor
899 1370 946 1408 ut
984 1382 1165 1422 sperem,
1206 1382 1329 1423 agam
1360 1382 1436 1422 per
1465 1382 1534 1409 me

190 1425 279 1479 ipse
306 1428 347 1465 et
370 1426 532 1466 moliar.
596 1424 774 1481 Singula
803 1426 999 1480 persequi
1025 1440 1111 1467 non
1136 1428 1199 1467 est
1223 1440 1410 1481 neeesse3
1442 1426 1534 1467 uni-

190 1498 357 1524 versum
390 1484 578 1524 studium
609 1499 750 1525 meum
783 1488 824 1525 et
855 1484 1194 1525 benevolentiam
1227 1485 1279 1525 ad
1309 1487 1351 1526 te
1378 1485 1532 1526 defero.

192 1541 275 1583 Sed
310 1543 455 1597 magni
492 1557 585 1583 mea
623 1543 799 1583 interest
835 1543 916 1583 hoc
952 1546 1050 1584 tuos
1088 1544 1225 1584 omnis
1257 1543 1380 1597 scire,
1419 1543 1533 1598 quod

189 1601 274 1640 tuis
306 1601 461 1641 litteris
492 1602 583 1642 fieri
615 1604 756 1655 potest
781 1604 828 1642 ut
854 1601 1116 1657 intellegant,
1148 1602 1289 1643 omnia
1317 1600 1532 1643 Ciceronis
1551 1613 1587 1639 25

188 1661 332 1712 patere
364 1658 586 1700 Trebiano.
647 1660 741 1700 Hoc
773 1675 821 1701 eo
853 1661 1049 1715 pertinet,
1081 1663 1129 1701 ut
1154 1661 1263 1701 nihil
1289 1660 1532 1702 existiment

190 1731 278 1758 esse
315 1720 403 1758 tam
446 1718 638 1772 difficile,
679 1719 793 1772 quod
829 1733 915 1759 non
954 1734 1033 1774 pro
1071 1722 1113 1760 te
1150 1719 1257 1760 mihi
1289 1722 1532 1774 susceptum

190 1776 420 1816 iucundum
453 1777 508 1817 sit
539 1778 742 1818 futurum.

276 1891 413 1933 Antea
451 1893 659 1935 misissem
697 1894 749 1934 ad
780 1897 821 1935 te
858 1894 1040 1949 litteras,
1081 1894 1116 1936 si
1153 1909 1288 1951 genus
1319 1894 1529 1936 scribendi

189 1951 439 2002 invenirem3
479 1952 555 1992 tali
587 1953 699 1993 enim
730 1955 921 2007 tempore
953 1956 1026 1994 aut
1058 1953 1266 1995 consolari
1297 1953 1530 1994 amicorum
1549 1961 1587 1990 ³0

189 2012 251 2049 est
291 2013 363 2050 aut
400 2010 602 2064 polliceri.
665 2010 964 2053 Consolatione
1000 2026 1087 2053 non
1123 2011 1291 2065 utebar,
1329 2011 1443 2066 quod
1479 2025 1531 2053 ex

188 2068 333 2108 multis
378 2069 621 2123 audiebam,
672 2084 799 2124 quam
848 2071 1018 2112 fortiter
1061 2071 1355 2125 sapienterque
1398 2070 1531 2111 ferres

188 2126 386 2168 iniuriam
424 2131 683 2182 temporum,
725 2143 936 2183 quamque
967 2132 1009 2170 te
1041 2129 1312 2171 vehementer
1343 2128 1531 2169 consola-

187 2187 303 2225 retur
323 2187 579 2227 conscientia
598 2188 807 2228 factorum
828 2191 870 2229 et
890 2188 1164 2229 consiliorum
1182 2189 1365 2227 tuorum.
1407 2186 1532 2236 Quod

188 2243 357 2295 quidem
390 2245 423 2284 si
457 2245 576 2299 facis,
614 2260 819 2301 magnum
855 2246 1042 2287 fructum
1079 2245 1318 2287 studiorum
1350 2246 1530 2300 optimo-
1548 2255 1582 2281 ³⁵

188 2314 281 2341 rum
323 2303 456 2356 capis,
498 2304 541 2344 in
579 2304 734 2358 quibus
771 2307 813 2345 te
851 2318 1016 2359 semper
1053 2305 1139 2346 seio
1177 2318 1266 2345 esse
1304 2306 1529 2358 versatum,
