1659 2552
156 126 238 167 182
667 122 1006 158 EPISTULARUM

151 221 313 263 Pansae
351 220 561 262 adsentari
600 219 927 272 commodumst,
966 218 1160 274 ignosco3
1198 218 1325 260 modo
1363 218 1499 260 scribe

153 280 380 335 aliquando
413 280 465 320 ad
496 294 589 334 nos,
623 278 724 333 quid
757 292 856 333 agas
889 280 929 318 et
962 292 986 317 a
1017 276 1142 317 nobis
1175 277 1278 332 quid
1308 277 1400 319 fieri
1427 279 1500 318 aut

154 339 291 380 curari
323 338 438 380 velis.

769 440 884 483 XIII.

385 524 458 559 Ser.
492 523 628 558 Romae
652 523 716 557 IV
739 522 836 557 Non.
864 521 978 556 Mart.
1012 533 1045 556 α.
1075 523 1144 556 701
1174 523 1265 565 (53).
1538 534 1554 559 5

496 605 543 639 M.
572 604 740 639 CICERO
771 603 805 639 S.
831 603 874 638 D.
901 602 1155 638 TREBATIO.

245 689 418 731 Adeone
456 703 523 729 me
564 688 770 729 iniustum
803 702 891 729 esse
923 687 1194 742 existimasti,
1232 690 1279 729 ut
1310 686 1391 728 tibi
1423 686 1501 728 ira-

157 764 304 803 scerer,
337 748 450 802 quod
481 750 630 801 parum
662 747 768 788 mihi
801 749 998 788 constans
1029 749 1072 787 et
1107 746 1289 787 nimium
1324 745 1500 800 cupidus

158 807 382 849 decedendi
415 807 620 860 viderere,
654 805 708 847 ob
741 820 916 860 eamque
949 819 1116 847 causam
1147 819 1215 846 me
1246 804 1500 846 arbitrarere

156 868 320 908 litteras
359 866 411 906 ad
447 868 488 905 te
527 865 611 905 iam
644 864 716 905 diu
746 879 832 906 non
863 864 1056 905 misisse?
1093 863 1203 905 Mihi
1232 863 1499 918 perturbatio
1521 875 1553 901 ιο

158 926 287 967 animi
313 925 388 979 tui,
415 939 541 978 quam
566 923 716 978 primis
741 923 897 964 litteris
915 922 1235 978 perspiciebam,
1261 922 1500 964 molestiam

158 984 320 1039 attulit3
350 997 486 1037 neque
519 983 600 1023 alia
626 982 713 1023 ulla
737 982 820 1023 fuit
845 996 968 1023 causa
993 981 1319 1023 intermissionis
1345 981 1500 1035 epistu-

157 1044 306 1097 larum,
336 1042 419 1082 nisi
452 1041 583 1095 quod,
615 1041 689 1082 ubi
721 1055 843 1095 esses,
873 1041 998 1095 plane
1029 1040 1278 1082 nesciebam.
1339 1039 1423 1081 Hic
1452 1042 1500 1081 tu

158 1117 225 1143 me
257 1102 385 1142 etiam
417 1100 637 1141 insimulas
673 1114 750 1141 nec
781 1099 1113 1141 satisfactionem
1147 1114 1284 1140 meam
1316 1098 1500 1153 accipis?

158 1160 283 1214 Audi,
315 1159 442 1200 Testa
471 1159 548 1200 mi:
589 1161 733 1199 utrum
771 1158 1062 1213 superbiorem
1100 1161 1142 1199 te
1178 1157 1356 1213 pecunia
1386 1157 1500 1211 facit,
1520 1168 1553 1194 15

159 1235 211 1260 an
244 1219 358 1273 quod
388 1221 430 1259 te
461 1217 693 1272 imperator
724 1217 938 1258 consulit?
993 1216 1165 1271 Moriar,
1195 1217 1257 1270 ni,
1291 1230 1396 1270 quae
1427 1218 1501 1257 tua

158 1278 296 1334 gloria
328 1279 407 1330 est,
444 1279 549 1331 puto
581 1279 622 1316 te
654 1276 779 1317 malle
811 1291 835 1316 a
867 1275 1043 1317 Caesare
1082 1275 1244 1316 consuli
1283 1289 1408 1329 quam
1440 1275 1501 1315 in-

160 1336 309 1378 aurari.
373 1334 417 1376 Si
450 1349 550 1376 vero
587 1337 815 1388 utrumque
853 1337 933 1388 est,
975 1334 1069 1388 quis
1110 1337 1152 1375 te
1189 1334 1296 1375 feret
1333 1335 1501 1388 praeter

159 1410 237 1450 me,
270 1394 343 1448 qui
376 1393 517 1434 omnia
548 1394 658 1434 ferre
689 1393 891 1447 possum?
924 1392 1006 1434 Sed
1037 1395 1084 1433 ut
1116 1392 1168 1433 ad
1200 1406 1289 1433 rem
1320 1392 1500 1446 redeam,

158 1457 200 1495 te
237 1453 333 1494 istic
370 1452 552 1493 invitum
589 1466 675 1493 non
713 1466 801 1492 esse
838 1451 1110 1492 vehementer
1139 1450 1324 1506 gaudeo,
1362 1452 1421 1503 et,
1453 1453 1500 1491 ut
1520 1461 1553 1487 20

158 1512 264 1553 illud
301 1514 391 1552 erat
427 1510 672 1565 molestum,
710 1510 770 1551 sic
800 1507 881 1551 hoc
912 1512 976 1551 est
1013 1509 1254 1550 iucundum.
1315 1508 1499 1550 Tantum

156 1574 313 1625 metuo,
344 1584 396 1610 ne
422 1568 648 1610 artificium
680 1571 801 1610 tuum
833 1568 913 1609 tibi
945 1583 1095 1623 parum
1126 1569 1280 1622 prosit3
1311 1582 1421 1623 nam,
1453 1571 1500 1609 ut

157 1629 294 1683 audio,
326 1628 421 1669 istic

215 1687 353 1729 ‘Non
385 1702 444 1728 ex
479 1686 595 1727 iure
626 1701 834 1726 manum
867 1688 1175 1740 consertum,
1214 1685 1304 1726 sed
1340 1685 1499 1740 magis

1272 1744 1421 1784 ferro
1520 1753 1553 1779 ἤ

215 1804 338 1846 Rem
372 1803 647 1857 repetunt',

157 1867 198 1905 et
224 1866 271 1904 tu
297 1863 406 1904 soles
432 1862 484 1902 ad
509 1862 596 1902 vim
623 1861 863 1902 faciundam
889 1861 1094 1916 adhiberi,
1119 1875 1255 1915 neque
1281 1862 1355 1914 est,
1386 1859 1500 1914 quod

157 1922 274 1963 illam
307 1921 598 1975 exceptionem
625 1921 667 1961 in
694 1920 920 1961 interdicto
946 1920 1235 1974 pertimescas:
1268 1919 1410 1968 ‘QUOD
1438 1929 1499 1958 TV

156 1992 297 2023 PRIOR
322 1992 370 2021 Vl
392 1990 646 2021 HOM1N1BUS
673 1990 875 2020 ARMATIS
894 1990 990 2020 NON
1009 1978 1248 2032 VENERIS'3
1274 1977 1360 2018 scio
1386 1976 1499 2018 enim

156 2043 197 2081 te
229 2054 315 2081 non
346 2053 434 2080 esse
465 2053 685 2093 procacem
711 2038 755 2079 in
779 2037 1032 2079 lacessendo.
1089 2036 1183 2090 Sed,
1214 2038 1262 2077 ut
1293 2049 1372 2091 ego
1398 2049 1499 2089 quo-
1519 2047 1552 2071 :³0

158 2113 238 2152 que
270 2101 310 2139 te
343 2097 505 2152 aliquid
535 2097 784 2138 admoneam
817 2097 866 2138 de
897 2096 1049 2137 vestris
1081 2094 1369 2147 cautionibus,
1401 2093 1500 2135 Tre-

158 2157 271 2197 viros
297 2157 404 2198 vites
431 2170 589 2197 censeo.
622 2155 764 2196 Audio
797 2154 988 2210 capitalis
1015 2169 1133 2213 esse,
1151 2153 1322 2195 mallem
1347 2153 1499 2207 ‘AERE,

158 2225 389 2269 ARGENTO,
421 2215 566 2256 Atsssso'
600 2216 748 2255 essent.
811 2212 895 2255 Sed
926 2213 1029 2255 alias
1060 2212 1306 2254 iocabimur.
1352 2210 1415 2252 Tu
1447 2210 1500 2252 ad

158 2288 224 2313 me
264 2274 313 2314 de
352 2274 444 2314 istis
482 2273 607 2314 rebus
647 2273 843 2314 omnibus
881 2272 1039 2314 scribas
1076 2271 1204 2313 velim
1243 2284 1369 2324 quam
1408 2269 1499 2310 dili-

159 2331 413 2386 gentissime.
476 2332 526 2372 D.
559 2343 626 2372 1111
657 2330 767 2372 Non.
799 2330 922 2372 Mart.
1518 2338 1552 2363 ³⁵
