1659 2552
222 81 309 122 446
727 83 1069 118 EPISTULARUM

225 192 319 218 rum
357 177 561 219 fidelitate
601 181 806 219 tueamur.
869 177 933 220 Tu
971 178 1117 233 velim,
1156 181 1204 219 ut
1235 179 1462 233 consuesti,
1493 193 1571 220 nos

225 237 411 290 apsentis
445 237 598 293 diligas
632 240 674 278 et
707 237 916 278 defendas.

859 341 934 384 IV.

391 422 466 458 Ser.
499 423 604 457 Tarsi
629 423 683 456 vel
708 433 761 457 ex.
788 434 822 457 a.
851 425 922 457 703
950 425 1027 467 (51)
1055 424 1109 458 vel
1134 424 1184 457 in.
1213 425 1283 458 704
1311 425 1402 467 (50).

498 503 545 538 M.
574 503 742 539 CICERO
775 504 871 540 IMP
900 504 933 540 S.
959 504 1002 539 D.
1029 505 1078 540 M.
1106 504 1293 539 CATONI
1608 520 1625 545 5

180 599 198 630 1
317 587 490 629 Summa
531 567 605 629 tua
642 588 873 629 auctoritas
914 588 1014 629 fecit
1054 603 1279 643 meumque
1319 591 1571 643 perpetuum

228 647 277 688 de
315 650 388 688 tua
426 647 631 702 singulari
670 647 828 688 virtute
867 647 1089 701 iudicium,
1128 650 1174 688 ut
1211 648 1354 703 magni
1387 662 1480 688 mea
1512 648 1572 688 in-

228 708 383 746 teresse
415 708 609 760 putarem
641 708 682 746 et
714 721 780 747 res
812 720 898 760 eas,
931 721 1034 760 quas
1065 706 1306 762 gessissem
1338 706 1419 747 tibi
1449 709 1571 747 notas

228 779 316 805 esse
349 767 389 805 et
421 779 507 805 non
532 765 722 821 ignorari
748 780 771 805 a
797 767 856 820 te,
888 779 970 819 qua
1002 765 1213 819 aequitate
1240 768 1281 806 et
1313 765 1573 807 continentia

228 826 369 864 tuerer
410 823 546 864 socios
586 823 933 877 provinciamque
975 824 1301 865 administarem.
1362 822 1420 865 Iis
1459 824 1572 864 enim
1592 838 1627 862 10

228 898 251 922 a
282 885 324 923 te
357 882 539 938 cognitis
571 882 810 923 arbitrabar
841 882 1007 923 facilius
1038 898 1105 924 me
1137 883 1238 938 tibi,
1271 897 1376 937 quae
1408 882 1571 936 vellem,

227 941 519 995 probaturum.

319 998 426 1041 Cum
451 1000 495 1040 in
520 1000 784 1054 provinciam
809 1015 870 1054 pr.
892 999 942 1040 K.
964 998 1076 1041 Sext.
1097 1000 1305 1041 venissem
1332 1002 1373 1041 et
1398 1002 1573 1054 propter

228 1058 327 1098 anni
365 1061 533 1113 tempus
574 1059 626 1099 ad
664 1059 896 1099 exercitum
933 1059 1041 1100 mihi
1083 1059 1304 1100 confestim
1346 1073 1433 1100 esse
1475 1073 1572 1099 eun-

229 1117 328 1158 dum
360 1117 559 1171 viderem,
591 1117 769 1158 biduum
800 1117 1023 1158 Laodiciae
1055 1118 1138 1172 fui,
1179 1117 1328 1158 deinde
1359 1116 1571 1171 Apameae
1592 1130 1626 1156 15

229 1176 523 1231 quadriduum,
549 1176 738 1217 triduum
766 1175 986 1231 Synnadis,
1013 1176 1192 1217 totidem
1220 1176 1307 1216 dies
1332 1175 1570 1217 Philomeli.

228 1234 392 1283 Quibus
417 1235 461 1275 in
488 1235 654 1289 oppidis
681 1249 776 1276 cum
807 1235 951 1290 magni
984 1238 1214 1276 conventus
1246 1235 1436 1288 fuissent,
1466 1234 1572 1275 mul-

227 1297 292 1333 tas
324 1293 517 1343 civitates
548 1293 831 1334 acerbissimis
861 1294 1036 1345 tributis
1068 1296 1109 1334 et
1139 1293 1402 1348 gravissimis
1434 1293 1571 1334 usuris

229 1355 270 1392 et
302 1352 408 1393 falso
441 1366 535 1392 aere
567 1352 704 1393 alieno
742 1352 930 1392 liberavi.
994 1351 1184 1405 Cumque
1216 1354 1312 1392 ante
1344 1351 1570 1392 adventum

227 1424 369 1451 meum
396 1411 603 1451 seditione
623 1410 804 1464 quadam
823 1410 1032 1451 exercitus
1059 1413 1167 1451 esset
1188 1410 1424 1464 dissipatus,
1451 1410 1570 1464 quin·
1591 1424 1625 1448 20

228 1483 309 1522 que
341 1469 537 1510 cohortes
574 1469 663 1509 sine
701 1469 859 1524 legato,
891 1469 980 1509 sine
1012 1469 1185 1509 tribuno
1217 1469 1421 1522 militum,
1460 1469 1572 1509 deni—

229 1541 309 1581 que
342 1528 469 1568 etiam
501 1527 590 1568 sine
623 1527 867 1568 centurione
900 1527 987 1568 ullo
1014 1527 1124 1581 apud
1149 1527 1450 1568 Philomelium
1477 1541 1572 1568 con-

228 1586 456 1639 sedissent,
507 1586 695 1640 reliquus
740 1586 947 1626 exercitus
992 1589 1100 1627 esset
1144 1586 1187 1626 in
1230 1585 1465 1640 Lycaonia,
1514 1585 1570 1626 M.

227 1644 394 1685 Anneio
431 1645 573 1699 legato
612 1645 834 1699 imperavi,
873 1647 920 1685 ut
958 1659 1026 1685 eas
1064 1645 1250 1699 quinque
1288 1644 1483 1686 cohortes
1519 1644 1572 1685 ad

229 1703 439 1757 reliquum
472 1704 704 1744 exercitum
737 1703 906 1744 duceret
933 1706 1161 1757 coactoque
1193 1704 1237 1744 in
1268 1718 1399 1744 unum
1430 1703 1570 1744 locum
1591 1716 1624 1741 ‘25

181 1773 200 1802 3
229 1762 416 1803 exercitu
437 1765 573 1803 castra
598 1763 642 1802 in
662 1762 875 1816 Lycaonia
901 1762 1012 1816 apud
1030 1761 1221 1803 Iconium
1242 1762 1408 1803 faceret.
1450 1760 1572 1810 Quod

229 1835 322 1861 cum
367 1821 419 1862 ab
464 1821 538 1862 illo
584 1821 810 1876 diligenter
854 1824 962 1862 esset
1004 1822 1181 1876 factum,
1226 1835 1304 1876 ego
1348 1821 1392 1861 in
1436 1823 1572 1861 castra

227 1894 260 1920 a.
295 1879 331 1920 d.
364 1892 429 1920 VII
459 1879 509 1920 K.
544 1879 656 1934 Sept.
690 1880 803 1933 veni,
841 1893 936 1920 oum
975 1879 1135 1920 interea
1167 1879 1456 1933 superioribus
1489 1878 1571 1919 die-

227 1938 306 1978 bus
339 1953 388 1979 ex
421 1953 450 1979 s,
484 1952 515 1979 c.
549 1941 590 1979 et
622 1941 892 1979 evocatorum
930 1938 1098 1979 firmam
1134 1952 1306 1978 manum
1339 1939 1381 1978 et
1411 1937 1569 1990 equita-

227 2000 317 2037 tum
351 2011 448 2037 sane
481 1997 679 2037 idoneum
713 2000 753 2037 et
787 1996 1043 2051 populorum
1074 1997 1306 2037 liberorum
1338 2010 1569 2050 regumque
1589 2008 1623 2032 30

227 2055 438 2096 sociorum
482 2056 640 2096 auxilia
676 2055 917 2096 voluntaria
957 2056 1319 2109 comparavissem.
1380 2053 1569 2108 Interim,

227 2128 322 2154 cum
348 2114 534 2154 exercitu
561 2114 741 2155 lustrato
767 2114 849 2154 iter
874 2114 917 2153 in
945 2113 1136 2154 Ciliciam
1169 2114 1303 2154 facere
1329 2112 1570 2166 coepissem,

227 2172 277 2212 Κ.
312 2171 425 2226 Sept.
464 2173 594 2228 legati
627 2187 650 2213 a
682 2187 780 2228 rege
814 2171 1100 2228 Commageno
1139 2172 1191 2212 ad
1226 2185 1293 2212 me
1330 2171 1448 2211 missi
1478 2185 1570 2225 per-

227 2231 487 2272 tumultuose
526 2245 661 2285 neque
693 2233 834 2272 tamen
867 2245 952 2271 non
984 2245 1079 2271 vere
1112 2230 1292 2270 Parthos
1327 2229 1369 2269 in
1403 2228 1570 2282 Syriam

180 2300 199 2327 4
226 2289 426 2330 transisse
446 2289 769 2344 nuntiaverunt3
791 2303 873 2343 quo
895 2289 1039 2330 audito
1060 2289 1330 2329 vehementer
1348 2302 1441 2328 sum
1462 2293 1571 2328 com'-
1589 2298 1623 2324 3⁵

181 1012 200 1040 [C
