1659 2552
617 99 760 134 LIBER
785 100 852 134 VH
877 103 979 134 5—7.
1387 100 1468 139 177

129 194 309 251 ineptias
340 196 442 237 istas
475 198 516 237 et
549 195 755 237 desideria
792 195 910 237 urbis
942 197 984 236 et
1021 193 1276 235 urbanitatis
1309 194 1469 248 depone

130 258 188 309 et,
221 269 304 310 quo
337 255 513 296 consilio
545 254 760 309 profectus
793 269 855 309 es,
886 253 931 294 id
961 253 1207 294 assiduitate
1240 255 1281 293 et
1311 253 1469 294 virtute

129 328 394 368 consequere.
443 313 538 354 Hoc
563 312 644 354 tibi
668 315 756 354 tam
781 313 1048 369 ignoscemus
1073 326 1150 353 nos
1176 311 1312 365 amici,
1344 326 1470 365 quam

130 373 386 429 ignoverunt
416 371 606 427 Medeae,

94 477 110 502 ⁵
190 466 342 516 ‘Quae
376 465 677 507 Corinthum
709 479 870 505 arcem
902 464 1054 505 altam
1085 463 1341 504 habebant
1373 464 1470 504 ma-

542 527 719 565 tronae
752 523 1038 578 opulentae,
1072 522 1388 577 optimates',

131 606 285 660 quibus
329 606 402 647 illa
444 606 641 647 manibus
683 605 994 661 gypsatissimis
1029 604 1256 659 persuasit,
1299 618 1351 644 ne
1389 604 1470 644 sibi

130 666 236 706 vitio
268 665 364 706 illae
396 667 621 719 verterent,
654 664 767 718 quod
798 664 962 705 abesset
993 679 1016 704 a
1046 664 1200 718 patria3
1231 677 1330 703 nam

191 758 360 800 ‘Multi
403 773 538 799 suam
579 772 680 799 rem
721 758 844 798 bene
887 772 1086 813 gessere
1128 759 1176 798 et
1215 756 1467 811 publicam

79 829 112 853 10
906 829 915 841 ’
989 816 1156 870 patria
1187 815 1382 869 procul3

188 875 356 930 Multi,
395 875 479 930 qui
519 875 650 916 domi
689 876 905 915 aetatem
937 877 1163 930 agerent,
1199 874 1471 928 propterea

927 936 1040 974 sunt
1072 932 1381 987 improbati'.

131 1016 223 1066 Quo
255 1016 300 1056 in
330 1030 507 1057 numero
538 1018 587 1056 tu
614 1017 724 1056 certe
756 1015 918 1069 fuisses,
949 1014 1031 1055 nisi
1062 1017 1104 1055 te
1137 1014 1470 1055 extrusissemus

131 1075 214 1116 Sed
248 1075 372 1129 plura
408 1075 640 1115 scribemus
678 1074 791 1114 alias
842 1048 918 1128 Tu:
951 1074 1023 1127 qui
1055 1073 1204 1113 ceteris
1237 1086 1381 1114 cavere
1414 1072 1472 1112 (1.1-

79 1144 112 1169 15
133 1134 293 1188 dicisti,
324 1134 369 1174 in
400 1133 622 1174 Britannia
652 1147 704 1173 ne
730 1132 782 1173 ab
810 1107 1029 1173 essedariis
1061 1131 1294 1185 decipiaris,
1326 1133 1471 1171 caveto

132 1195 173 1233 et
213 1190 434 1292 (iquom'am
469 1191 662 1233 Medeam
700 1191 819 1245 coepi
860 1189 1002 1246 agere)
1043 1190 1150 1230 illud
1190 1203 1354 1244 semper
1389 1204 1473 1230 me-

131 1265 228 1292 men
252 1265 295 1292 o:

191 1332 304 1382 ‘Qui
352 1331 459 1387 ipse
509 1332 608 1373 sibi
658 1331 856 1385 sapiens
905 1330 1143 1385 prodesse
1192 1330 1290 1370 non
1346 1329 1472 1383 quit,

876 1389 1180 1443 nequiquam
1217 1387 1384 1442 sapit'.

79 1484 112 1510 20
134 1472 264 1528 Cura,
298 1474 346 1514 ut
378 1473 527 1514 valeas.

753 1576 848 1618 VH.

400 1657 473 1692 Ser.
506 1657 642 1692 Romae
667 1668 720 1692 ex.
746 1669 791 1692 m.
822 1657 908 1692 Iun,
940 1668 972 1691 a.
1009 1658 1080 1690 700
1115 1658 1204 1699 (54).

579 1737 747 1772 CICERO
774 1737 1026 1772 TREBATIO.

223 1833 316 1889 Ego
354 1835 396 1874 te
433 1833 725 1874 commendare
761 1847 848 1874 non
880 1832 1054 1886 desisto,
1086 1832 1176 1886 sed,
1215 1831 1317 1885 quid
1347 1832 1473 1885 profi-

82 1904 115 1930 25
135 1892 262 1946 ciam,
303 1906 354 1932 ex
394 1894 435 1932 te
476 1892 580 1932 scire
621 1891 756 1945 cupio.
818 1889 945 1944 Spem
984 1890 1213 1931 maximam
1252 1890 1388 1930 habeo
1429 1890 1472 1930 in

133 1950 289 2004 Balbo,
335 1950 387 1990 ad
430 1964 554 2004 quem
599 1949 648 1990 de
691 1952 733 1990 te
781 1949 1103 2004 diligentissime
1147 1951 1188 1989 et
1231 1948 1472 2002 saepissime

135 2009 284 2050 scribo.
321 2007 435 2049 Illud
459 2008 573 2049 soleo
599 2007 756 2061 mirari,
781 2021 867 2048 non
892 2021 958 2048 me
984 2007 1142 2048 totiens
1167 2007 1353 2060 accipere
1379 2009 1473 2047 tuas

133 2068 309 2121 litteras,
342 2067 537 2121 quotiens
570 2082 592 2107 a
625 2066 782 2115 Quinto
813 2065 919 2106 mihi
951 2066 1081 2106 fratre
1114 2065 1367 2106 adferantur.
1423 2063 1474 2105 In

134 2126 355 2167 Britannia
403 2125 512 2166 nihil
561 2139 648 2165 esse
705 2124 828 2165 audio
883 2138 1018 2177 neque
1075 2123 1166 2164 auri
1219 2137 1356 2177 neque
1412 2138 1474 2164 ar-

82 2197 116 2222 so
134 2185 262 2241 genti.
322 2183 373 2224 Id
410 2185 445 2225 si
482 2185 600 2238 itast,
645 2183 834 2224 essedum
866 2182 1039 2236 aliquod
1070 2182 1208 2236 capias
1243 2181 1396 2222 suadeo
1432 2184 1473 2222 et

135 2244 188 2284 ad
223 2257 300 2284 nos
338 2257 464 2297 quam
500 2242 686 2296 primum
722 2255 921 2282 recurras.
983 2240 1058 2281 Sin
1090 2242 1230 2281 autem
1262 2240 1349 2281 sine
1380 2239 1472 2280 Bri-

135 2302 279 2343 tannia
303 2303 445 2342 tamen
466 2301 650 2356 adsequi,
677 2300 791 2355 quod
809 2300 1016 2354 volumus,
1042 2313 1275 2354 possumus,
1307 2299 1472 2354 perfice,

207 2376 359 2403 Ciceronis
381 2377 466 2408 epist.
495 2377 519 2402 Ι.
1194 2370 1234 2401 12

1497 1024 1517 1054 [Θ

1498 2252 1518 2273 ς)

1500 2272 1517 2282 ..ι
