1659 2552
642 80 785 115 LIBER
809 80 860 115 III
885 84 916 115 8.
1392 80 1445 120 67

110 193 247 233 quam,
278 177 350 219 sed
381 191 466 218 non
498 176 618 218 valde
649 176 839 231 repressi.
902 174 947 217 Si
980 175 1073 229 quis
1105 177 1179 229 est,
1215 175 1287 229 qui
1319 175 1449 216 nemi-

109 251 205 278 nem
249 236 360 277 bona
402 236 484 277 fide
525 236 568 276 in
611 236 793 291 gratiam
833 237 953 289 putet
998 234 1133 275 redire
1176 248 1319 288 posse,
1362 248 1449 275 non

109 298 297 337 nostram
322 295 358 336 is
383 294 603 349 perfidiam
630 294 832 350 coarguit,
864 293 937 334 sed
961 293 1119 333 indicat
1145 307 1274 346 suam,
1307 293 1449 333 simul-

111 369 190 409 que
230 368 315 395 non
357 354 405 394 de
442 367 509 393 me
548 354 582 393 is
619 353 738 407 peius
777 367 902 407 quam
941 351 990 392 de
1027 354 1069 392 te
1111 351 1342 406 existimat,
1384 351 1448 391 sin

75 426 91 452 5
111 416 250 454 autem
288 427 412 466 quem
450 426 543 452 mea
575 412 770 452 instituta
800 412 844 452 in
874 410 1093 465 provincia
1122 425 1209 451 non
1241 410 1450 451 delectant

111 475 152 513 et
177 471 357 526 quadam
385 470 728 511 dissimilitudine
754 470 1047 510 institutorum
1067 483 1259 510 meorum
1286 483 1333 509 ac
1358 471 1449 509 1110-

110 546 204 572 rum
235 530 343 571 laedi
376 544 418 570 se
449 532 583 583 putat,
615 544 709 570 cum
735 532 911 583 uterque
935 530 1128 569 nostrum
1154 530 1266 569 recte
1291 527 1450 582 fecerit,

111 590 183 630 sed
219 604 304 630 non
341 588 453 629 idem
490 591 667 642 uterque
706 591 872 628 secutus
904 587 975 641 sit,
1012 587 1125 627 hunc
1157 601 1235 642 ego
1268 586 1450 627 amicum

110 648 266 689 habere
285 662 370 689 non
390 661 501 688 curo.
544 646 797 687 Liberalitas
822 649 896 687 tua
920 648 967 686 ut
991 645 1176 686 hominis
1194 645 1450 686 nobilissimi

59 720 92 745 10
110 707 238 748 latius
268 707 313 747 in
343 705 561 760 provincia
591 706 747 760 patuit3
778 708 923 746 nostra
955 704 989 745 si
1015 704 1235 760 angustior
1265 708 1322 746 est
1352 702 1451 759 (etsi

113 766 162 807 de
188 768 261 806 tua
286 765 452 819 prolixa
478 765 748 818 beneficaque
773 767 925 805 natura
943 763 1108 804 limavit
1128 763 1289 817 aliquid
1312 765 1451 817 poste-

112 825 199 866 rior
225 838 358 864 annus
382 826 557 878 propter
582 823 792 877 quandam
817 822 1037 863 tristitiam
1062 820 1334 878 temporum),
1365 836 1451 862 non

114 883 269 924 debent
299 883 445 923 mirari
476 882 681 937 homines,
714 896 809 922 cum
841 884 882 922 et
913 884 1064 921 natura
1095 895 1259 934 semper
1290 881 1343 921 ad
1372 880 1452 921 lar-

112 942 313 998 giendum
354 956 405 982 ex
445 941 582 982 alieno
623 941 776 982 fuerim
820 940 1054 981 restrictior
1094 941 1136 980 et
1174 939 1451 994 temporibus,

60 1013 93 1039 15
114 1001 268 1056 quibus
307 1000 378 1040 alii
415 1002 657 1053 moventur,
699 999 831 1040 isdem
864 1013 942 1054 ego
979 1012 1170 1052 movear,
1212 998 1304 1039 eme
1346 1012 1451 1039 esse

114 1059 345 1101 acerbum
378 1058 493 1112 sibi,
525 1061 579 1099 ut
611 1058 702 1099 sim
736 1057 897 1098 dulcis
929 1057 1085 1097 mihi’.

200 1117 263 1159 De
296 1117 421 1158 rebus
452 1117 625 1158 urbanis
658 1117 771 1170 quod
801 1130 868 1156 me
907 1116 1129 1156 certiorem
1161 1115 1316 1168 fecisti,
1357 1129 1450 1155 cum

112 1191 187 1231 per
229 1191 271 1217 se
310 1176 417 1217 mihi
454 1179 623 1231 gratum
661 1175 763 1230 fuit,
804 1177 895 1215 tum
934 1175 1048 1228 quod
1085 1174 1334 1229 significasti
1371 1173 1452 1214 tibi

114 1235 255 1277 omnia
285 1249 379 1275 mea
408 1234 606 1275 mandata
637 1248 760 1275 curae
785 1234 885 1275 fore.
934 1232 985 1273 In
1011 1232 1165 1287 quibus
1190 1247 1322 1273 unum
1347 1232 1454 1273 illud

62 1308 96 1333 20
114 1297 156 1335 te
188 1294 411 1348 praecipue
448 1308 552 1349 rogo
585 1295 632 1334 ut
664 1307 799 1346 cures,
836 1306 888 1332 ne
921 1291 1023 1346 quid
1053 1291 1159 1331 mihi
1191 1291 1243 1331 ad
1273 1291 1355 1331 hoc
1384 1305 1453 1331 110-

115 1353 223 1409 gotii
255 1355 328 1393 aut
360 1352 498 1393 oneris
530 1352 698 1393 accedat
730 1354 801 1392 aut
832 1350 1048 1405 temporiS,
1079 1349 1454 1403 Hortensiumque,

114 1414 306 1453 nostrum
333 1411 551 1466 conlegam
577 1413 618 1451 et
643 1410 906 1463 familiarem,
938 1423 1072 1465 roges,
1104 1411 1163 1463 ut,
1196 1409 1230 1449 si
1252 1423 1454 1462 umquam

114 1485 208 1511 mea
239 1484 361 1511 causa
393 1470 617 1523 quicquam
649 1472 721 1509 aut
754 1468 882 1509 sensit
914 1470 986 1508 aut
1018 1467 1129 1521 fecit,
1163 1467 1212 1508 de
1242 1467 1322 1508 hac
1354 1481 1455 1521 quo-

116 1543 196 1583 que
228 1529 436 1569 sententia
466 1528 581 1569 bima
613 1528 795 1582 decedat,
827 1542 910 1581 qua
935 1526 1041 1567 mihi
1066 1526 1175 1566 nihil
1198 1528 1340 1580 potest
1366 1540 1455 1566 esse

64 1600 96 1625 25
117 1601 338 1628 inimicius.

204 1645 268 1686 De
298 1645 455 1686 nostris
486 1645 611 1685 rebus
637 1644 750 1698 quod
776 1644 880 1684 scire
905 1644 981 1698 vis,
1013 1643 1143 1684 Tarso
1168 1642 1306 1685 Nonis
1332 1641 1455 1684 Octo-

117 1704 265 1745 bribus
302 1703 514 1743 Amanum
553 1717 698 1744 versus
738 1702 918 1757 profecti
958 1716 1119 1757 sumus3
1162 1702 1266 1742 haec
1306 1702 1456 1756 scripsi

116 1761 321 1817 postridie
348 1762 436 1802 eius
462 1762 556 1815 diei,
582 1776 676 1802 cum
703 1764 838 1802 castra
861 1761 1062 1801 haberem
1087 1761 1132 1801 in
1158 1775 1260 1816 agro
1286 1760 1457 1814 Mopsu—

116 1821 287 1862 hestiae.
345 1819 389 1860 Si
429 1820 530 1873 quid
567 1834 709 1875 egero,
747 1820 927 1860 scribam
959 1819 1012 1859 ad
1042 1821 1084 1860 te
1116 1833 1252 1872 neque
1285 1819 1457 1859 domum

66 1893 99 1918 30
118 1894 319 1934 umquam
357 1878 409 1919 ad
444 1892 510 1918 me
546 1878 710 1918 litteras
747 1878 932 1931 mittam,
971 1877 1074 1931 quin
1112 1877 1348 1931 adiungam·
1376 1891 1456 1930 eaS,

119 1953 222 1993 quas
252 1937 333 1979 tibi
364 1937 481 1977 reddi
507 1936 644 1977 velim.
677 1936 741 1976 De
771 1935 941 1976 Parthis
973 1936 1086 1989 quod
1118 1936 1295 1989 quaeris,
1327 1935 1457 1975 fuisse

118 1997 257 2038 nullos
287 1998 410 2050 puto,
441 1995 603 2035 Arabes
636 1995 707 2048 qui
739 1994 910 2034 fuerunt
941 1994 1129 2034 admixto
1160 1993 1360 2034 Parthico
1393 2007 1457 2033 or-

118 2058 232 2109 natu,
265 2055 462 2095 dicuntur
494 2067 637 2094 omnes
669 2052 908 2106 revertisse3
938 2051 1105 2092 hostem
1138 2065 1226 2092 esse
1257 2052 1301 2092 in
1334 2050 1457 2105 Syria

118 2116 275 2169 negant
307 2113 451 2154 ullum.
484 2111 548 2152 Tu
579 2111 705 2152 velim
739 2111 791 2151 ad
821 2124 887 2151 me
920 2125 1046 2163 quam
1072 2110 1314 2164 saepissime
1340 2112 1381 2150 et
1408 2110 1457 2151 de

68 2183 101 2209 35
120 2173 205 2213 tuis
230 2171 356 2213 rebus
387 2171 545 2211 scribas
577 2173 618 2211 et
651 2170 700 2210 de
731 2169 836 2210 meis
868 2171 909 2209 et
942 2168 991 2209 de
1024 2168 1138 2209 omni
1171 2168 1231 2208 rei
1261 2168 1456 2222 publicae

121 2233 250 2285 statu,
289 2230 337 2270 de
377 2244 459 2283 quo
498 2244 590 2270 sum
628 2228 833 2269 sollicitus
870 2241 918 2268 eo
956 2227 1107 2282 magiS,
1147 2227 1260 2280 quod
1291 2241 1342 2267 ex
1372 2227 1457 2267 tuis

119 2289 274 2330 litteris
294 2288 473 2343 cognovi
485 2287 734 2341 Pompeium
754 2288 946 2327 nostrum
965 2285 1009 2325 in
1023 2285 1272 2339 Hispaniam
1285 2285 1456 2326 iturum.

1175 2354 1220 2387 5*

1483 1654 1525 1684 10
