1659 2552
327 88 368 130 Q.
391 88 473 124 CIC.
494 87 557 122 DE
579 87 730 123 PETIT.
752 87 817 121 AD
839 87 886 122 M.
908 86 1079 122 FRATR.
1101 91 1250 122 51—58.
1372 87 1455 127 577

197 185 293 239 Fac,
325 187 373 226 ut
405 198 448 226 se
479 184 554 226 abs
586 186 628 225 te
661 183 865 225 custodiri
897 185 1023 237 atque
1057 183 1272 224 observari
1305 182 1457 238 sciant,

111 259 207 286 cum
246 243 512 300 diligentiam
550 246 686 298 tuam,
727 257 822 283 cum
859 242 1157 283 auctoritatem
1194 243 1365 295 vimque
1399 242 1458 282 di-

113 303 233 345 cendi
270 305 363 344 tum
400 302 592 357 profecto
631 301 838 356 equestris
871 301 1031 342 ordinis
1063 315 1163 356 erga
1194 303 1235 342 te
1268 301 1456 341 studium

111 362 422 418 pertimescent.
482 360 626 415 Atque
656 360 760 402 haec
798 361 858 401 ita
888 360 985 402 volo
1018 363 1059 400 te
1091 360 1176 400 illis
1207 374 1456 414 proponere,

77 434 93 459 5
112 435 194 463 ozon
224 423 272 462 ut
303 420 471 462 videare
503 419 814 461 accusationem
845 419 930 460 iam
960 419 1169 473 meditari,
1201 419 1274 459 sed
1304 421 1351 459 ut
1376 418 1458 459 hoc

112 483 273 521 terrore
305 479 472 520 facilius
501 478 584 520 hoc
615 478 765 533 ipsum,
798 478 913 533 quod
943 478 1045 534 agis,
1078 492 1344 532 consequare.
1400 477 1457 517 Et

111 539 236 594 plane
267 538 327 579 sic
359 538 564 579 contende
602 537 799 578 omnibus
837 537 978 578 nervis
1009 551 1056 578 ac
1087 537 1378 591 facultatibus,
1410 538 1457 577 ut

113 597 413 652 adipiscamur,
446 597 559 651 quod
589 596 784 651 petimus.
846 595 984 637 Video
1015 596 1133 637 nulla
1164 610 1252 637 esse
1285 595 1458 637 comitia

113 659 201 697 tam
241 656 463 710 inquinata
502 655 752 711 largitione,
797 647 952 709 quibus
991 669 1077 696 non
1116 655 1251 710 gratis
1291 655 1456 708 aliquae

63 728 95 752 10
116 715 328 756 centuriae
348 714 594 756 renuntient
614 729 711 755 suos
731 728 987 769 magnopere
1007 713 1274 755 necessarios.
1308 712 1458 768 Quare,
1485 735 1491 751 ι

115 775 150 815 si
182 774 462 829 advigilamus
493 788 570 828 pro
603 773 664 814 rei
691 773 910 829 dignitate,
943 775 984 813 et
1010 773 1045 814 si
1075 775 1244 814 nostros
1271 773 1324 813 ad
1348 787 1457 814 sum-

114 848 232 874 mum
263 833 451 873 studium
485 832 742 887 [benivolos]
777 832 1025 886 excitamus,
1067 834 1108 872 et
1140 831 1175 872 si
1211 831 1458 872 hominibus

115 891 316 932 studiosis
369 891 689 947 [gratiosisque]
743 891 878 932 nostri
931 905 1054 931 suum
1104 890 1254 944 cuique
1304 905 1458 931 munus

117 950 397 1004 discribimus,
429 953 471 991 et
497 950 531 990 si
558 950 908 1004 competitoribus
934 949 1138 990 iudicium
1169 950 1458 1003 proponimus,

65 1020 98 1045 15
116 1009 405 1063 sequestribus
435 1011 596 1049 metum
634 1009 846 1063 inicimus,
887 1008 1090 1049 divisores
1121 1008 1285 1049 ratione
1317 1008 1459 1062 aliqua

117 1071 368 1168 ἓᾳῗωθῑίωῗ,
398 1067 544 1122 perfici
575 1069 734 1122 potest,
766 1070 813 1108 ut
843 1067 1016 1122 largitio
1054 1067 1170 1108 nulla
1208 1067 1263 1108 sit
1294 1070 1367 1108 aut
1397 1066 1459 1108 ni-

150 1141 164 1167 1
212 1141 263 1167 va
283 1140 330 1167 ea
353 1161 360 1167 .

204 1184 321 1226 Haec
352 1187 461 1239 sunt,
493 1199 599 1238 quae
630 1184 777 1239 putavi
801 1199 888 1225 non
918 1184 1069 1225 melius
1100 1184 1206 1226 scire
1237 1199 1304 1226 me
1331 1199 1458 1239 quam
1486 1198 1502 1220 ὃ

118 1246 172 1297 te,
204 1244 276 1284 sed
306 1244 472 1284 facilius
502 1244 569 1284 his
600 1244 684 1285 tuis
714 1243 1062 1297 occupationibus
1095 1244 1294 1300 colligere
1325 1252 1477 1285 unum·

67 1314 99 1338 20
119 1302 163 1342 in
193 1303 334 1343 locum
364 1317 487 1356 posse
513 1305 554 1343 et
580 1302 633 1343 ad
663 1305 705 1343 te
735 1302 969 1356 perscripta
993 1302 1174 1344 mittere.
1213 1302 1328 1352 Quae
1353 1306 1458 1344 tam-

119 1361 198 1402 etsi
234 1361 296 1401 ita
333 1364 431 1402 sunt
468 1361 642 1415 scripta,
679 1363 727 1402 ut
758 1375 844 1401 non
881 1361 933 1401 ad
965 1375 1127 1415 omnes,
1166 1362 1239 1416 qui
1275 1362 1458 1403 honores

118 1422 276 1474 petant,
308 1420 381 1460 sed
412 1420 464 1460 ad
494 1422 536 1461 te
566 1420 738 1474 proprie
764 1422 806 1460 et
837 1420 889 1460 ad
919 1420 1029 1460 hanc
1059 1421 1310 1474 petitionem
1341 1423 1458 1462 tuam

119 1478 303 1532 valeant,
339 1481 482 1519 tamen
511 1481 579 1532 tu,
621 1479 655 1519 si
693 1478 796 1533 quid
831 1479 1082 1519 mut-andum
1119 1494 1208 1521 esse
1244 1480 1459 1521 videbitur

121 1539 194 1576 aut
231 1537 402 1578 omnino
439 1537 691 1592 tollendum,
732 1540 804 1578 aut
841 1538 876 1578 si
914 1538 1017 1592 quid
1053 1538 1133 1579 erit
1170 1539 1458 1592 praeteritum.

68 1605 102 1631 25
121 1595 249 1635 velim
279 1594 361 1635 hoc
390 1595 497 1635 mihi
529 1595 658 1650 dicas3
690 1596 787 1636 volo
814 1596 927 1636 enim
958 1596 1038 1636 hoc
1064 1598 1454 1638 commentariolum

121 1653 341 1708 petitionis
371 1653 520 1694 haberi
552 1654 667 1694 omni
699 1654 862 1695 ratione
893 1655 1138 1709 perfectum.

197 2369 351 2395 Ciceronis
372 2369 458 2400 epist.
477 2371 499 2395 I.
1185 2357 1227 2389 37

1483 370 1524 401 56
