1659 2552
133 858 154 888 10

140 2264 155 2294 1

179 104 264 146 358
689 104 1029 139 EPISTULARUM

774 245 929 287 XXIV.

392 327 466 363 Ser.
494 327 630 362 Romae
655 327 737 361 circ.
764 326 830 360 IX
854 326 901 361 K.
931 326 1036 362 Febr.
1064 339 1096 362 a.
1125 330 1194 362 711
1222 330 1312 372 (43).

559 409 612 444 CI
611 409 715 443 CER
721 408 750 443 O
777 408 1087 444 CORNIFICIO
1113 409 1147 444 S.

267 492 362 548 Ego
395 492 559 533 nullum
590 492 730 532 locum
771 493 1066 546 praetermitto
1099 492 1195 549 (nec
1227 493 1340 534 enim
1373 491 1525 548 debeo)

178 566 265 592 non
301 552 427 592 modo
466 551 664 591 laudandi
703 551 783 605 tui,
821 551 893 592 sed
929 566 982 593 ne
1015 552 1192 593 ornandi
1226 552 1414 607 quidem3
1453 551 1527 593 sed
1563 563 1580 590 5

179 626 272 652 mea
305 611 444 651 studia
475 625 575 665 erga
607 612 648 650 te
681 612 722 651 et
749 610 889 651 officia
920 611 1032 652 malo
1065 611 1146 651 tibi
1179 625 1229 652 ex
1260 613 1433 652 tuorum
1458 610 1526 651 lit-

179 670 282 709 teris
320 684 446 723 quam
484 684 535 709 ex
572 669 677 709 meis
716 683 803 710 esse
841 671 952 710 nota.
1015 669 1074 710 Te
1106 672 1249 710 tamen
1279 669 1448 723 hortor,
1479 671 1527 710 ut

182 728 297 768 omni
337 742 435 768 cura
472 727 637 768 in-rem
669 743 707 781 p.
741 728 971 769 incumbas,
1034 727 1127 769 Hoc
1159 731 1223 769 est
1261 728 1409 781 animi,
1446 727 1529 769 hoc

182 790 244 827 est
276 786 437 842 ingenii
469 786 550 841 tui,
581 786 663 827 hoc
689 786 778 827 eius
804 787 905 841 spei,
938 801 1065 841 quam
1090 787 1246 828 habere
1274 786 1411 841 debes,
1443 801 1528 828 am-

180 845 430 900 plificandae
463 845 684 901 dignitatis
715 847 823 886 tuae.
886 844 969 886 Sed
999 846 1077 886 1166
1110 846 1159 886 de
1191 860 1235 886 re
1267 845 1371 886 alias
1403 844 1455 886 ad
1486 848 1528 886 te
1549 858 1582 883 10

181 904 386 958 pluribus.
450 902 558 945 Cum
589 903 702 945 enim
733 904 836 945 11666
867 904 1122 959 scribebam,
1160 904 1203 945 in
1237 904 1528 958 expectatione

182 966 302 1004 erant
340 962 500 1018 omnia3
539 963 727 1003 nondum
765 963 896 1018 legati
939 963 1170 1018 redierant,
1215 977 1321 1017 quos
1358 965 1528 1004 senatus

180 1036 267 1062 non
311 1022 365 1062 ad
406 1035 554 1076 pacem
603 1022 927 1076 deprecandam,
977 1022 1050 1063 sed
1093 1022 1145 1062 ad
1195 1021 1529 1062 denuntiandum

181 1081 342 1121 bellum
373 1081 559 1134 miserat,
590 1080 672 1121 nisi
704 1081 943 1135 legatorum
969 1081 1120 1122 nuntio
1151 1080 1371 1134 paruisset.
1433 1079 1528 1136 Ego

181 1142 336 1194 tamen,
367 1142 415 1180 ut
439 1140 626 1193 primum
653 1139 816 1180 occasio
849 1140 946 1180 data
977 1143 1051 1194 est,
1082 1154 1177 1180 meo
1203 1139 1385 1193 pristino
1411 1153 1529 1180 more
1550 1150 1583 1175 15

182 1213 271 1239 rem
308 1214 347 1253 p.
387 1198 572 1252 defendi,
612 1213 679 1239 me
719 1198 954 1252 principem
995 1198 1159 1239 senatui
1198 1197 1442 1252 populoque
1479 1197 1528 1238 R.

181 1258 397 1312 professus
429 1271 522 1297 sum
560 1272 653 1310 nec,
690 1260 966 1311 posteaquam
1003 1257 1167 1311 suscepi
1205 1271 1374 1298 causam
1404 1256 1530 1297 liber-

182 1316 295 1370 tatis,
325 1316 551 1356 minimum
582 1318 749 1369 tempus
776 1316 898 1356 amisi
922 1316 1103 1357 tuendae
1129 1315 1277 1356 salutis
1301 1315 1530 1356 libertatis-

184 1389 264 1428 que
297 1375 543 1415 communis.
608 1373 690 1414 Sed
721 1374 823 1415 haec
856 1388 1023 1428 quoque
1055 1378 1096 1415 te
1130 1388 1180 1414 ex
1212 1373 1306 1414 aliis
1337 1373 1460 1414 malo.

271 1432 317 1473 Τ.
343 1432 574 1487 Pinarium,
604 1432 981 1473 familiarissimum
1007 1447 1160 1486 meum,
1192 1435 1311 1473 tanto
1337 1431 1418 1472 tibi
1444 1433 1529 1472 st'u-
1550 1444 1583 1468 20

185 1491 253 1532 dio
275 1491 536 1545 commendo,
562 1494 609 1532 ut
634 1491 793 1531 maiore
819 1506 906 1531 non
929 1491 1107 1546 possim3
1140 1491 1206 1531 cui
1234 1505 1329 1531 cum
1354 1493 1530 1544 propter

185 1564 330 1591 omnes
366 1550 546 1591 virtutes
590 1553 682 1590 tum
726 1550 853 1590 etiam
896 1554 1071 1604 propter
1112 1549 1251 1590 studia
1289 1549 1530 1590 communia

183 1624 277 1650 sum
303 1609 606 1649 amicissumus.
657 1607 698 1649 Is
723 1612 923 1662 procurat
949 1609 1133 1649 rationes
1153 1608 1410 1664 negotiaque
1429 1607 1530 1648 Dio-

182 1668 277 1721 nysi
308 1668 456 1722 nostri,
489 1682 614 1721 quem
647 1670 688 1708 et
719 1670 766 1708 tu
792 1667 975 1708 multum
1008 1682 1122 1708 amas
1154 1670 1196 1708 et
1228 1681 1306 1723 ego
1340 1666 1529 1707 omnium

182 1726 426 1782 plurimum.
489 1726 552 1767 Ea
583 1726 664 1767 tibi
702 1740 781 1781 ego
819 1740 904 1767 non
937 1726 1069 1767 debeo
1108 1726 1419 1779 commendare,
1456 1724 1530 1766 sed
1549 1734 1582 1760 25

184 1786 432 1826 commendo
465 1788 617 1826 tamen.
662 1784 807 1825 Facies
840 1785 989 1840 igitur,
1021 1787 1069 1826 ut
1101 1799 1151 1825 ex
1183 1784 1348 1838 Pinari,
1380 1783 1530 1839 gratis-

184 1844 280 1885 simi
312 1844 510 1898 hominis,
541 1843 697 1884 litteris
728 1846 850 1884 tuum
883 1845 925 1884 et
957 1858 1056 1898 erga
1089 1843 1209 1884 illum
1236 1845 1277 1884 et
1304 1857 1404 1897 erga
1430 1841 1530 1883 Dio-

183 1903 352 1956 nysium
384 1903 573 1944 studium
604 1902 918 1956 perspiciamus.

790 2005 922 2048 XXV.

444 2088 519 2123 Ser.
546 2088 683 2122 Romae
710 2087 814 2121 XIV
835 2087 882 2121 K.
910 2086 1001 2131 Apr.
1028 2098 1061 2122 α.
1090 2089 1158 2121 711
1188 2086 1276 2128 (43).
1548 2098 1583 2123 30

564 2169 756 2204 CICERO
783 2167 1094 2204 CORNIFICIO
1119 2167 1153 2217 S.

272 2253 540 2294 Liberalibus
571 2253 736 2294 litteras
768 2252 908 2306 accepi
940 2255 1046 2305 tuas,
1079 2263 1182 2305 quas
1213 2248 1318 2289 mihi
1353 2247 1529 2290 Cornifi-

185 2311 272 2352 cius
305 2312 438 2353 altero
466 2312 708 2353 vicensumo
736 2311 813 2366 die,
846 2314 894 2352 ut
921 2310 1098 2363 dicebat,
1130 2307 1323 2349 reddidit.
1371 2307 1435 2348 Eo
1463 2307 1528 2348 die
