1659 2552
182 81 268 122 374
683 56 1024 117 EPISTULARUM

183 177 491 218 necessitudine
525 178 759 233 attingunt,
799 181 940 218 tamen
978 180 1076 218 tuus
1114 192 1234 219 amor
1264 178 1309 219 in
1341 193 1407 220 me
1440 193 1529 233 spe-

184 251 276 277 rare
307 251 374 277 me
401 236 516 292 cogit
548 239 600 290 te,
633 237 747 290 quod
779 237 864 277 tuis
895 237 1141 277 necessariis
1173 236 1385 292 tribueris,
1419 238 1529 278 idem

185 309 273 336 esse
317 295 579 336 tributurum
623 296 746 348 meis,
790 296 1039 349 praesertim
1085 310 1179 336 cum
1221 310 1300 351 ego
1345 311 1422 350 pro
1463 297 1529 337 his

184 354 280 394 unis
310 357 472 408 petam,
505 354 683 394 habeam
716 357 869 407 autem,
902 354 974 408 qui
1008 354 1136 394 simili
1169 368 1294 395 causa
1323 354 1528 409 laborent,

184 413 414 467 compluris
446 412 713 453 necessarios,
776 412 870 453 Hoc
901 427 968 453 me
999 427 1084 453 non
1117 413 1206 454 sine
1239 427 1363 454 causa
1393 414 1529 454 iacere
1567 425 1584 450 5

183 486 320 526 neque
347 472 487 525 aliqua
513 471 593 511 levi
621 471 854 512 ambitione
881 474 1141 512 commotum
1161 487 1185 512 a
1210 475 1252 513 te
1278 472 1529 513 contendere

186 531 264 571 etsi
296 533 337 571 te
370 530 611 571 existimare
643 530 840 584 arbitror,
873 533 1015 572 tamen
1046 530 1153 571 mihi
1179 530 1420 572 adfirmanti
1446 545 1531 572 cre-

185 589 257 629 das
284 589 410 629 velim
436 603 503 629 me
527 588 628 629 huic
652 589 885 643 municipio
913 589 1064 630 debere
1089 590 1339 644 plurimum3
1365 590 1529 631 nullum

184 663 387 701 umquam
426 648 554 688 fuisse
593 650 761 702 tempus
799 662 934 702 neque
971 648 1183 690 honorum
1221 662 1298 690 nec
1334 649 1530 690 laborum

184 721 393 760 meorum,
433 707 476 746 in
515 721 598 760 quo
631 721 716 748 non
754 707 881 748 huius
912 707 1134 761 municipii
1168 707 1356 748 studium
1388 707 1431 748 in
1463 720 1585 748 111610

186 765 397 806 exstiterit
428 765 652 820 singulare.

275 824 543 879 Quapropter
586 839 609 864 a
652 827 694 865 te
737 825 865 865 etiam
915 827 1041 879 atque
1091 825 1219 865 etiam
1265 839 1343 879 pro
1386 828 1531 866 nostra

185 898 349 923 summa
376 883 672 924 coniunctione
703 898 865 938 proque
890 886 964 924 tua
989 883 1034 924 in
1058 898 1126 924 1116
1150 886 1355 938 perpetua
1380 887 1422 924 et
1446 898 1531 924 ma-

184 942 299 982 xima
331 942 627 983 benevolentia
652 943 857 984 maiorem
883 942 927 983 in
952 942 1126 983 modum
1158 944 1256 996 peto
1283 945 1410 996 atque
1436 956 1531 983 con-

185 1001 330 1055 tendo,
363 1004 426 1055 ut,
466 1015 561 1042 cum
593 1001 787 1042 fortunas
819 1002 889 1057 agi
921 1002 1010 1042 eius
1041 1001 1263 1055 municipii
1296 1001 1530 1057 intellegas,
1551 1012 1584 1037 15

186 1059 300 1113 quod
332 1060 387 1100 sit
417 1060 524 1100 mihi
557 1060 876 1115 necessitudine,
909 1060 1082 1115 officiis,
1115 1060 1410 1101 benevolentia
1435 1074 1530 1101 con-

185 1118 517 1174 iunctissimum,
549 1118 593 1159 id
623 1119 730 1160 mihi
763 1119 852 1173 des3
890 1119 1004 1173 quod
1036 1118 1117 1159 erit
1147 1119 1275 1159 huius
1305 1118 1439 1172 modi,
1471 1121 1530 1172 ut,

185 1178 219 1217 si
254 1192 277 1217 a
310 1176 498 1232 Caesare,
531 1177 645 1231 quod
675 1192 909 1232 speramus,
943 1178 1269 1231 impetrarimUS,
1301 1180 1376 1218 tuo
1407 1177 1531 1218 bene-

185 1236 282 1277 ficio
314 1250 391 1277 nos
423 1236 467 1277 id
498 1239 745 1278 consecutos
777 1251 865 1278 esse
896 1236 1142 1290 iudicemus,
1174 1236 1239 1276 sin
1269 1236 1421 1290 minus,
1452 1249 1529 1290 pro

186 1309 235 1335 eo
268 1298 410 1335 tamen
447 1294 491 1335 id
521 1295 770 1349 habeamus,
809 1295 1009 1349 quoniam
1042 1310 1065 1335 a
1102 1298 1144 1335 16
1177 1295 1273 1335 data
1304 1295 1360 1335 sit
1392 1308 1529 1348 opera,
1550 1307 1584 1331 20

186 1356 233 1393 ut
266 1354 600 1407 impetraremus.
662 1353 757 1394 Hoc
789 1368 884 1394 cum
914 1353 1020 1394 mihi
1058 1353 1349 1408 gratissimum
1381 1353 1530 1394 feceris

185 1415 278 1452 tum
309 1412 423 1453 viros
457 1413 658 1466 optimOS,
699 1413 893 1453 homines
923 1412 1246 1453 honestissimos
1278 1411 1530 1466 eosdemque

185 1470 451 1525 gratissimos
495 1473 536 1511 et
580 1474 653 1511 tua
695 1470 1004 1519 necessitudine
1050 1470 1321 1526 dignissimos
1365 1485 1530 1512 summo

185 1529 391 1570 beneficio
425 1529 469 1570 in
499 1533 753 1584 perpetuum
784 1530 864 1571 tibi
897 1530 1065 1583 tuisque
1099 1529 1348 1570 devinxeris.

798 1680 915 1723 VIH.
1552 1691 1585 1717 25

350 1761 423 1797 Ser.
453 1761 590 1797 Romae
616 1773 686 1797 non
715 1767 800 1798 ante
824 1763 912 1798 med.
939 1774 984 1796 m.
1014 1761 1088 1797 Oet.
1116 1773 1149 1796 a.
1177 1764 1250 1797 ‘709
1277 1763 1366 1805 (45).

557 1844 605 1878 M.
633 1844 802 1879 CICERO
829 1843 877 1878 M.
905 1842 1098 1878 RUTILIO
1126 1842 1160 1877 S.

277 1937 383 1979 Cum
424 1941 466 1980 et
502 1939 610 1980 mihi
649 1939 840 1981 conscius
880 1953 1030 1993 essem,
1073 1937 1221 1992 quanti
1258 1939 1300 1979 te
1340 1937 1532 1989 facerem,

186 2000 227 2038 61
260 2000 376 2038 tuam
410 2012 509 2052 erga
542 2012 609 2040 me
641 1998 982 2039 benevolentiam
1020 2000 1218 2051 expertus
1256 2009 1406 2049 essem,
1446 2009 1532 2035 non

187 2056 380 2097 dubitavi
412 2071 436 2096 a
467 2060 508 2097 te
541 2059 695 2111 petere,
728 2057 842 2111 quod
873 2056 979 2097 mihi
1010 2055 1241 2110 petendum
1272 2057 1390 2095 esset.
1552 2065 1587 2090 30

273 2113 318 2155 P.
347 2113 532 2156 Sestium
565 2116 712 2169 quanti
745 2116 908 2169 faciam,
941 2115 1029 2169 ipse
1063 2114 1222 2168 optime
1254 2113 1352 2166 scio,
1385 2113 1531 2166 quanti

187 2176 327 2213 autem
360 2174 497 2214 facere
532 2174 723 2228 debeam,
757 2177 798 2215 et
829 2177 876 2214 tu
909 2176 950 2214 et
983 2187 1127 2213 omnes
1147 2171 1352 2214 -homines
1383 2171 1532 2212 sciunt.

185 2230 227 2270 Is
260 2246 355 2272 cum
388 2247 438 2273 ex
471 2232 565 2273 aliis
596 2236 638 2274 te
670 2233 753 2274 mei
786 2232 1145 2273 studiosissimum
1178 2244 1265 2271 esse
1298 2232 1533 2285 cognosset,

186 2290 338 2342 petivit
371 2305 394 2331 a
425 2306 510 2345 1116,
549 2293 595 2332 111
633 2291 686 2332 ad
716 2294 758 2332 te
797 2306 923 2345 quam
961 2289 1273 2331 accuratissime
1305 2288 1535 2329 scriberem
