1659 2552
594 106 735 140 Lissa
761 106 810 140 xi
836 109 960 141 9—11.
1359 107 1441 147 311

109 202 309 244 solvendo
355 216 559 256 omneque
608 216 741 257 genus
789 201 1010 242 hominum
1053 200 1299 254 abripiendo
1343 201 1443 241 satis

109 276 311 317 magnum
343 275 563 302 numerum
595 261 762 301 videtur
794 261 988 301 effecisse.
1044 259 1137 300 Hoc
1163 259 1335 299 accessit
1361 275 1443 299 ma-

109 335 188 361 nus
219 319 404 374 Ventidi,
438 334 542 373 quae
575 322 690 359 trans
716 319 1016 373 Appenninum
1048 319 1198 358 itinere
1231 319 1340 357 facto
1369 318 1444 357 dif-

110 379 300 419 ficillimo
333 378 384 419 ad
415 377 534 418 Vada
570 378 761 431 pervenit
799 380 923 431 atque
962 377 1022 417 ibi
1054 391 1097 417 se
1129 390 1223 417 cum
1255 375 1443 416 Antonio

76 437 341 478 5coniunxit.
403 436 481 477 Est
523 450 720 477 numerus
764 438 1058 476 veteranorum
1102 437 1143 475 et
1186 436 1444 475 armatorum

112 496 213 536 satis
256 496 452 549 frequens
495 509 589 535 cum
632 494 845 535 Ventidio.
913 493 1099 535 Consilia
1139 491 1300 533 Antoni
1344 492 1445 533 haec
1471 503 1491 533 4

112 555 197 595 sint
233 568 399 594 necesse
438 556 517 607 est,
561 555 632 593 aut
670 553 721 593 ad
757 553 963 607 Lepidum
1000 555 1046 593 ut
1085 566 1126 593 se
1165 551 1369 605 conferat,
1410 551 1445 591 si

113 613 330 666 recipitur,
371 615 443 652 aut
474 611 727 665 Appennino
758 611 1022 665 Alpibusque
1055 625 1097 651 se
1134 612 1275 651 teneat
1306 612 1347 650 et
1380 609 1445 650 de-

113 671 378 712 cursionibus
409 685 484 724 per
515 670 693 724 equites,
732 684 836 724 quos
867 669 995 710 habet
1026 669 1199 722 multos,
1231 670 1366 709 vastet
1399 682 1446 708 ea

60 744 93 769 10
111 730 223 784 loca,
265 730 309 770 in
346 743 451 783 quae
491 729 734 782 incurrerit,
776 731 848 769 aut
891 742 1012 768 rusus
1055 742 1097 768 se
1143 727 1186 767 in
1228 725 1446 767 Etruriam

114 789 279 841 referat,
312 787 425 841 quod
455 802 502 828 ea
533 802 629 841 pars
659 786 805 827 Italiae
838 786 926 840 sine
957 786 1144 826 exercitu
1169 787 1242 826 est.
1287 784 1446 833 Quodsi

112 861 179 887 me
218 846 369 887 Caesar
406 846 588 887 audisset
626 848 749 899 atque
787 845 1087 899 Appenninum
1123 843 1362 897 transisset,
1404 843 1446 883 in

113 909 251 946 tantas
284 905 498 960 angustias
523 904 758 945 Antonium
790 904 1097 957 compulissem,
1129 905 1175 943 ut
1207 902 1349 955 inopia
1374 916 1446 955 po-

113 964 198 1005 tius
231 979 356 1018 quam
394 965 505 1004 ferro
546 963 831 1003 conficeretur.
893 962 975 1002 Sed
1005 975 1140 1015 neque
1173 960 1340 1001 Caesari
1372 960 1447 1000 im-

62 1036 95 1061 15
113 1023 250 1076 perari
282 1024 422 1076 potest
453 1035 529 1062 nec
554 1020 705 1062 Caesar
730 1020 931 1061 exercitui
958 1034 1045 1073 suo,
1077 1019 1190 1073 quod
1220 1021 1446 1072 utrumque

113 1081 343 1135 pessimum
369 1083 441 1121 est.
504 1079 610 1120 Cum
640 1080 742 1120 haec
773 1079 873 1119 talia
905 1079 1000 1131 sint,
1036 1092 1118 1131 quo
1150 1077 1301 1129 minus,
1334 1076 1447 1130 quod

115 1139 167 1180 ad
186 1154 252 1180 me
277 1138 519 1193 pertinebit,
544 1138 737 1179 homines
756 1137 1036 1191 interpellent,
1069 1139 1115 1176 ut
1135 1150 1260 1189 supra
1286 1135 1445 1189 scripsi,

114 1212 200 1238 non
237 1197 432 1252 impedio.
494 1196 608 1237 Haec
646 1211 770 1250 quem
811 1196 862 1236 ad
901 1195 1073 1235 modum
1114 1194 1314 1248 explicari
1354 1207 1447 1247 pos-

116 1257 200 1297 sint
232 1259 320 1310 aut,
353 1271 376 1296 a
407 1259 448 1296 te
481 1269 575 1295 cum
607 1254 944 1308 explicabuntur,
981 1267 1034 1293 ne
1066 1252 1366 1306 impediantur,
1397 1251 1447 1291 ti-

63 1330 97 1354 20
115 1329 220 1356 meo.
282 1314 407 1355 Alere
445 1314 528 1354 iam
565 1313 722 1354 milites
758 1327 843 1353 non
882 1326 1065 1366 possum.
1127 1310 1234 1351 Cum
1271 1310 1323 1350 ad
1359 1324 1447 1350 rem
1475 1322 1494 1351 5

115 1389 154 1428 p.
185 1373 447 1414 liberandam
484 1372 653 1426 accessi,
693 1370 766 1411 HS
803 1370 909 1412 mihj
946 1370 1028 1410 fuit
1063 1369 1263 1424 pecuniae
1300 1368 1448 1422 {CCCC5

116 1432 307 1486 amplius.
368 1431 551 1471 Tantum
589 1431 722 1483 abest,
764 1432 810 1470 ut
846 1443 962 1470 meae
1000 1428 1061 1469 rei
1097 1427 1317 1468 familiaris
1348 1426 1450 1466 libe-

117 1505 211 1531 rum
249 1491 303 1530 sit
340 1490 565 1544 quicquam
575 1523 585 1543 ,
628 1491 675 1529 ut
716 1488 852 1529 omnis
888 1488 973 1528 iam
1009 1500 1125 1527 meos
1163 1485 1319 1526 amicos
1358 1498 1450 1525 aere

118 1549 254 1589 alieno
281 1548 593 1589 obstrinxerim.
655 1546 826 1601 Septem
851 1560 1073 1586 numerum
1099 1558 1209 1585 nunc
1234 1543 1450 1599 legionum

65 1620 99 1645 25
119 1607 197 1660 alo,
224 1621 305 1661 qua
326 1606 586 1659 difficultate,
611 1608 658 1646 tu
679 1605 901 1658 arbitrare,
926 1618 1023 1657 non,
1049 1603 1084 1643 si
1104 1603 1309 1643 Varronis
1334 1602 1452 1642 then-

119 1680 264 1706 sauros
289 1665 499 1718 haberem,
532 1664 758 1704 subsistere
785 1662 972 1716 sumptui
1004 1676 1180 1716 possem.
1233 1659 1339 1701 Cum
1369 1660 1452 1713 pri-

118 1738 235 1764 mum
273 1723 322 1764 de
353 1722 542 1763 Antonio
581 1722 845 1775 exploratum
875 1721 1081 1773 habuero,
1113 1719 1264 1760 faciam
1295 1721 1336 1758 te
1369 1732 1453 1758 cer-

118 1782 281 1823 tiorem.
331 1780 395 1821 Tu
420 1795 486 1821 me
506 1780 666 1820 amabis
692 1780 762 1832 ita,
788 1779 823 1819 si
848 1779 929 1819 hoc
954 1778 1065 1818 idem
1090 1792 1157 1818 me
1182 1777 1227 1817 in
1252 1779 1292 1817 te
1319 1777 1453 1816 faeere

120 1840 309 1882 senseris.
370 1851 421 1880 111
454 1838 563 1880 Non.
595 1838 692 1878 Mai.
725 1852 776 1878 ex
808 1836 955 1877 castris
986 1835 1185 1876 Dertona.

68 1970 101 1995 30
752 1951 822 1993 XI.

191 2037 264 2072 Ser.
292 2037 332 2072 in
357 2036 484 2071 castris
508 2036 548 2069 in
571 2034 705 2077 finibus
731 2031 1011 2120 Siczztlggnsmm
1040 2030 1136 2074 prid.
1164 2030 1259 2064 Non.
1288 2028 1381 2063 Mai.

664 2091 696 2113 α.
725 2081 746 2112 7
888 2086 911 2115 ).

244 2165 286 2200 D.
314 2163 499 2199 BRUTUS
525 2162 619 2196 [MP.
647 2160 741 2195 COS.
768 2159 867 2193 DEs.
896 2157 929 2193 S.
955 2158 997 2192 D.
1025 2157 1072 2191 M.
1101 2156 1332 2191 CICERONI.

210 2247 372 2289 Eodem
405 2245 595 2299 exemplo
628 2259 651 2284 a
676 2247 716 2284 te
742 2243 800 2283 mi
826 2242 992 2282 litterae
1019 2240 1204 2281 redditae
1232 2241 1339 2292 sunt,
1373 2253 1455 2293 quo
1485 2251 1501 2281 1

69 2317 104 2344 35
123 2307 242 2361 pueri
268 2307 352 2348 mei
371 2306 614 2348 attulerunt.
665 2301 847 2342 Tantum
872 2314 938 2341 me
965 2299 1045 2339 tibi
1073 2298 1222 2338 debere
1248 2297 1456 2351 existimo,
