1659 2552
75 701 108 725 10

77 992 110 1018 15

36 1287 112 1311 120

82 1871 116 1895 30

82 2161 116 2187 35

436 65 500 100 AD
529 64 688 107 QUINT.
715 64 884 99 FRATR.
912 64 1054 98 LIBER
1080 64 1095 98 I
1123 68 1153 99 1.
1381 62 1464 103 497

126 162 243 203 simis
287 161 479 203 faucibus
523 161 909 202 inhonestissimam
954 160 1229 214 cupiditatem
1274 158 1467 213 eripuisti

125 235 289 262 summa
327 235 422 261 cum
460 220 682 274 aequitate.
749 219 865 260 Haec
903 221 944 260 et
982 221 1119 260 cetera
1154 219 1278 272 plena
1317 206 1517 281 severi-2⁴

125 280 226 320 tatis

126 353 289 379 summa
321 338 565 393 integritate
598 337 910 378 sustineremus.
967 336 1104 385 Quare
1142 336 1197 376 sit
1228 350 1391 376 summa
1424 335 1467 375 in

127 397 216 438 iure
243 397 418 437 dicendo
446 396 657 450 severitas,
691 396 790 436 dum
809 396 935 436 modo
963 409 1010 436 ea
1035 410 1086 436 ne
1106 395 1293 435 varietur
1318 394 1467 449 gratia,

126 456 199 496 sed
243 458 513 496 conservetur
556 454 799 509 aequabilis.
868 453 951 494 Sed
991 456 1133 494 tamen
1175 453 1295 507 parvi
1339 453 1468 493 refert

126 514 201 555 abs
241 517 283 555 te
324 514 415 568 ipso
461 514 526 554 ius
571 513 651 554 dici
695 512 974 567 aequabiliter
1014 515 1055 552 et
1097 512 1342 567 diligenter,
1385 511 1467 551 nisi

127 573 238 613 idem
270 572 322 613 ab
356 573 408 613 iis
438 572 528 626 fiet,
562 572 715 626 quibus
747 575 794 612 tu
821 572 910 612 eius
941 571 1127 612 muneris
1159 571 1345 625 aliquam
1375 585 1469 624 par-

127 634 213 672 tem
252 631 515 672 concesseris.
577 630 640 671 Ac
680 630 786 671 mihi
825 630 996 684 quidem
1036 629 1204 670 videtur
1242 643 1329 670 non
1370 643 1468 669 sane

127 705 281 745 magna
307 690 487 730 varietas
512 704 599 730 esse
631 689 902 744 negotiorum
928 689 972 729 in
998 688 1329 728 administranda
1354 687 1467 741 Asia,

129 749 200 789 sed
233 763 279 789 ea
312 751 402 789 tota
439 748 542 788 iuris
575 748 758 788 dictione
801 747 983 788 maxime
1034 747 1249 802 sustineri3
1298 747 1343 787 in
1387 761 1469 800 qua

129 807 327 848 scientiae
376 807 623 861 praesertim
672 806 944 860 provincialis
988 806 1096 846 ratio
1140 806 1231 859 ipsa
1274 805 1470 860 expedita

129 868 211 920 est,
245 866 480 907 constantia
512 868 573 906 est
600 865 836 906 adhibenda
862 868 903 905 et
928 864 1130 920 gravitas,
1164 878 1269 918 quae
1301 864 1469 905 resistat

128 939 214 966 non
246 925 382 965 solum
414 924 586 980 gratiae,
618 938 765 965 verum
790 924 918 964 ctiam
950 923 1189 977 suspicioni.

211 982 494 1038 Adiungcnda
515 983 642 1023 etiam
662 985 724 1023 est
744 982 924 1023 facilitas
944 982 988 1022 in
1009 982 1228 1036 audiendo,
1253 981 1405 1022 lenitas
1425 981 1469 1021 in

131 1041 408 1094 decernendo,
441 1042 485 1082 in
517 1042 618 1082 satis
649 1041 839 1082 faciendo
872 1055 920 1081 ac
952 1040 1203 1094 disputando
1237 1039 1468 1095 diligentia.

130 1099 209 1141 His
242 1100 368 1141 rebus
399 1114 534 1154 nuper
568 1099 610 1141 C.
637 1098 836 1140 Octavius
868 1099 1195 1140 iucundissimus
1226 1098 1325 1153 fuit,
1359 1098 1471 1152 apud

132 1173 257 1212 quem
294 1159 457 1213 primus
488 1159 613 1199 lictor
645 1158 822 1212 quievit,
863 1158 996 1198 tacuit
1028 1171 1241 1211 accenSUS,
1274 1158 1470 1211 quotiens

132 1217 309 1271 quisque
341 1217 494 1271 voluit,
527 1217 651 1271 dixit,
684 1220 725 1257 et
758 1232 883 1271 quam
914 1217 1051 1257 voluit
1083 1217 1171 1271 diu3
1214 1216 1367 1270 quibus
1399 1215 1469 1256 ille

132 1275 257 1316 rebus
288 1276 465 1316 fortasse
503 1276 630 1316 nimis
666 1275 773 1316 lenis
804 1275 1034 1329 videretur,
1072 1276 1155 1315 nisi
1185 1275 1288 1315 haec
1319 1274 1471 1315 lenitas

131 1334 248 1375 illam
280 1335 546 1375 severitatem
577 1336 777 1375 tueretur.
840 1333 1112 1389 Cogebantur
1144 1333 1306 1374 Sullani
1337 1332 1472 1373 homi-

131 1407 221 1447 nes,
254 1407 359 1447 quae
390 1408 465 1447 per
496 1393 582 1433 vim
615 1395 656 1433 et
685 1396 847 1433 metum
873 1392 1145 1447 abstulerant,
1177 1392 1366 1446 reddere,
1399 1391 1472 1445 qui

132 1451 176 1492 in
201 1452 521 1507 magistratibus
546 1451 749 1492 iniuriose
776 1452 1056 1505 decreverant,
1088 1451 1235 1492 eodem
1261 1450 1364 1504 ipsis
1388 1450 1473 1504 pri-

132 1510 241 1550 vatis
266 1513 355 1550 erat
386 1511 476 1551 iure
506 1510 748 1564 parendum.
810 1509 927 1550 Haec
957 1510 1071 1550 illius
1097 1509 1297 1551 severitas
1323 1508 1473 1549 acerba

236 314 246 333 ,
286 294 390 333 quae
424 279 610 319 statuisti
642 279 686 318 in
719 278 799 318 ista
830 278 1064 332 provincia,
1105 292 1191 318 non
1223 276 1345 317 facile
1378 277 1466 317 sine

81 1596 95 1603 -
134 1568 365 1622 videretur,
396 1569 478 1609 nisi
508 1568 654 1609 multis
687 1568 966 1609 condimentis
996 1568 1274 1609 humanitatis
1305 1567 1472 1622 mitiga-

134 1629 260 1666 retur.
312 1625 470 1675 Quodsi
495 1627 598 1667 haec
628 1627 779 1667 lenitas
805 1630 926 1682 grata
956 1626 1117 1667 Romae
1149 1629 1222 1680 est,
1254 1626 1329 1666 ubi
1353 1628 1472 1666 tanta

134 1684 383 1740 adrogantia
415 1688 494 1738 est,
532 1688 619 1725 tam
651 1685 928 1725 immoderata
959 1685 1145 1739 libertas,
1180 1687 1268 1725 tam
1305 1684 1472 1724 infinita

133 1743 356 1784 hominum
386 1743 568 1796 licentia,
601 1743 779 1796 denique
804 1745 869 1783 tot
897 1743 1182 1798 magistratus,
1213 1745 1278 1783 tot
1304 1741 1472 1795 auxilia,

134 1804 253 1842 tanta
270 1801 416 1854 populi
441 1802 516 1855 vis,
541 1804 659 1841 tanta
685 1803 853 1841 senatus
873 1801 1112 1855 auctoritas,
1140 1815 1265 1855 quam
1291 1800 1473 1840 iucunda

134 1860 305 1901 tandem
342 1860 550 1913 praetoris
582 1860 756 1900 comitas
788 1860 832 1900 in
862 1858 965 1900 Asia
1000 1862 1141 1913 potest
1172 1860 1276 1899 esse!
1315 1858 1359 1898 in
1391 1872 1473 1912 qua

135 1921 253 1959 tanta
283 1918 513 1959 multitudo
545 1918 711 1972 civium,
742 1920 860 1958 tanta
891 1918 1112 1972 sociorum,
1143 1920 1209 1958 tot
1240 1917 1377 1970 urbes,
1408 1919 1473 1957 tot

137 1977 328 2018 civitates
366 1977 490 2017 unius
526 1976 710 2017 hominis
747 1979 898 2017 nutum
930 1977 1165 2031 intuentur,
1203 1975 1277 2016 ubi
1308 1975 1473 2016 nullum

137 2036 341 2076 auxilium
373 2038 452 2089 est,
492 2035 609 2075 nulla
649 2035 911 2089 conquestio,
952 2035 1093 2076 nullus
1131 2037 1316 2088 senatus,
1355 2033 1472 2074 nulla

137 2094 289 2135 contio.
351 2093 487 2142 Quare
519 2094 548 2147 †
586 2107 680 2134 cum
716 2093 936 2149 permagni
975 2094 1160 2134 hominis
1198 2095 1261 2134 est
1298 2094 1339 2133 et
1377 2106 1471 2132 cum

135 2152 227 2206 ipsa
262 2155 413 2193 natura
450 2151 656 2193 moderati
694 2154 785 2192 tum
821 2166 920 2193 vero
959 2152 1086 2192 etiam
1125 2151 1314 2192 doctrina
1346 2153 1471 2204 atque

137 2211 393 2265 optimarum
434 2210 589 2251 artium
629 2210 778 2250 studiis
820 2210 973 2251 eruditi
1015 2211 1074 2250 sic
1111 2225 1153 2251 se
1191 2209 1390 2250 adhibere
1428 2209 1471 2249 in

135 2271 253 2310 tanta
289 2271 515 2323 potestate,
553 2271 600 2310 ut
636 2269 752 2309 nulla
788 2269 870 2309 alia
907 2271 1093 2322 potestas
1126 2268 1177 2309 ab
1210 2268 1278 2322 iis,
1318 2267 1470 2321 quibus

207 2343 358 2370 Ciceronis
378 2345 464 2375 epist.
484 2346 507 2369 Ι.
1215 2339 1258 2369 32

1502 191 1523 203 '-
1543 182 1546 185 .

1516 251 1537 282 Ο

1496 991 1538 1021 21

1498 1634 1542 1665 22
