1659 2552
128 636 144 661 5

112 931 145 956 10

113 1224 145 1249 15

112 1517 146 1542 20

113 1808 146 1834 25

113 2102 147 2126 30

662 119 804 153 LIBER
829 119 861 154 X
888 123 990 155 1—3.
1420 122 1502 163 261

796 284 871 326 HI.

318 376 391 412 Ser.
418 376 554 411 Romae
579 377 691 421 paulo
712 381 794 421 post
819 377 883 411 IV
903 377 960 411 Icl.
988 377 1074 412 Dec.
1102 389 1135 412 α.
1164 379 1235 412 710
1263 379 1351 421 (421).

611 470 779 504 CICERO
806 469 995 504 PLANCO
1023 470 1056 505 S.

254 566 360 608 Cum
393 567 532 620 ipsum
565 566 771 607 Furnium
803 582 878 620 per
911 581 953 607 se
986 567 1072 607 vidi
1103 566 1383 607 libentissime
1415 569 1505 607 tum

163 626 244 666 hoc
282 626 501 679 libentius,
541 625 653 679 quod
692 625 812 665 illum
851 625 1024 665 audiens
1061 628 1102 666 te
1140 625 1314 666 videbar
1350 625 1504 665 audire.

163 684 275 726 Nam
314 687 354 725 et
392 685 435 724 in
474 698 517 724 re
555 684 731 724 militari
769 684 970 724 virtutem
1008 686 1049 724 et
1089 684 1133 724 in
1174 684 1505 724 administranda

163 743 381 797 provincia
414 743 621 783 iustitiam
647 745 688 782 et
717 742 759 782 in
787 743 901 783 omni
927 757 1080 797 genere
1104 743 1373 796 prudentiam
1398 742 1503 782 mihi

164 805 281 842 tuam
313 802 508 855 exposuit
541 804 581 841 et
613 804 828 854 praeterea
859 801 964 841 mihi
996 815 1081 841 non
1112 801 1303 856 ignotam
1335 802 1379 841 in
1411 815 1505 841 con-

165 860 386 901 suetudine
429 863 470 900 et
510 859 799 900 familiaritate
840 860 1091 900 suavitatem
1131 863 1268 914 tuam,
1312 860 1505 900 adiunxit

165 922 381 973 praeterea
413 933 620 959 summam
653 933 752 973 erga
784 932 825 958 se
851 918 1160 958 liberalitatem.
1223 918 1337 967 Quae
1364 918 1505 959 omnia

164 978 271 1019 mihi
303 977 495 1031 iucunda,
526 977 608 1017 hoc
639 979 875 1017 extremum
902 977 1028 1017 etiam
1060 979 1229 1032 gratum
1261 977 1352 1017 fuit.
1397 976 1503 1032 Ego,

164 1036 335 1090 Plance,
374 1036 725 1077 necessitudinem
764 1035 1037 1075 constitutam
1074 1035 1205 1075 habui
1246 1050 1341 1076 cum
1379 1035 1503 1076 domo

165 1099 305 1136 vestra
337 1098 433 1136 ante
466 1095 701 1148 aliquanto,
735 1108 860 1147 quam
892 1097 938 1133 tu
970 1096 1094 1134 natus
1125 1108 1185 1147 eS,
1218 1108 1404 1134 amorem
1436 1108 1505 1134 au-

164 1156 250 1194 tem
283 1168 383 1208 erga
420 1156 461 1193 te
499 1153 551 1193 ab
592 1153 762 1193 ineunte
799 1152 981 1206 pueritia
1013 1155 1102 1206 tua,
1143 1153 1389 1193 confirmata
1421 1152 1505 1192 iam

165 1215 301 1253 aetate
333 1212 665 1252 familiaritatem
697 1225 791 1251 cum
824 1211 963 1251 studio
995 1225 1089 1251 meo
1120 1214 1211 1251 tum
1243 1211 1398 1251 iudicio
1431 1214 1504 1251 tuo

165 1271 450 1312 constitutam.
511 1270 590 1310 His
624 1270 672 1309 de
705 1269 839 1309 causis
870 1269 1123 1309 mirabiliter
1154 1270 1273 1310 faveo
1307 1269 1506 1324 dignitati

164 1333 278 1383 tuae,
323 1344 449 1383 quam
493 1328 598 1369 mihi
641 1331 781 1368 tecum
824 1330 963 1368 statuo
1001 1328 1030 1381 †
1066 1327 1221 1368 habere
1266 1342 1353 1368 esse
1398 1342 1506 1368 com-

164 1402 347 1429 munem.
411 1386 561 1428 Omnia
607 1401 770 1427 summa
813 1389 1061 1427 consecutus
1105 1400 1147 1427 es
1190 1386 1348 1426 virtute
1393 1386 1506 1440 duce,

165 1447 319 1488 comite
350 1446 521 1487 fortuna
553 1460 683 1499 eaque
715 1460 758 1485 es
789 1445 965 1498 adeptus
996 1444 1239 1485 adulescens
1270 1444 1416 1485 multis
1448 1445 1507 1484 in—

165 1505 429 1558 videntibus,
471 1519 575 1558 quos
616 1504 787 1559 ingenio
826 1503 1117 1557 industriaque
1157 1503 1343 1558 fregisti3
1384 1517 1507 1556 nunc,

165 1578 232 1604 me
271 1563 607 1604 amantissimum
646 1563 726 1615 tui,
767 1562 927 1602 nemini
966 1562 1280 1616 concedentem,
1323 1561 1395 1616 qui
1426 1561 1508 1602 tibi

166 1624 376 1663 vetustate
413 1621 734 1662 necessitudinis
773 1621 916 1674 potior
953 1621 1087 1674 possit
1129 1635 1234 1674 esse,
1277 1620 1312 1660 si
1352 1620 1508 1673 audies,

167 1694 335 1721 omnem
374 1679 455 1720 tibi
492 1679 677 1733 reliquae
716 1679 826 1719 vitae
866 1679 1117 1734 dignitatem
1155 1693 1205 1719 ex
1244 1678 1404 1732 optimo
1446 1679 1508 1719 rei

166 1755 203 1793 p.
233 1741 345 1779 statu
372 1738 577 1792 adquires.
641 1736 730 1777 Scis
761 1738 952 1791 profecto
985 1735 1113 1793 (nihil
1144 1737 1257 1777 enim
1288 1740 1329 1777 te
1361 1738 1507 1792 fugere

166 1796 326 1853 potuit)
366 1796 494 1836 fuisse
532 1795 743 1850 quoddam
780 1798 963 1849 tempus,
1005 1809 1099 1835 cum
1135 1795 1328 1836 homines
1367 1795 1507 1835 existi-

165 1858 330 1897 marent
356 1857 397 1895 te
429 1854 556 1895 nimis
589 1854 744 1894 servire
776 1854 1051 1908 temporibUS,
1084 1853 1198 1907 quod
1229 1868 1307 1908 ego
1340 1868 1507 1907 quoque

167 1914 470 1967 existimarem,
508 1915 549 1953 te
581 1913 616 1953 si
649 1927 712 1965 ea,
751 1927 856 1965 quae
894 1912 1127 1966 patiebare,
1167 1911 1360 1965 probare.
1380 1911 1507 1952 etiam

166 1973 414 2026 arbitrarer,
435 1971 517 2025 sed,
534 1985 627 2011 eum
642 1970 943 2025 intellegerem,
965 1970 1067 2024 quid
1081 1970 1268 2023 sentires,
1278 1970 1509 2023 prudenter

165 2035 207 2073 te
239 2029 483 2072 arbitrabar
513 2030 672 2083 videre,
706 2029 807 2082 quid
837 2043 991 2083 posses.
1069 2027 1196 2069 Nunc
1232 2028 1314 2068 alia
1346 2028 1508 2070 ratiost.

167 2089 367 2131 Omnium
393 2103 533 2130 rerum
559 2091 680 2128 tuum
711 2087 967 2140 iudiciumst,
1000 2087 1125 2140 idque
1151 2086 1344 2127 liberum.
1401 2085 1508 2127 Con-

166 2149 231 2190 sul
269 2163 311 2189 es
350 2148 612 2203 designatus,
657 2146 818 2200 optima
854 2148 1007 2199 aetate,
1051 2160 1215 2185 summa
1255 2145 1507 2199 eloquentia,

165 2207 349 2248 maxima
400 2206 582 2247 orbitate
632 2205 692 2245 rei
740 2220 778 2258 p.
823 2204 1012 2244 virorum
1060 2203 1222 2244 talium.
1293 2202 1507 2258 Incumbe,

165 2281 241 2320 per
279 2266 377 2306 deos
414 2263 685 2305 immortalis!
728 2262 771 2303 in
810 2277 901 2303 eam
939 2277 1082 2303 curam
1119 2264 1161 2303 et
1193 2262 1507 2317 cogitationem,

166 2338 272 2379 quae
298 2323 379 2364 tibi
405 2337 612 2364 summam
640 2321 890 2375 dignitatem
917 2323 958 2362 et
983 2321 1164 2376 gloriam
1189 2320 1368 2377 adferat3
1399 2336 1508 2362 unus

1534 578 1551 608 1

1530 989 1549 1018 10
