1659 2552
591 82 733 116 LIBER
758 81 841 115 XIV
869 85 899 116 1.
1338 81 1426 122 425

167 178 231 220 De
263 178 425 219 familia
463 192 545 232 quo
578 178 705 218 modo
736 177 943 231 placuisse
976 176 1126 217 scribis
1159 177 1325 230 amicis,
1368 178 1426 218 fa-
1452 189 1472 219 3

80 238 248 278 ciemus.
310 237 373 277 De
410 237 504 277 1000
545 251 657 277 nunc
689 236 860 291 quidem
897 236 981 276 iam
1023 235 1130 276 abiit
1169 236 1426 291 pestilentia,

80 297 169 351 sed,
208 311 335 350 quam
368 296 439 336 diu
471 296 571 350 fuit,
607 310 674 336 me
706 310 791 336 non
823 294 978 350 attigit.
1040 293 1255 348 Plancius,
1296 295 1425 335 homo

82 355 433 409 officiosissimus,
470 369 537 395 me
570 355 686 408 cupit
718 368 805 395 esse
844 367 985 394 secum
1017 355 1059 393 et
1091 353 1227 393 adhuc
1259 354 1425 394 retinet.

45 414 175 469 5Ego
208 413 403 454 volebam
439 413 532 453 loco
570 413 707 469 magis
745 413 909 453 deserto
949 426 1036 453 esse
1074 412 1119 452 in
1151 411 1302 467 Epiro,
1341 427 1425 466 quo

82 487 217 527 neque
242 472 341 513 Piso
368 472 530 513 veniret
562 486 637 512 nec
669 472 838 525 milites,
870 470 944 512 sed
974 470 1110 511 adhuc
1134 469 1333 511 Plancius
1359 486 1425 511 me

82 532 252 585 retinet3
285 534 425 584 sperat
454 545 577 585 posse
609 531 718 584 fieri,
760 533 806 570 ut
838 544 1003 570 mecum
1035 529 1079 569 in
1109 527 1279 570 Italiam
1312 530 1426 570 dece-

82 591 163 631 dat.
215 590 349 639 Quem
381 604 459 645 ego
493 589 604 630 diem
636 590 670 630 si
702 589 846 630 videro
880 592 922 629 et
954 589 987 629 si
1019 588 1064 628 in
1095 590 1284 630 vestrum
1316 603 1427 629 com-

81 649 253 703 plexum
285 662 438 689 venero
476 662 523 688 ac
555 648 589 688 si
622 651 663 688 et
694 663 769 689 vos
801 650 842 688 et
880 643 946 688 ine
985 647 1125 701 ipsum
1162 661 1427 702 recuperaro,

30 723 62 746 10
83 709 184 749 satis
215 722 418 762 magnum
449 707 556 747 mihi
587 707 773 748 fructum
805 706 982 747 videbor
1018 706 1255 760 percepisse
1287 709 1329 747 et
1360 721 1427 747 ve-

83 770 193 808 strae
224 766 396 820 pietatis
429 768 469 806 et
500 780 628 806 meae.

169 825 337 866 Pisonis
368 824 620 878 humanitas,
652 824 799 877 virtus,
832 838 950 864 amor
982 823 1025 863 in
1059 823 1195 864 omnis
1228 838 1305 864 nos
1336 826 1426 864 tan-
1451 833 1474 864 4

82 888 151 926 tus
189 887 268 938 cst,
309 886 355 924 ut
393 883 501 923 nihil
538 898 664 937 supra
694 882 838 936 possit.
900 882 1077 923 Utinam
1110 897 1158 923 ea
1189 897 1254 923 res
1287 882 1324 923 ei
1356 897 1426 923 vo-

82 943 236 998 luptati
257 943 328 983 sit!
360 942 520 997 gloriae
541 942 711 996 quidem
731 941 854 982 video
880 942 981 982 fore.
1026 941 1089 981 De
1110 940 1269 990 Quinto
1296 942 1426 982 fratre

31 1016 63 1041 15
83 1003 192 1043 nihil
229 1016 307 1057 ego
345 1003 386 1041 te
424 1001 632 1055 accusavi,
674 1000 747 1041 sed
782 1014 874 1053 VOS,
916 1014 1011 1040 cum
1051 1000 1302 1054 praesertim
1339 1002 1426 1041 tam

83 1061 205 1115 pauci
238 1061 347 1114 sitis,
388 1060 504 1100 volui
543 1074 630 1100 esse
663 1074 789 1113 quam
822 1059 1201 1099 coniunctissimos.
1263 1058 1427 1107 Quibus
1453 1068 1473 1099 5

83 1135 149 1161 me
187 1119 361 1160 voluisti
398 1133 521 1173 agere
562 1119 742 1174 gratias,
783 1118 851 1173 egi
889 1120 930 1158 et
967 1132 1034 1158 me
1067 1132 1090 1158 a
1121 1120 1162 1158 te
1203 1118 1426 1158 certiorem

84 1180 242 1219 factum
275 1192 363 1218 esse
396 1177 555 1231 scripsi.

173 1236 295 1286 Quod
319 1236 372 1277 acl
402 1250 481 1290 me,
511 1250 605 1276 mea
630 1234 838 1288 Terentia,
872 1234 1021 1275 scribis
1047 1236 1088 1275 te
1114 1234 1257 1275 Vicum
1285 1234 1428 1275 vendi-

31 1311 65 1335 20
84 1299 240 1349 turam,
274 1295 392 1349 quid,
426 1309 598 1349 opsecro
630 1297 689 1347 te,
721 1308 788 1334 me
819 1294 1056 1347 miseruml,
1095 1293 1198 1347 quid
1234 1294 1428 1334 futurum

84 1355 174 1396 est?
207 1357 265 1408 et,
298 1354 332 1394 si
363 1367 440 1394 nos
471 1356 634 1407 premet
666 1352 810 1393 eadem
841 1352 1023 1405 fortuna,
1056 1352 1160 1406 quid
1189 1366 1320 1406 puero
1352 1352 1429 1393 mi-

84 1427 177 1454 sero
209 1413 310 1454 fiet'?
358 1412 458 1454 Non
491 1426 598 1466 queo
631 1412 794 1465 reliqua
826 1411 1026 1465 scribere3
1064 1413 1182 1451 tanta
1214 1411 1278 1451 vis
1308 1411 1430 1451 lacri—

84 1486 250 1513 marum
293 1474 379 1525 est3
428 1485 564 1524 neque
606 1473 649 1511 te
692 1471 737 1511 in
780 1470 960 1510 eundem
1008 1470 1156 1510 fletum
1206 1469 1429 1525 adducam3

84 1533 252 1571 tantum
283 1530 439 1570 scribo:
484 1528 529 1570 Si
562 1531 685 1570 erunt
716 1529 760 1569 in
793 1529 934 1569 officio
967 1528 1103 1582 amici,
1134 1529 1313 1582 pecunia
1343 1543 1430 1569 non

33 1602 67 1627 25
88 1589 214 1642 derit3
246 1589 281 1629 si
312 1602 398 1628 non
430 1591 565 1641 erunt,
605 1590 652 1628 tu
685 1588 849 1628 efficere
881 1590 955 1628 tua
985 1587 1163 1640 pecunia
1196 1601 1282 1627 non
1313 1590 1430 1641 pote-

86 1648 155 1688 ris.
192 1646 275 1687 Per
299 1647 491 1687 fortunas
516 1646 690 1686 miseras
714 1648 892 1699 nostras,
918 1645 1025 1699 vide,
1056 1660 1109 1685 ne
1133 1660 1313 1699 puerum
1338 1660 1430 1699 per-

88 1706 224 1746 ditum
249 1705 490 1759 perdamus3
523 1705 590 1745 cui
616 1705 650 1744 si
677 1704 838 1757 aliquid
861 1704 953 1757 erit,
983 1718 1036 1744 ne
1062 1706 1195 1758 egeat,
1226 1704 1430 1744 mediocri

87 1765 244 1806 virtute
278 1777 383 1816 opus
415 1765 477 1803 est
509 1765 550 1803 et
581 1762 783 1802 mediocri
815 1762 1004 1815 fortuna,
1041 1764 1089 1801 ut
1121 1764 1258 1802 cetera
1290 1763 1430 1802 co'nse-

88 1826 251 1878 quatur.
297 1821 380 1862 Fac
399 1821 537 1862 valeas
558 1823 599 1860 et
619 1821 672 1860 ad
689 1834 756 1860 me
776 1820 1020 1860 tabellarios
1039 1819 1196 1873 mittaS,
1222 1822 1269 1860 ut
1289 1820 1429 1874 sciam,
1457 1830 1477 1860 6

35 1895 69 1921 30
89 1882 192 1936 quid
233 1883 403 1936 agatur,
445 1882 487 1920 et
523 1893 598 1919 vos
639 1879 741 1932 quid
781 1879 927 1933 agatis.
988 1877 1097 1918 Mihi
1135 1878 1308 1918 omnino
1346 1878 1431 1918 iam

88 1940 229 1982 brevis
256 1938 493 1992 expectatio
520 1940 593 1978 est.
633 1937 840 1977 Tulliolae
867 1940 908 1977 et
929 1935 1122 1977 Ciceroni
1149 1937 1327 1977 salutem
1354 1937 1430 1977 dic.

87 1998 249 2039 Valete.
299 1997 349 2038 D.
377 2012 410 2037 a.
439 1997 474 2036 d.
500 2008 548 2036 VI
573 1995 624 2036 K.
650 1995 870 2036 Decembr.
896 1994 1148 2048 Dyrrhachi.

177 2056 492 2111 Dyrrhachium
523 2055 630 2107 veni,
663 2054 776 2108 quod
809 2056 850 2094 et
879 2053 1015 2094 libera-
1041 2053 1188 2093 civitas
1220 2055 1283 2093 est
1315 2055 1356 2093 et
1387 2053 1431 2093 in
1458 2063 1477 2094 7

89 2130 156 2156 me
196 2115 385 2156 officiosa
423 2116 464 2154 et
499 2113 695 2166 proxima
731 2111 896 2167 Italiae,
938 2112 1026 2166 sed,
1068 2112 1102 2152 si
1144 2111 1328 2152 offendet
1365 2125 1432 2152 me

38 2186 71 2211 35
90 2174 173 2216 loci
205 2174 437 2226 celebritas,
470 2172 552 2212 alio
584 2186 651 2212 me
683 2171 908 2225 conferam,
941 2170 993 2211 ad
1024 2172 1065 2210 te
1098 2169 1290 2210 scribam.
