1659 2552
399 53 464 88 AD
491 52 649 95 QUINT.
675 52 845 88 FRATR.
872 52 1014 87 LIBER
1039 53 1089 86 111
1118 56 1148 88 9.
1357 52 1440 93 561

109 164 243 206 gonae
268 151 376 203 tuae,
409 149 509 204 quoi
536 149 614 190 soli
642 147 816 190 Caesare
842 148 1095 202 imperatore
1122 148 1202 189 iter
1228 162 1279 189 ex
1306 146 1441 188 Gallia

109 211 250 249 tutum
276 222 361 249 non
387 208 478 249 fuit.
511 207 693 261 †Quid?
727 207 763 248 si
789 209 1051 248 caementum
1076 206 1235 247 bonum
1262 221 1346 247 non
1371 206 1442 246 ha-
1468 218 1486 248 7

109 266 264 321 berem,
291 266 509 308 deturbem
529 266 793 307 aedificium?
825 265 938 319 quod
963 265 1132 319 quidem
1157 265 1262 305 mihi
1289 265 1442 306 cotidie

109 326 246 381 magis
284 326 442 379 placet,
482 325 525 365 in
566 325 796 379 primisque
836 324 1012 365 inferior
1050 324 1238 378 porticus
1275 326 1316 364 et
1353 323 1442 364 eius

76 384 325 425 5c>onclavia
363 384 471 424 fiunt
511 386 632 424 recte.
692 382 756 424 De
795 382 962 423 Arcano
1004 381 1191 423 Caesaris
1233 397 1336 436 opus
1380 384 1442 423 est

111 443 178 483 vel
196 442 403 484 mehercle
424 442 550 483 etiam
577 441 846 497 elegantioris
873 441 1068 496 alicuius3
1099 441 1304 496 imagines
1330 440 1441 481 enim

112 501 216 542 istae
248 503 288 542 et
318 501 525 555 palaestra
557 503 597 541 et
627 500 787 554 piscina
819 503 859 540 et
884 499 1008 541 Nilus
1039 500 1271 541 multorum
1301 499 1443 540 Philo-

111 559 313 600 timorum
351 562 429 612 est,
467 572 551 599 non
587 558 870 613 Diphilorum.
933 558 1015 599 Sed
1047 561 1087 599 et
1121 558 1202 612 ipsi
1234 573 1281 599 ea
1312 558 1443 598 adibi-

111 632 205 659 mus
245 621 287 659 et
328 618 544 658 mittemus
585 620 626 658 et
665 617 967 658 mandabimus
1029 616 1091 657 De
1131 617 1282 658 Felicis
1318 619 1442 657 testa·
1469 628 1488 658 8

60 688 94 713 10
112 678 255 717 mento
279 678 371 716 tum
394 676 530 731 magis
550 690 735 730 querare,
767 676 802 716 si
828 676 942 716 scias.
1005 674 1115 724 Quas
1142 675 1253 716 enim
1277 675 1442 716 tabulas

112 749 155 776 se
194 735 359 789 putavit
397 735 637 790 obsignare,
678 734 721 774 in
759 734 912 788 quibus
943 735 972 787 ἢ·
1003 734 1048 774 in
1084 734 1219 774 unciis
1255 734 1444 774 firmissi-

111 808 229 834 mum
267 796 384 834 tenes
420 807 519 833 vero
559 793 700 847 lapsus
741 796 802 833 est
841 807 917 847 per
954 807 1138 833 errorem
1177 795 1217 833 et
1248 807 1371 833 suum
1402 795 1444 833 et

114 850 283 893 Sicurae
315 852 424 892 servi
449 866 534 892 non
561 851 817 907 obsignavit3
849 866 951 905 quas
976 851 1125 905 noluit,
1157 866 1224 892 eas
1251 851 1444 906 obsigna-

113 910 186 951 vit.
218 909 336 951 “AM
363 909 613 964 οἰμωζε’τω’·
645 924 721 951 nos
751 910 876 951 modo
908 910 1130 950 valeamus.
1187 909 1442 963 Ciceronem,
1469 921 1489 952 9

63 979 96 1004 15
114 970 156 1009 et
187 970 234 1009 ut
265 983 399 1024 rogaS,
431 982 537 1022 ame,
570 971 610 1009 et
641 971 688 1009 ut
717 971 902 1009 meretur
927 971 968 1009 et
1000 968 1148 1022 debeo3
1181 968 1349 1009 dimitto
1376 983 1445 1009 au-

113 1029 200 1067 tem
237 1041 260 1067 a
295 1041 382 1081 me,
426 1030 467 1067 et
503 1030 549 1067 ut
588 1042 611 1067 a
646 1027 860 1082 magistris
896 1041 948 1068 ne
986 1027 1210 1081 abducam,
1253 1029 1295 1068 et
1332 1026 1446 1081 quod

113 1087 249 1126 mater
273 1086 302 1138 †
325 1084 476 1126 Porcia
500 1099 585 1126 non
612 1085 797 1140 discedit,
829 1086 917 1126 sine
944 1100 1025 1139 qua
1050 1086 1299 1127 edacitatem
1323 1085 1445 1140 pueri

114 1144 375 1198 pertimesco.
414 1143 496 1184 Sed
527 1158 669 1184 sumus
700 1158 783 1184 una
813 1146 954 1185 tamen
984 1144 1104 1185 valde
1135 1144 1328 1185 multum.
1365 1143 1445 1185 Re-

117 1202 264 1256 scripsi
290 1202 342 1243 ad
368 1202 517 1243 omnia.
561 1202 622 1243 Mi
648 1202 892 1263 suavissime
918 1205 959 1243 et
986 1203 1143 1257 optime
1169 1203 1310 1258 frater,
1341 1203 1444 1244 vale.

191 2308 341 2335 Ciceronis
363 2310 447 2341 epist.
474 2310 496 2335 L
1194 2310 1236 2340 36
