1659 2552
155 1314 174 1343 ῐῧ

198 89 284 130 466
700 87 1038 122 EPISTULARUM

198 199 281 239 quo
314 184 439 226 modo
472 183 763 225 crudelitatem
796 183 997 224 virtutem
1028 185 1166 237 putet3
1206 182 1304 236 scis,
1336 195 1462 236 quam
1493 195 1537 223 se

198 258 362 298 semper
394 259 417 284 a
448 243 571 284 nobis
604 243 788 283 derisum
819 245 957 296 putet3
996 256 1158 295 vereor,
1191 255 1243 282 ne
1274 254 1350 281 nos
1382 240 1536 281 rustice

197 302 340 358 gladio
371 302 475 343 velit
506 301 876 355 ἀντιμυκτηρίσαι.
939 300 1050 349 Quid
1087 300 1177 353 fiat,
1215 299 1251 340 si
1282 313 1349 340 me
1382 298 1536 354 diligis,

198 361 390 402 rescribe.
452 360 557 414 Hui,
590 374 716 414 quam
748 359 875 400 velim
907 359 1030 413 scire,
1067 361 1210 399 utrum
1242 358 1323 398 ista
1353 357 1536 399 sollicito

197 420 338 460 animo
381 434 432 460 an
474 419 613 459 soluto
654 419 785 474 legas!
831 418 960 458 sciam
997 418 1108 459 enim
1149 417 1295 457 eodem
1335 419 1537 470 tempore,

198 478 301 532 quid
324 493 391 519 me
417 478 552 518 facere
580 479 783 531 oporteat.
833 476 898 517 Ne
929 476 1099 532 longior
1125 476 1216 529 sim,
1248 474 1350 529 vale,
1381 489 1460 529 me,
1491 477 1539 516 ut

197 538 311 592 facis,
344 552 446 578 ama.
511 535 555 577 Si
590 535 741 577 Caesar
772 535 891 590 vicit,
924 535 1116 577 celeriter
1146 548 1213 575 me
1245 537 1451 588 exspecta.

825 687 916 728 XX.

524 768 598 803 Ser.
627 768 763 803 Romae
783 768 898 812 paulo
918 771 1002 811 post
1025 778 1077 812 ep.
1105 767 1216 801 XXJ.

509 851 557 886 M.
585 849 753 884 CICERO
781 850 813 884 S.
841 849 883 884 D.
912 848 947 884 C.
976 847 1230 883 TREBONIO.

288 946 542 988 ‘Oratorem’
580 961 721 987 meum
760 944 840 1001 (sic
877 945 988 986 enim
1022 944 1235 1000 inscripsi)
1277 943 1434 986 Sabino
1466 947 1541 985 tuo

201 1005 502 1048 commendavi.
564 1004 694 1046 Natio
732 1019 799 1045 me
836 1004 1022 1045 hominis
1055 1003 1242 1058 impulit,
1280 1006 1326 1044 ut
1359 1003 1396 1044 ei
1429 1006 1540 1044 recte

199 1068 411 1120 putarem3
450 1064 533 1104 nisi
570 1064 680 1105 forte
720 1063 1039 1104 candidatorum
1070 1062 1241 1103 licentia
1271 1062 1341 1102 hic
1373 1075 1541 1116 quoque

199 1139 300 1165 usus
330 1124 412 1164 hoc
443 1123 585 1164 subito
613 1137 846 1178 cognomen
873 1122 1069 1175 arripuit3
1102 1121 1180 1161 etsi
1211 1120 1426 1162 modestus
1452 1121 1541 1161 eius

203 1183 343 1224 vultus
380 1196 601 1236 sermoque
640 1183 835 1222 constans
871 1180 1027 1221 habere
1066 1179 1265 1234 quiddam
1303 1194 1327 1220 a
1359 1178 1541 1220 Curibus

200 1241 433 1282 videbatur.
497 1239 580 1281 Sed
612 1240 660 1280 de
694 1239 851 1280 Sabino
883 1239 995 1279 satis.

290 1299 371 1353 Tu,
408 1299 468 1340 mi
500 1299 701 1352 Treboni,
740 1298 939 1352 quoniam
978 1297 1030 1337 ad
1067 1310 1253 1337 amorem
1290 1310 1430 1336 meum
1469 1296 1542 1336 ali-

203 1361 408 1412 quantum
441 1357 523 1398 olei
550 1357 764 1397 discedens
791 1356 1001 1409 addidisti,
1033 1369 1116 1408 quo
1142 1354 1406 1395 tolerabilius
1438 1354 1541 1395 fera-

202 1431 296 1457 mus
337 1416 571 1471 igniculum
613 1415 807 1456 desiderii
845 1415 925 1468 tui,
970 1414 1127 1454 crebris
1164 1428 1241 1454 nos
1280 1413 1436 1454 litteris
1473 1427 1541 1467 ap-

202 1475 377 1530 pellato,
418 1477 544 1528 atque
581 1473 657 1527 ita,
695 1473 729 1513 si
768 1473 878 1514 idem
916 1474 989 1513 fiet
1027 1488 1049 1512 a
1080 1472 1214 1512 nobis.
1277 1470 1541 1525 Quamquam

204 1534 309 1574 duae
336 1547 482 1573 causae
507 1535 617 1586 sunt,
649 1546 722 1572 cur
747 1534 793 1572 tu
819 1531 1081 1585 frequentior
1107 1531 1150 1571 in
1177 1531 1258 1571 isto
1285 1530 1427 1571 officio
1453 1544 1541 1571 esse

205 1592 356 1633 debeas
394 1606 520 1645 quam
557 1605 651 1644 nos,
694 1590 879 1644 primum
920 1590 1032 1644 quod
1074 1589 1176 1630 olim
1216 1589 1425 1642 solebant,
1470 1588 1542 1643 qui

204 1650 363 1691 Romae
396 1652 526 1703 erant,
557 1649 609 1690 ad
639 1649 911 1703 provincialis
943 1649 1107 1689 amicos·
1126 1648 1176 1689 de
1208 1662 1251 1689 re
1282 1663 1320 1702 p.
1347 1647 1543 1700 scribere⁷

203 1723 316 1750 nunc
353 1711 399 1749 tu
431 1708 554 1749 nobis
592 1707 751 1748 scribas
783 1710 950 1761 oportet
983 1706 1067 1761 (res
1099 1707 1212 1747 enim
1246 1705 1416 1761 publica
1448 1706 1557 1746 istic‘

205 1766 305 1824 est)3
349 1767 498 1808 deinde
536 1767 650 1820 quod
686 1781 762 1807 nos
800 1766 893 1806 aliis
932 1765 1084 1806 officiis
1120 1765 1200 1806 tibi
1239 1764 1403 1805 absenti
1440 1765 1576 1805 satis·-

205 1827 341 1867 facere
372 1840 612 1880 possumus,
653 1828 699 1865 tu
731 1825 854 1866 nobis
886 1825 966 1865 nisi
1005 1824 1159 1865 litteris
1190 1838 1276 1864 non
1307 1823 1429 1863 video
1462 1837 1544 1877 qua

206 1900 250 1926 re
283 1885 364 1925 alia
395 1884 497 1924 satis
528 1885 663 1924 facere
694 1883 840 1937 possis.
905 1882 987 1924 Sed
1019 1885 1155 1923 cetera
1193 1882 1349 1923 scribes
1381 1881 1434 1921 ad
1466 1895 1544 1922 nos

206 1947 369 1998 postea3
409 1957 520 1983 nunc
550 1942 652 1983 haec
683 1942 822 1996 primo
855 1942 978 1996 cupio
1011 1954 1279 1997 cognoscere,
1312 1940 1392 1980 iter
1423 1942 1543 1980 tuum

207 2003 325 2043 cuius
350 2001 466 2042 modi
493 2001 558 2054 sit,
591 2001 665 2041 ubi
692 2000 872 2041 Brutum
898 2002 1091 2041 nostrum
1116 1999 1282 2053 videris,
1315 2012 1440 2052 quam
1473 1998 1544 2039 diu

208 2061 334 2101 simul
353 2060 500 2114 fueris3
533 2059 692 2113 deinde,
719 2073 813 2099 cum
834 2058 1086 2113 processeris
1105 2058 1286 2114 longius,
1313 2057 1361 2097 de
1383 2056 1545 2097 bellicis

208 2120 352 2173 rebus,
385 2119 434 2159 de
472 2121 564 2159 toto
602 2117 795 2173 negotio,
834 2120 881 2158 ut
919 2117 1159 2158 existimare
1191 2115 1420 2170 possimus,
1461 2129 1544 2169 quo

208 2180 320 2218 statu
352 2178 492 2218 simus.
556 2176 650 2231 Ego
688 2179 853 2216 tantum
885 2191 951 2216 me
989 2176 1094 2216 scire
1126 2174 1302 2229 putabo,
1341 2177 1545 2226 quantum

1561 866 1593 890 10

1563 1193 1594 1218 15

1562 1486 1596 1510 20

1565 2069 1599 2093 30

209 2252 259 2276 ex
291 2236 375 2277 tuis
406 2235 561 2276 litteris
590 2234 756 2275 habebo
783 2235 1011 2289 cognitum.
1075 2232 1195 2287 Cura,
1227 2235 1274 2273 ut
1300 2231 1438 2272 valeas
1463 2246 1548 2273 me·
1575 2276 1578 2279 ,

210 2309 289 2348 que
321 2308 433 2334 ames
466 2307 607 2334 amore
640 2293 712 2333 illo
745 2296 819 2334 tuo
851 2292 1066 2348 singulari.
