1659 2552
603 78 746 112 LIBER,
769 78 853 112 XVI
879 81 1027 113 25—27.
1394 77 1480 118 489

144 173 341 215 videlicet
378 176 419 215 et
455 174 770 228 properatione,
807 188 855 214 ea
891 176 938 214 tu
976 173 1064 214 sine
1096 173 1402 228 adsentatione,
1434 175 1482 214 ut

146 235 281 287 erant,
314 232 365 273 ad
396 247 464 273 me
495 233 717 287 scripsisti,
758 235 800 273 et
829 232 1012 273 maxime
1044 232 1094 273 de
1126 246 1205 273 cos.
1241 232 1481 288 designatiS,

146 306 250 345 quos
289 306 367 346 ego
404 291 573 346 penitus
604 291 703 332 novi
740 291 967 332 libidinum
999 294 1041 332 elz
1076 291 1294 347 languoris
1326 291 1481 332 effemi-

144 350 352 390 natissimi
391 351 519 390 animi
560 350 717 404 plenos.
786 349 866 399 Qui
903 350 985 391 nisi
1023 365 1046 390 a
1085 350 1382 405 gubernaculis
1420 364 1481 390 re-

111 420 126 444 5
147 409 363 462 cesserint,
399 409 632 450 maximum
670 409 722 450 ab
760 409 956 450 universo
993 409 1214 465 naufragio
1245 409 1481 463 perieulum

145 470 218 508 est.
278 465 591 522 Incredibilest,
630 482 735 522 quae
773 482 851 523 ego
890 467 986 508 illos
1018 468 1102 509 seio
1142 468 1348 522 oppositis
1388 467 1481 508 Gal-

144 526 284 566 lorum
322 526 468 566 castris
505 526 550 567 in
587 526 757 567 aestivis
794 526 958 581 fecisse,
997 541 1101 581 quos
1132 527 1203 567 ille
1234 527 1363 582 labro,
1399 526 1481 566 nisi

146 584 307 638 aliquid
337 585 500 625 firmius
532 585 672 639 fuerit,
704 585 903 626 societate
928 585 1131 626 vitiorum
1158 585 1348 626 deleniet.
1398 584 1482 625 Res

146 646 208 684 est
234 646 306 684 auh
330 643 570 684 tribuniciis
597 646 669 684 auh
693 644 870 698 privatis
890 641 1084 684 'consiliis
1108 644 1352 700 munienda,
1384 659 1481 684 nam

95 702 217 742 misti
250 702 331 743 duo
357 702 429 743 vix
461 705 558 742 sunt
590 702 719 758 digni,
752 702 906 756 quibus
937 703 1059 743 alteri
1090 702 1328 758 Caesenam,
1360 703 1481 743 alteri

147 760 491 802 Cossutianarum
523 761 793 802 tabernarum
826 761 1099 802 fundamenta
1130 762 1283 802 credas.
1333 761 1403 816 Te,
1435 764 1482 802 ut

146 819 246 874 dixi,
277 820 366 860 fero
399 821 443 860 in
475 820 617 860 oculis.
678 819 772 875 Ego
798 835 873 861 vos
899 835 931 860 a.
960 820 996 861 d.
1027 832 1078 860 ΙΙΙ
1103 820 1153 861 Κ.
1186 821 1338 862 videbo
1369 823 1481 861 tuos-

147 893 226 931 que
259 878 419 932 oeulos,
458 879 621 919 etiamsi
660 881 700 919 te
732 879 903 919 veniens
940 879 984 919 in
1022 879 1161 920 medio
1199 880 1292 920 foro
1324 879 1482 934 videro,

145 937 416 978 dissaviabor.
477 937 545 978 Me
578 952 681 978 ama.
742 937 858 978 Vale.
