1659 2552
185 93 205 130 1
216 91 235 130 1
243 90 268 130 G
684 87 1026 123 EPISTULARUM

183 199 328 240 opera,
361 184 557 239 consilio,
589 184 859 239 auctoritate,
891 183 1031 239 gratia
1062 198 1156 224 mea
1188 183 1249 225 816
1281 185 1457 224 utantur
1487 183 1533 225 in

184 243 382 285 omnibus
412 243 611 298 publicis,
643 243 838 297 privatis,
871 241 1129 297 forensibus,
1161 241 1404 284 domesticis
1435 242 1532 296 tuis,

184 302 437 357 amicorum,
481 302 720 356 hospitum,
766 301 986 342 clientium
1023 303 1197 342 tuorum
1234 301 1435 357 negotiis,
1473 303 1532 356 ut,

185 361 299 415 quod
324 361 414 402 eius
439 361 531 402 fieri
558 361 703 416 possit,
736 360 999 414 praesentiae
1031 362 1129 402 tuae
1156 359 1412 401 desiderium
1436 373 1532 401 meo

182 420 329 461 labore
360 420 587 461 minuatur.

822 523 894 565 IX.

262 606 335 641 Ser.
363 606 405 640 in
429 606 558 640 castris
583 605 759 640 Naronae
784 616 818 639 α.
851 605 885 639 d.
920 605 955 638 V
974 605 1032 639 Id.
1065 605 1188 650 Quint.
1215 616 1248 639 a.
1277 606 1350 640 709
1377 606 1468 649 (45).

469 684 697 721 VATINIUS
723 686 819 722 IMP.
848 685 1073 722 CICERONI
1099 685 1188 721 SUO
1216 685 1250 721 S.

276 770 315 812 S.
349 770 399 812 V.
432 770 478 811 B.
511 769 559 810 E.
592 769 640 810 E.
667 769 718 811 V.
783 768 827 810 Si
860 773 978 811 tuam
1010 769 1359 811 consuetudinem
1389 769 1434 810 in
1465 783 1536 824 pa-

187 830 338 871 trocin'
329 830 379 870 118
411 829 579 870 tuendis
607 843 760 883 ser,vas
792 828 837 870 P.
864 828 1065 870 Vatinius
1091 829 1221 870 cliens
1247 828 1429 883 advenit,
1462 828 1535 883 qui
1556 841 1590 866 ιο

186 903 263 943 pro
303 903 346 929 se
385 902 553 929 causam
586 887 717 929 dicier
747 888 850 929 vult.
912 887 1029 942 Non,
1061 890 1184 942 puto,
1216 886 1460 942 repudiabis
1491 887 1537 928 in

186 948 359 1001 11011016,
392 961 518 1001 quem
549 946 594 987 in
625 946 815 1001 periculo
848 947 1055 1001 recepisti.
1117 945 1212 1002 Ego
1243 949 1385 988 autem
1411 960 1537 1000 quem

187 1006 330 1060 potius
369 1006 568 1060 adoptem
607 1008 680 1046 aut
711 1006 905 1046 invocem
944 1020 1071 1060 quam
1102 1005 1241 1060 illum,
1280 1019 1364 1059 quo
1398 1004 1537 1046 defen-

188 1065 311 1105 dente
344 1065 512 1105 vincere
545 1064 702 1105 dich’ei‘?
733 1063 803 1105 An
834 1078 990 1119 verear,
1022 1078 1086 1118 ne,
1120 1064 1192 1118 qui
1223 1063 1538 1118 potentissimo-

186 1138 282 1164 rum
301 1123 525 1164 hominum
545 1123 904 1178 conspirationem
923 1123 1160 1179 neglexerit
1178 1137 1256 1177 pro
1276 1137 1370 1164 mea
1390 1122 1537 1177 salute,
1558 1134 1590 1159 15

186 1183 222 1224 is
253 1196 331 1236 pro
363 1182 525 1223 honore
556 1196 651 1222 meo
683 1182 938 1236 pusillorum
964 1196 1012 1223 ae
1036 1182 1345 1223 malevolorum
1376 1183 1538 1236 optrec-

187 1241 371 1282 tationes
421 1243 463 1282 et
505 1240 686 1281 invidias
738 1255 824 1282 non
872 1243 1115 1295 prosternat
1165 1243 1290 1295 atque
1341 1239 1537 1295 opterat‘?

188 1299 338 1354 Quare,
370 1299 405 1340 si
436 1313 520 1353 me,
553 1299 662 1340 sicut
693 1299 820 1354 80168,
861 1314 993 1355 amas,
1034 1299 1198 1353 suscipe
1229 1313 1366 1340 meme
1397 1301 1538 1341 totum

188 1361 315 1412 atque
351 1357 450 1412 hoc,
489 1357 692 1411 quiequid
730 1360 791 1398 est
831 1359 970 1399 oneris
1008 1372 1055 1398 ae
1086 1358 1294 1412 muneris,
1334 1371 1413 1412 pro
1443 1371 1538 1399 mea

189 1417 397 1472 dignitate
416 1416 498 1457 tibi
517 1416 722 1457 tuendum
748 1430 795 1456 ac
821 1416 1115 1457 sustinendum
1133 1418 1247 1470 puta.
1288 1415 1379 1457 Scis
1398 1430 1537 1458 meam
1558 1428 1591 1453 20

188 1475 405 1516 fortunam
430 1475 571 1515 nescio
599 1489 682 1529 quo
708 1475 835 1515 modo
862 1475 984 1516 facile
1011 1474 1318 1516 obtrectatores
1347 1474 1537 1516 invenire

188 1548 275 1575 non
314 1548 408 1574 meo
451 1533 622 1587 quidem
665 1533 926 1574 mehercules
969 1534 1144 1587 merito,
1189 1533 1262 1575 sed
1306 1534 1455 1588 quanti
1494 1533 1539 1575 id

188 1593 330 1647 refert,
363 1592 398 1633 si
429 1595 571 1633 tamen
603 1592 691 1632 fato
723 1593 864 1633 nescio
897 1606 980 1646 quo
1013 1592 1195 1633 accidit?
1246 1591 1291 1633 Si
1324 1592 1397 1647 qui
1427 1592 1539 1634 forte

189 1651 329 1706 fuerit,
363 1651 435 1704 qui
467 1654 636 1691 nostrae
669 1650 869 1706 dignitati
902 1651 1047 1692 obesse
1079 1651 1193 1705 velit,
1224 1654 1324 1705 peto
1357 1666 1381 1692 a
1405 1654 1458 1706 te,
1490 1654 1538 1692 ut

189 1713 306 1751 tuam
348 1709 695 1750 consuetudinem
740 1712 781 1750 et
823 1710 1125 1751 liberalitatem
1168 1710 1213 1750 in
1252 1723 1320 1751 me
1364 1710 1537 1752 absente
1557 1720 1590 1747 25

190 1768 452 1810 defendendo
484 1768 591 1809 mihi
621 1771 819 1822 praestes.

276 1826 461 1868 Litteras
502 1827 554 1867 ad
594 1830 787 1868 senatum
829 1827 878 1867 (16
910 1827 1036 1868 rebus
1067 1827 1225 1868 nostris
1264 1827 1413 1882 gestis,
1451 1840 1536 1881 quo

143 1921 160 1928 -
189 1886 383 1940 exemplo
420 1886 636 1940 miseram,
675 1886 785 1926 infra
817 1886 898 1926 tibi
929 1886 1167 1940 perscripsi.
1229 1884 1399 1926 Dicitur
1428 1885 1536 1926 mihi

188 1947 287 1986 tuus
325 1959 470 1986 servus
512 1947 765 2000 anagnostes
806 1944 1014 2000 fugitivus
1056 1958 1152 1985 cum
1188 1943 1393 1985 Vardaeis
1435 1958 1534 1985 esse.

188 2002 252 2044 De
285 2017 368 2057 quo
400 2006 447 2044 tu
479 2003 586 2044 mihi
617 2003 726 2044 nihil
757 2003 978 2057 mandasti,
1011 2017 1089 2059 ego
1121 2006 1275 2057 tamen,
1306 2004 1419 2043 terra
1449 2017 1535 2044 ma·
1555 2015 1589 2040 30

188 2062 309 2116 rique
347 2064 394 2102 ut
432 2062 769 2117 conquireretur,
810 2061 1110 2116 praemandavi
1147 2063 1189 2102 et
1225 2060 1416 2115 profecto
1454 2061 1536 2102 tibi

187 2120 309 2161 illum
341 2121 560 2175 reperiam,
592 2121 675 2161 nisi
701 2121 735 2161 si
761 2121 805 2161 in
831 2120 1088 2161 Dalmatiam
1112 2119 1339 2174 aufugerit,
1372 2122 1413 2160 et
1438 2119 1536 2161 inde

189 2182 329 2219 tamen
352 2180 578 2233 aliquando
600 2194 755 2220 eruam.
789 2179 853 2220 Tu
872 2193 949 2220 nos
969 2179 1033 2220 fac
1054 2192 1178 2220 ames.
1222 2176 1339 2219 Vale.
1371 2178 1422 2219 A.
1443 2179 1480 2220 d.
1494 2177 1536 2219 V

186 2235 246 2277 Id.
280 2236 514 2286 Quinctiles
547 2253 596 2280 ex
629 2237 777 2279 castris
808 2237 992 2279 Narona.
