1659 2552
152 939 171 969 ΚΟ

196 69 282 111 458
699 69 1038 105 EPISTULARUM

807 210 922 253 XIII.

396 292 470 327 Scr.
498 294 616 327 eodem
643 293 716 327 loeo
741 296 773 327 et
798 297 950 336 tempore
975 303 1044 337 quo
1069 304 1121 336 ep.
1148 292 1213 326 IV
1233 296 1266 326 et
1292 292 1339 326 X.

432 374 480 408 M.
509 373 676 408 CICERO
707 372 803 407 IMP.
830 372 864 407 S.
890 372 932 409 D.
960 372 998 408 L.
1025 373 1181 408 PAULO
1209 373 1305 409 COS.

286 456 470 497 Maxime
501 457 607 497 mihi
641 457 722 498 fuit
749 459 943 511 optatum
968 456 1130 498 Romae
1156 472 1244 499 esse
1270 460 1411 500 tecum
1436 459 1543 500 mul-

197 518 261 556 tas
295 516 348 556 ob
382 530 542 570 causas,
581 515 654 556 sed
690 516 932 570 praecipue,
970 519 1018 556 ut
1056 519 1096 556 et
1134 517 1178 556 in
1209 518 1391 571 petendo
1425 521 1466 559 et
1498 518 1542 558 in

197 575 382 627 gerendo
409 575 629 615 consulatu
660 589 802 615 meum
834 575 913 615 tibi
942 574 1131 615 debitum
1165 576 1351 617 studium
1383 577 1542 631 perspi-

198 648 289 673 cere
334 647 487 686 posses.
557 633 621 673 Ac
663 633 883 687 petitionis
927 634 1098 687 quidem
1141 636 1239 675 tuae
1283 635 1392 676 ratio
1435 635 1542 676 mihi

198 706 363 745 semper
393 692 475 732 fuit
507 692 736 746 explorata,
768 692 840 732 sed
871 695 1013 733 tamen
1043 707 1197 734 navare
1229 707 1401 748 operam
1431 694 1543 735 vole-

197 750 312 804 bam3
351 751 394 790 in
433 751 653 791 consulatu
691 765 790 791 vero
830 751 953 805 cupio
992 751 1187 805 equidem
1218 754 1260 793 te
1301 753 1440 793 minus
1471 752 1542 793 ha-

198 809 296 849 bere
328 809 502 863 negotii,
536 809 607 849 sed
637 809 814 849 moleste
846 810 936 850 fero
967 824 1035 850 me
1067 810 1282 851 consulem
1308 814 1429 852 tuum
1457 815 1541 852 stu-

199 868 315 908 dium
342 868 620 908 adulescentis
645 868 919 923 perspexisse,
950 870 992 909 te
1017 883 1170 922 meum,
1203 883 1298 910 cum
1324 870 1368 910 id
1393 871 1543 911 aetatis

199 926 295 979 sim,
336 927 573 981 perspicere
611 941 696 967 non
733 942 865 981 posse.
929 926 1010 968 Sed
1048 927 1108 968 ita
1148 930 1236 969 fato
1277 929 1418 970 nescio
1456 943 1540 983 quo

199 985 426 1040 contigisse
465 985 668 1039 arbitror,
706 989 754 1026 ut
790 985 871 1026 tibi
909 986 961 1026 ad
997 1000 1064 1026 me
1104 987 1338 1028 ornandum
1377 1002 1542 1042 semper

200 1044 322 1084 detur
359 1044 554 1098 facultas,
592 1044 699 1085 mihi
732 1044 784 1085 ad
821 1045 1175 1085 remunerandum
1206 1046 1314 1086 nihil
1346 1050 1543 1101 suppetat

196 1105 365 1156 praeter
389 1103 664 1143 voluntatem.
726 1102 897 1143 Ornasti
930 1104 1212 1158 consulatum,
1245 1105 1403 1145 omasti
1436 1105 1542 1146 redi-

197 1164 289 1201 tum
321 1176 479 1215 meum3
521 1161 670 1202 incidit
706 1176 848 1202 meum
885 1164 1052 1216 tempus
1091 1177 1230 1203 rerum
1262 1163 1542 1218 gerendarum

197 1220 241 1259 in
268 1220 406 1273 ipsum
427 1220 693 1261 consulatum
718 1223 850 1261 tuum.
901 1219 1061 1274 ltaque,
1094 1236 1188 1261 cum
1215 1224 1256 1262 et
1281 1225 1354 1262 tua
1378 1236 1544 1263 summa

198 1278 434 1332 amplitudo
474 1282 515 1319 et
554 1279 738 1334 dignitas
771 1282 813 1319 et
843 1293 962 1319 meus
993 1294 1173 1334 magnus
1204 1280 1340 1321 honos
1371 1295 1542 1336 magna-

198 1351 278 1390 que
317 1337 576 1378 existimatio
616 1337 831 1391 postulare
869 1332 1082 1391 videatur,
1122 1341 1169 1378 ut
1207 1353 1230 1378 a
1266 1341 1308 1379 te
1346 1339 1542 1392 plurimis

197 1395 338 1435 verbis
370 1396 622 1436 contendam
654 1410 701 1436 ac
732 1398 891 1449 petam,
929 1398 976 1436 ut
1008 1410 1135 1449 quam
1166 1396 1541 1438 honorificentissi-

196 1468 313 1494 mum
353 1456 522 1494 senatus
560 1454 800 1494 consultum
839 1454 888 1494 de
925 1454 1030 1494 meis
1063 1455 1188 1495 rebus
1219 1456 1351 1510 gestis
1383 1456 1541 1497 faciun-

198 1512 297 1552 dum
331 1526 460 1566 cures,
493 1526 578 1553 non
610 1512 743 1553 audeo
769 1512 1040 1553 vehementer
1072 1528 1095 1553 a
1125 1516 1167 1554 te
1195 1514 1458 1568 contendere,
1489 1529 1542 1556 ne

197 1574 269 1611 aut
301 1571 390 1624 ipse
421 1573 518 1611 tuae
549 1574 777 1625 perpetuae
804 1571 1120 1612 consuetudinis
1152 1586 1252 1628 erga
1283 1588 1350 1613 me
1383 1573 1542 1615 oblitus

199 1644 286 1669 esse
314 1629 457 1669 videar
489 1632 561 1669 aut
592 1632 633 1669 te
667 1629 848 1670 oblitum
879 1633 1036 1684 putem.
1101 1629 1250 1685 Quare,
1282 1634 1330 1672 ut
1360 1634 1402 1673 te
1434 1632 1542 1673 velle

197 1688 399 1741 arbitror,
436 1688 497 1728 ita
528 1688 679 1728 faciam
712 1691 838 1742 atque
870 1688 922 1729 ab
955 1703 1021 1742 eo,
1060 1703 1185 1743 quem
1218 1704 1362 1730 omnes
1393 1693 1542 1745 gentes
1579 1703 1592 1727 .-

196 1746 335 1787 sciunt
368 1746 416 1787 de
448 1761 515 1787 me
543 1747 702 1801 optime
734 1747 946 1801 meritum,
978 1747 1166 1788 breviter
1195 1751 1347 1802 petam.
1391 1748 1435 1790 Si
1468 1749 1541 1790 alii

196 1805 387 1845 consules
414 1808 562 1859 essent,
595 1805 647 1846 ad
678 1808 720 1846 te
751 1806 1032 1860 potissimum,
1063 1805 1205 1862 Paule,
1236 1807 1462 1862 mitterem,
1494 1811 1543 1849 ut

196 1878 266 1905 eos
303 1863 410 1904 mihi
443 1879 569 1918 quam
608 1864 885 1905 amicissimos
924 1864 1136 1919 redderes3
1173 1880 1302 1920 nunc,
1340 1879 1435 1906 cum
1468 1869 1541 1907 tua

195 1937 359 1963 summa
389 1926 577 1976 potestas
603 1937 850 1977 summaque
877 1923 1106 1964 auctoritas
1131 1927 1317 1978 notaque
1344 1924 1541 1966 omnibus

194 1984 339 2021 nostra
364 1981 629 2022 necessitudo
656 1982 722 2035 sit,
754 1981 1026 2022 vehementer
1056 1985 1097 2022 te
1124 1997 1242 2038 rogo,
1274 1985 1321 2023 ut
1346 1985 1388 2023 et
1414 1997 1541 2037 quam
1561 1997 1576 2019 :J

195 2040 623 2080 honorificentissime
668 2054 786 2080 cures
832 2040 1139 2081 decernendum
1182 2041 1231 2082 de
1270 2041 1374 2081 meis
1416 2041 1541 2083 rebus

196 2098 327 2153 gestis
360 2101 401 2139 et
439 2113 566 2152 quam
598 2098 826 2139 celerrime.
889 2098 1051 2154 Dignas
1090 2113 1155 2140 res
1188 2114 1276 2140 esse
1307 2099 1467 2140 honore
1500 2103 1542 2141 et

196 2157 482 2211 gratulatione
526 2171 752 2212 cognosces
791 2172 842 2197 ex
883 2157 934 2197 iis
971 2157 1147 2211 litteris,
1188 2172 1291 2212 quas
1329 2158 1381 2198 ad
1421 2160 1461 2199 te
1501 2161 1542 2199 et

197 2215 403 2270 collegam
442 2217 483 2256 et
521 2218 714 2256 senatum
745 2215 913 2269 publice
945 2216 1052 2256 misi.
1116 2215 1399 2270 Omniumque
1431 2231 1543 2258 mea-

197 2287 290 2313 rum
323 2274 582 2328 reliquarum
609 2288 750 2315 rerum
776 2274 1041 2328 maximeque
1068 2274 1393 2316 existimationis
1424 2290 1541 2317 meae

1563 824 1595 848 10

1563 1117 1595 1142 15

1560 2278 1594 2312 :15
