1659 2552
587 81 730 115 LIBER,
754 81 821 116 XII
847 86 948 117 3-5.
1348 82 1437 124 335

97 178 311 231 exercent,
349 178 391 216 et
428 176 597 230 quidem
634 179 801 230 praeter
838 179 998 218 ceteros
1034 190 1112 217 me.
1175 175 1436 231 Quamquam

97 235 292 291 egregios
325 235 515 275 consules
547 235 761 287 habemus,
794 235 866 276 sed
897 235 1164 288 turpissimos
1197 236 1438 290 consularis,

99 296 291 334 senatum
329 294 501 347 fortem,
540 293 611 334 sed
649 294 796 334 infimo
829 307 1037 347 quemque
1068 293 1229 334 honore
1261 294 1438 334 fortissi-

98 366 233 406 mum3
264 352 422 406 populo
454 366 553 392 vero
585 352 692 392 nihil
725 352 888 405 fortius,
918 352 1028 392 nihil
1058 351 1208 392 melius
1233 350 1438 406 Italiaque

62 423 79 448 5
99 411 314 464 universa3
346 410 454 451 nihil
486 413 626 451 autem
658 410 822 451 foedius
847 410 1046 464 Philippo
1079 412 1121 451 et
1145 409 1298 451 Pisone
1329 411 1439 465 lega-

101 469 168 523 tis,
199 469 309 509 nihil
339 469 603 524 flagitiosius.
666 468 746 518 Qui
779 483 873 509 cum
906 472 1043 510 essent
1073 468 1203 523 missi,
1235 471 1282 509 ut
1306 468 1439 509 Anto-

100 528 172 569 nio
205 542 255 569 ex
288 531 456 568 senatus
487 527 695 568 sententia
727 530 861 568 certas
893 542 958 568 res
991 527 1306 581 denuntiarent,
1345 541 1439 568 cum

101 587 172 627 ille
205 600 348 627 earum
380 600 520 626 rerum
551 585 658 626 nulli
689 586 913 639 paruisset,
944 586 1058 627 ultro
1090 585 1142 626 ab
1174 585 1248 626 illo
1281 585 1333 626 ad
1363 600 1440 626 nos

102 644 388 686 intolerabilia
418 644 632 698 postulata
664 644 928 685 rettulerunt.
989 643 1138 698 Itaque
1164 644 1216 685 ad
1242 658 1319 685 nos
1346 657 1440 685 con-

48 715 82 740 10
103 703 305 757 curritur,
341 703 525 756 factique
558 703 642 743 iam
674 703 717 743 in
750 717 793 743 re
825 703 998 744 salutari
1030 702 1254 757 populares
1285 716 1439 743 sumus.

192 761 275 803 Sed
294 764 341 802 tu
361 761 464 816 quid
483 775 639 817 ageres,
673 761 774 815 quid
800 764 980 815 acturus,
1011 761 1085 802 ubi
1113 761 1292 815 denique
1318 775 1440 815 esses,

100 820 356 875 nesciebam3
399 820 512 860 fama
551 819 775 860 nuntiabat
815 822 856 860 te
894 830 985 860 'esse
1025 820 1069 860 in
1111 818 1250 874 Syria,
1293 822 1440 860 auctor

102 882 192 920 erat
228 893 363 919 nemo.
424 877 489 919 De
526 877 678 932 Bruto,
720 892 803 932 quo
840 878 1014 932 propius
1053 880 1131 931 est,
1173 892 1221 918 eo
1252 878 1443 918 firmiora

101 938 300 979 videntur
332 951 438 991 esse,
470 950 576 990 quae
607 937 866 977 nuntiantur.
929 936 1151 977 Dolabella
1182 936 1302 977 valde
1334 936 1442 976 vitu-

52 1007 83 1033 15
103 996 331 1051 perabatur
368 995 420 1036 ab
457 995 702 1036 hominibus
739 1009 823 1035 non
863 995 1049 1049 insulsis,
1087 995 1200 1049 quod
1236 994 1317 1035 tibi
1354 997 1442 1035 tam

104 1055 189 1096 cito
233 1054 490 1108 succederet,
535 1067 629 1094 cum
672 1056 720 1094 tu
756 1053 931 1094 vixdum
967 1065 1062 1094 xxx
1107 1053 1194 1094 dies
1235 1053 1278 1093 in
1319 1051 1442 1106 Syria

104 1114 265 1154 fuisses.
325 1111 475 1166 Itaque
513 1112 733 1153 constabat
771 1126 866 1153 eum
904 1113 1033 1166 recipi
1072 1112 1115 1152 in
1154 1110 1319 1165 Syriam
1357 1125 1443 1151 non

105 1174 310 1227 oportere.
373 1170 547 1212 Summa
577 1170 668 1211 laus
695 1173 735 1211 et
761 1173 834 1211 tua
865 1173 906 1211 et
931 1170 1055 1211 Bruti
1081 1173 1154 1224 est,
1187 1170 1299 1223 quod
1330 1183 1444 1210 exer-

105 1231 237 1272 citum
267 1232 434 1284 praeter
465 1243 582 1283 spem
615 1229 915 1270 existimamini
948 1242 1220 1283 comparasse.
1282 1226 1444 1268 Scribe-

53 1302 86 1327 20
106 1304 194 1331 rem
212 1289 346 1343 plura,
371 1288 408 1328 si
426 1302 516 1328 rem
536 1301 785 1341 causamque
804 1301 989 1342 nossem3
1014 1301 1136 1341 nunc,
1163 1301 1268 1341 quae
1293 1286 1444 1340 scribo,

106 1348 245 1389 scribo
287 1361 338 1388 ex
378 1346 577 1401 opinione
616 1346 838 1387 hominum
879 1349 1004 1400 atque
1045 1346 1166 1386 fama.
1228 1343 1338 1385 Tuas
1377 1344 1445 1385 lit-

105 1410 217 1448 teras
248 1405 369 1447 avide
401 1407 607 1459 exspecto.
669 1403 786 1446 Vale.

753 1555 804 1598 V.

333 1636 408 1672 Ser.
434 1636 571 1672 Romae
590 1637 689 1681 prid.
716 1636 813 1671 Non.
842 1636 946 1671 Febr.
974 1647 1007 1670 α.
1035 1638 1103 1670 711
1133 1637 1221 1679 (43).

59 1722 91 1747 25
568 1716 735 1752 CICERO
763 1716 923 1751 CASSIO
957 1716 990 1751 S.

198 1813 394 1855 Hiemem
425 1812 548 1854 credo
580 1812 716 1853 adhuc
746 1811 1025 1866 prohibuisse,
1058 1824 1140 1864 quo
1166 1810 1305 1850 minus
1332 1809 1380 1849 de
1406 1811 1448 1849 te

111 1876 273 1914 certum
303 1872 571 1924 haberemus,
610 1870 712 1924 quid
743 1883 887 1925 ageres
918 1869 1183 1922 maximeque
1214 1868 1288 1908 ubi
1320 1881 1448 1921 essesz,

110 1931 395 1986 loquebantur
435 1943 578 1970 omnes
617 1931 758 1969 tamen
797 1926 956 1984 (credo,
998 1926 1111 1981 quod
1146 1924 1363 1980 volebant)
1404 1925 1449 1965 in

113 1990 237 2045 Syria
261 1992 303 2030 te
329 2003 428 2042 esse,
459 1987 615 2028 habere
641 1986 792 2041 copias.
852 1984 903 2026 Id
933 1987 1074 2026 autem
1100 1998 1148 2025 eo
1174 1983 1338 2024 facilius
1365 1997 1449 2024 cre-

61 2061 95 2087 30
115 2049 310 2102 debatur,
351 2047 449 2102 quia
489 2045 625 2086 simile
662 2045 750 2085 veri
790 2044 1022 2085 videbatur.
1084 2042 1241 2083 Brutus
1279 2041 1448 2095 quidem

113 2109 258 2149 noster
289 2105 502 2162 egregiam
532 2103 699 2145 laudem
731 2105 794 2144 est
826 2104 1089 2155 consecutus,
1120 2115 1186 2141 res
1217 2100 1329 2141 enim
1359 2102 1449 2140 tan-

114 2169 179 2207 tas
209 2165 341 2222 gessit
371 2167 541 2217 tamque
567 2162 817 2216 inopinatas,
848 2163 895 2201 ut
921 2174 992 2201 eae
1018 2174 1111 2200 cum
1136 2173 1211 2213 per
1236 2172 1279 2198 se
1304 2160 1449 2213 gratae

117 2227 255 2265 essent
284 2226 377 2265 tum
409 2222 641 2264 ornatiores
672 2222 845 2274 propter
877 2218 1143 2259 celeritatem.
1206 2215 1365 2265 Quodsi
1401 2218 1449 2256 tu

117 2297 164 2324 ea
194 2285 328 2337 tenes,
360 2295 465 2336 quae
496 2282 710 2334 putamus,
750 2277 915 2333 magnis
947 2276 1145 2318 subsidiis
1176 2274 1284 2315 fulta
1314 2288 1379 2315 res
1409 2289 1448 2328 p.

1466 770 1485 800 N)
