1659 2552
627 121 770 155 LIBER
795 120 827 155 x
853 124 916 165 31,
944 124 1000 156 32.
1405 121 1492 162 295

147 216 351 272 ignorat?
412 215 504 257 Hae
536 216 648 257 enim
679 216 846 272 legione
872 215 960 258 noli
987 215 1124 256 acrius
1156 217 1228 256 aut
1259 216 1493 271 pugnacius

149 275 376 329 quicquam
408 278 558 328 putare
591 289 690 316 esse.
752 274 890 323 Quare
927 288 1024 315 eum
1062 288 1129 315 me
1166 274 1361 315 existima
1394 289 1494 329 esse,

149 334 221 387 qui
252 334 439 388 primum
471 333 586 388 pacis
619 333 915 387 cupidissimus
948 333 1027 374 sim
1060 331 1217 388 (omnis
1249 333 1360 374 enim
1390 333 1493 373 civis

148 393 272 447 plane
313 392 461 433 studeo
503 406 592 433 esse
629 390 808 447 salvos),
849 391 999 432 deinde
1035 391 1110 445 qui
1148 395 1190 432 et
1226 406 1292 431 me
1325 394 1365 432 et
1404 406 1491 432 rem

115 451 365 506 5publicam
398 450 611 492 vindicare
649 451 694 491 in
730 450 973 491 libeltatem
1009 452 1181 504 paratus
1220 449 1310 490 sim.
1372 449 1495 498 Quod

150 510 401 550 familiarem
433 524 574 550 meum
605 512 778 550 tuorum
810 522 985 550 numero
1017 508 1158 563 habes,
1192 508 1390 562 opinione
1421 511 1495 549 tua

149 568 256 609 mihi
288 568 451 624 gratius
484 570 568 622 est3
599 568 768 609 invideo
800 567 864 608 illi
895 570 1054 621 tamen,
1087 567 1201 621 quod
1232 567 1421 608 ambulat
1453 569 1495 607 et

151 627 315 668 iocatur
346 630 498 668 tecum.
547 626 741 680 Quaeres,
775 626 922 680 quanti
948 626 1176 666 aestimem.
1222 624 1267 667 Si
1293 639 1494 679 umquam

150 685 321 726 licuerit
351 685 493 726 vivere
525 685 570 726 in
602 685 707 739 otio,
745 684 991 739 experieris3
1028 684 1194 725 nullum
1226 684 1339 725 enim
1370 683 1495 725 vesti—

101 756 132 781 ιο
151 744 271 799 gium
303 758 378 798 aps
409 746 450 784 te
483 743 739 785 discessurus
765 757 869 784 sum.
930 742 1043 784 Illud
1067 742 1338 784 vehementer
1365 742 1495 783 admi-

152 817 234 857 ror,
265 817 352 843 non
384 803 599 856 scripsisse
637 805 678 843 te
709 802 834 856 mihi,
871 801 1079 842 manendo
1111 801 1156 842 in
1192 801 1411 855 provincia
1442 815 1495 841 an

152 861 342 903 ducendo
379 861 612 902 exercitum
644 861 687 901 in
717 859 886 901 Italiam
918 860 979 901 rei
1003 875 1042 914 p.
1068 860 1205 915 magis
1231 859 1333 900 satis
1359 860 1494 900 facere

150 920 322 974 possim.
384 919 478 975 Ego
512 919 693 973 quidem⁷
726 919 804 959 etsi
836 918 942 959 mihi
975 918 1109 959 tutius
1135 932 1183 959 ac
1209 918 1350 959 minus
1380 917 1496 958 labo-

151 979 312 1020 riosum
353 981 416 1019 est
455 992 645 1032 manere,
684 980 847 1032 tamen,
889 977 988 1031 quia
1025 977 1147 1018 video
1189 977 1265 1017 tali
1305 979 1495 1030 tempore

100 1048 132 1073 15
152 1037 289 1078 multo
332 1037 469 1092 magis
510 1036 752 1092 legionibus
797 1050 902 1090 opus
946 1050 1033 1076 esse
1078 1050 1205 1089 quam
1253 1035 1496 1089 provinciis,

152 1110 259 1150 quae
289 1095 539 1150 praesertim
564 1095 803 1149 recuperari
834 1094 952 1135 nullo
977 1094 1151 1149 negotio
1180 1096 1369 1147 possunt,
1401 1107 1497 1134 con-

153 1154 286 1208 stitui,
318 1157 366 1195 ut
396 1168 509 1195 nunc
534 1156 608 1208 est,
640 1168 735 1194 cum
762 1153 949 1194 exercitu
973 1152 1195 1206 proficisci.
1256 1152 1419 1193 Deinde
1445 1166 1497 1192 ex

152 1213 322 1267 litteris7
355 1227 458 1266 quas
489 1212 650 1253 Pansae
681 1212 796 1266 misi,
829 1225 1056 1266 cognosces
1089 1210 1247 1264 omnia3
1286 1225 1384 1251 nam
1416 1209 1497 1250 tibi

153 1286 299 1313 earum
331 1271 546 1326 exemplar
576 1270 685 1312 misi.
747 1282 845 1311 XVII
876 1269 926 1310 K.
952 1268 1055 1324 Apr.
1083 1268 1291 1310 Corduba.

100 1436 133 1460 20
740 1419 915 1462 XXXII.

400 1502 475 1538 Ser.
505 1501 690 1537 Cordubae
723 1502 781 1536 VI
799 1502 856 1536 Id.
882 1502 969 1536 Iun.
995 1514 1029 1536 a.
1057 1504 1126 1536 ¹711
1155 1502 1246 1544 (43).

473 1583 510 1618 O.
537 1583 725 1618 ASINIUS
751 1582 922 1617 POLLIO
949 1581 1182 1616 CICERONI.

243 1679 403 1720 Balbus
434 1681 633 1732 quaestor
669 1693 823 1733 magna
854 1679 1074 1718 numerata
1104 1676 1300 1730 pecunia,
1341 1689 1496 1730 magno

155 1738 341 1792 pondere
380 1737 490 1791 auri,
532 1737 691 1777 maiore
729 1736 896 1791 argenti
937 1737 1081 1776 coacto
1120 1734 1171 1775 de
1210 1734 1394 1788 publicis
1431 1747 1499 1773 ex—

105 1809 138 1834 25
158 1796 410 1850 act-ionibus,
440 1809 493 1836 ne
519 1794 730 1848 stipendio
757 1794 927 1847 quidem
952 1793 1162 1834 militibus
1187 1792 1352 1833 reddito
1380 1791 1501 1831 duxit

156 1870 200 1897 se
221 1870 244 1896 a
265 1854 454 1895 Gadibus
479 1856 522 1894 et
546 1853 736 1894 triduum
767 1854 1018 1906 tempestate
1043 1853 1232 1892 retentus
1263 1850 1317 1891 ad
1343 1849 1500 1903 Calpen

157 1914 208 1955 K.
240 1912 332 1954 Iun.
371 1911 538 1954 traiecit
576 1925 664 1952 sese
701 1911 746 1951 in
784 1925 962 1966 regnum
999 1909 1190 1964 Bogudis
1229 1909 1353 1962 plane
1394 1907 1499 1948 bene

156 1972 403 2026 peculiatus.
464 1970 544 2011 His
581 1969 825 2010 rumoribus
862 1971 1006 2009 utrum
1039 1967 1167 2008 Gadis
1207 1967 1415 2007 referatur
1446 1980 1499 2007 an

157 2030 339 2072 Romam
371 2028 443 2085 (ad
477 2028 668 2084 singulos
700 2027 812 2068 enim
843 2027 1016 2067 nuntios
1047 2025 1291 2080 turpissime
1323 2024 1500 2065 consilia

105 2101 139 2126 30
157 2088 327 2145 mutat),
357 2088 545 2129 nondum
577 2086 674 2127 scio.
737 2085 820 2126 Sed
849 2088 1016 2139 praeter
1046 2084 1160 2124 furta
1185 2086 1227 2124 et
1257 2083 1425 2137 rapinas
1454 2084 1499 2123 et

158 2148 292 2203 virgis
322 2161 464 2188 caesos
496 2145 631 2186 socios
661 2144 765 2184 haec
790 2158 957 2197 quoque
989 2143 1100 2196 fecit,
1132 2144 1179 2182 ut
1204 2142 1294 2195 ipse
1323 2141 1500 2196 gloriari

159 2206 285 2259 solet,
317 2206 462 2247 eadem
493 2218 599 2258 quae
633 2202 675 2243 O.
709 2201 877 2243 Caesar:
908 2201 1051 2254 Ludis,
1084 2214 1189 2254 quos
1221 2199 1411 2240 Gadibus
1442 2199 1500 2240 fe-

159 2264 233 2319 cit,
264 2263 527 2305 Herennium
554 2261 722 2303 Gallum
741 2260 993 2301 histrionem
1013 2273 1177 2300 summo
1202 2258 1401 2299 ludorum
1433 2257 1499 2298 die

159 2323 285 2364 anulo
312 2337 438 2364 aureo
466 2322 669 2363 donatum
694 2320 738 2360 in
763 2330 863 2359 XIIII
889 2332 1049 2359 sessum
1076 2317 1250 2358 deduxit
1275 2315 1360 2372 (tot
1386 2316 1499 2357 enim
