1659 2552
103 620 123 650 ιθ

149 100 233 142 162
656 97 997 134 EPISTULARUM

146 198 188 237 te
213 195 369 237 litteris
402 209 528 250 quam
561 209 612 235 ex
643 194 748 235 meis
779 193 892 234 malo
919 206 1190 248 cognoscere3
1222 192 1326 247 quid
1351 194 1494 234 autem

148 269 312 309 sperem
345 257 417 295 aut
449 254 657 294 confidam
690 255 731 293 et
763 252 1031 306 exploratum
1065 251 1245 292 habeam
1278 251 1328 292 de
1359 251 1494 293 salute

148 316 239 368 tua,
278 313 321 354 id
352 313 432 353 tibi
465 327 489 352 a
520 327 586 353 me
626 311 827 352 declarari
860 310 968 351 volo.
1036 309 1169 364 Nam,
1203 309 1237 351 si
1270 310 1495 365 quisquam

149 375 212 413 est
243 371 419 412 timidus
450 371 494 411 in
526 371 691 425 magnis
723 369 1055 424 periculosisque
1087 368 1214 409 rebus
1245 383 1494 424 semperque

148 430 285 485 magis
324 430 521 470 adversos
563 444 703 469 rerum
745 428 883 469 exitus
923 431 1116 468 metuens
1156 442 1283 482 quam
1323 442 1496 482 sperans
1532 438 1549 464 ⁵

150 489 365 542 secundos,
398 489 433 529 is
465 502 543 543 ego
576 502 669 528 sum
701 490 753 541 et,
786 487 819 527 si
858 486 940 527 hoo
976 486 1188 541 vitiumst,
1220 500 1269 528 eo
1306 501 1374 528 me
1409 501 1497 528 non

150 562 289 589 carere
322 550 536 588 confiteor.

238 606 332 661 Ego
366 606 476 647 idem
507 608 649 645 tamen
682 618 777 644 cum
809 618 843 644 a.
877 603 913 644 d.
945 615 975 644 V
1001 603 1052 644 K.
1084 603 1354 645 intercalares
1384 604 1496 658 prio-

151 679 216 706 res
249 667 400 720 rogatu
439 664 619 704 fratrum
656 666 829 703 tuorum
861 663 1069 704 venissem
1110 677 1233 704 mane
1265 663 1318 704 ad
1350 661 1496 704 Caesa-

150 738 239 764 rem
281 727 406 777 atque
449 737 617 763 omnem
658 722 838 762 adeundi
881 724 923 762 et
963 722 1241 762 conveniendi
1282 721 1398 763 illius
1435 723 1495 763 in·
1516 733 1549 758 10

152 782 403 838 (lignitatem
443 784 484 822 et
524 781 763 821 molestiam
803 780 1091 835 pertulissem,
1133 794 1228 821 cum
1265 781 1417 822 fratres
1454 784 1497 822 et

150 841 379 896 propinqui
412 840 473 881 tui
507 840 691 881 iacerent
724 839 776 880 ad
806 839 945 894 pedes,
978 842 1020 880 et
1051 853 1130 895 ego
1157 854 1291 881 essem
1316 839 1495 895 locutus,

151 914 257 954 quae
291 914 423 953 causa,
457 913 562 953 quae
594 902 716 939 tuum
747 901 915 952 tempus
946 898 1208 952 postulabat,
1240 913 1326 939 non
1357 899 1496 940 solum

151 973 201 999 ex
234 959 424 999 oratione
458 957 658 1011 Caesaris,
691 971 797 1011 quae
823 972 921 998 sane
946 957 1088 998 mollis
1115 960 1156 998 et
1181 957 1370 998 liberalis
1401 958 1496 1013 fuit,

151 1017 222 1058 sed
266 1017 393 1058 etiam
438 1031 489 1058 ex
533 1017 667 1057 oculis
711 1019 753 1057 et
795 1016 938 1071 vultu,
988 1030 1040 1057 ex
1082 1016 1229 1057 multis
1277 1020 1495 1071 praeterea
1516 1027 1548 1052 15

151 1076 301 1131 signis,
343 1090 448 1130 quae
489 1075 656 1116 facilius
692 1075 929 1129 perspicere
969 1075 1091 1129 potui
1133 1090 1260 1129 quam
1301 1076 1496 1130 scribere,

149 1134 227 1175 hac
271 1135 470 1188 opinione
517 1134 708 1186 discessi,
752 1137 800 1174 ut
836 1133 943 1174 mihi
980 1136 1055 1174 tua
1093 1134 1204 1175 salus
1243 1134 1373 1175 dubia
1409 1149 1496 1176 non

153 1195 271 1234 esset.
334 1193 469 1242 Quam
508 1193 562 1234 ob
601 1207 690 1233 rem
727 1192 793 1233 fac
833 1193 975 1233 animo
1015 1207 1171 1248 magno
1212 1193 1399 1248 fortique
1440 1193 1497 1235 sis

151 1255 203 1306 01,
237 1252 272 1292 31
299 1252 591 1293 turbidissima
617 1252 828 1305 sapienter
853 1251 1029 1305 ferebas,
1060 1252 1357 1306 tranquilliora
1388 1252 1497 1293 laete

150 1311 270 1351 feras.
332 1310 426 1366 Ego
459 1314 601 1351 tamen
632 1311 718 1350 tuis
750 1310 875 1350 rebus
907 1310 967 1350 310
998 1309 1123 1351 adero
1156 1313 1203 1351 ut
1230 1311 1495 1352 difficillimis
1515 1320 1550 1346 20

151 1383 286 1423 neque
321 1368 487 1410 Caesari
526 1369 682 1423 solum,
724 1368 796 1409 sed
828 1368 955 1409 etiam
987 1369 1133 1409 amicis
1165 1369 1254 1410 eius
1287 1369 1496 1424 omnibus,

153 1442 257 1481 quos
290 1428 394 1468 mihi
428 1427 706 1468 amicissimos
738 1441 825 1468 esse
858 1427 1056 1482 cognovi,
1087 1441 1164 1481 pro
1197 1430 1255 1482 te,
1287 1428 1397 1469 sicut
1427 1428 1497 1470 ad-

151 1486 233 1527 huc
265 1486 363 1541 feci,
395 1486 675 1527 libentissime
707 1485 967 1540 supplicabo.
1029 1485 1171 1527 Vales

773 1637 865 1678 XV.

454 1718 527 1753 Ser.
555 1718 691 1753 Romae
715 1719 772 1753 Id.
801 1718 915 1753 Mart.
943 1731 975 1753 α.
1006 1722 1076 1754 710
1104 1722 1194 1764 (44).
1517 1730 1551 1757 25

578 1799 745 1834 CICERO
773 1799 942 1834 BASILO
974 1800 1070 1834 SAL.

239 1895 335 1936 Tibi
376 1895 589 1951 gratulor,
631 1895 737 1936 mihi
778 1896 963 1951 gaudeo3
1004 1898 1045 1936 te
1087 1910 1203 1951 amo,
1243 1899 1317 1938 tua
1354 1899 1497 1951 tueor;

151 1970 174 1995 a
214 1956 255 1995 10
300 1955 430 1995 amari
476 1958 536 2010 et,
582 1955 684 2009 quid
727 1970 848 2010 agas,
897 1954 1083 2009 quidque
1127 1958 1298 2011 agatur,
1344 1956 1498 1997 certior

150 2013 242 2054 fieri
274 2013 383 2054 volo.

1633 2278 1656 2552 *ra-‘’2⁴⁸'—
