1659 2552
179 99 264 141 372
678 97 1021 132 EPISTULARUM

134 208 154 238 3
181 194 309 236 simul
336 194 571 250 significem
599 193 648 234 de
681 207 858 233 numero
892 207 980 233 esse
1014 192 1143 247 Cuspi
1176 193 1426 248 amicorum3
1457 192 1532 234 sed

180 254 291 295 hanc
334 252 764 305 commendationem,
809 266 936 306 quam
977 251 1043 292 his
1084 252 1240 292 litteris
1281 252 1530 308 consignare

181 313 310 367 volui,
343 313 448 353 scito
482 326 570 352 esse
598 311 788 351 omnium
813 310 1127 366 gravissimam3
1159 325 1257 351 nam
1283 309 1327 351 P.
1350 310 1530 366 Cuspius

181 371 387 427 singulari
421 371 561 411 studio
595 368 812 409 contendit
838 384 862 409 a
886 383 971 424 me,
1003 371 1051 410 ut
1082 369 1163 410 tibi
1195 383 1321 423 quam
1354 369 1531 425 diligen-

181 431 345 472 tissime
371 429 416 470 L.
443 429 601 470 Iulium
629 428 977 469 commendarem.
1040 427 1146 468 Eius
1179 442 1257 483 ego
1291 428 1431 469 studio
1458 429 1530 470 vix
1569 440 1586 465 5

182 489 329 530 videor
360 489 463 529 mihi
499 487 600 527 satis
632 487 768 528 facere
799 501 940 541 posse,
973 487 1007 527 si
1039 489 1135 527 utar
1166 487 1307 527 verbis
1339 487 1409 541 iis,
1441 488 1531 541 qui-

182 548 273 602 bus,
300 562 391 588 cum
417 546 740 601 diligentissime
761 546 864 599 quid
890 546 1067 601 agimus,
1100 545 1162 586 uti
1190 545 1390 599 solemus3
1421 560 1532 586 nova

184 607 388 661 quaedam
421 605 609 660 postulat
641 607 682 645 et
713 607 837 659 putat
867 619 935 645 me
973 605 1062 645 eius
1103 605 1271 660 generis
1303 605 1531 645 artificium

184 666 396 720 quoddam
428 668 582 705 tenere.
645 663 698 703 Ei
731 677 810 719 ego
842 663 1060 717 pollicitus
1092 677 1185 704 sum
1210 677 1278 704 me
1305 677 1356 704 ex
1381 663 1533 704 intima

182 728 328 765 nostra
366 726 455 764 arte
494 723 845 777 deprompturum
883 722 1113 763 mirificum
1150 736 1284 777 genus
1322 736 1532 763 commen·
1552 735 1586 760 10

184 783 377 824 dationis.
427 781 478 823 Id
504 782 705 835 quoniam
733 781 905 835 adsequi
933 796 1018 822 non
1043 795 1228 835 possum,
1260 784 1307 822 tu
1334 795 1378 822 re
1403 781 1532 822 velim

184 842 359 895 effic-ias,
400 843 449 881 ut
485 841 557 881 ille
594 854 748 896 genere
785 854 975 881 mearum
1012 840 1253 880 litterarum
1285 839 1532 881 incredibile

136 913 158 943 4
185 901 385 955 quiddam
416 901 652 954 perfectum
685 898 927 940 arbitretur.
989 897 1039 939 Id
1070 898 1209 953 facies,
1241 898 1276 939 si
1309 913 1432 940 omne
1463 912 1533 955 ge-

184 975 262 1000 nus
300 958 589 1012 liberalitatis,
632 958 746 1012 quod
783 960 824 998 et
862 958 914 998 ab
952 957 1217 998 humanitate
1250 960 1291 998 et
1321 959 1532 1012 potestate

184 1022 257 1059 tua
288 1018 499 1073 proficisci
531 1016 708 1071 poterit,
749 1030 835 1057 11011
866 1016 993 1057 1110110
1026 1031 1081 1071 10,
1115 1016 1188 1057 sed
1219 1016 1347 1057 etiam
1378 1016 1532 1070 verbis,
1553 1028 1585 1053 15

184 1077 306 1118 vultu
339 1077 519 1130 denique
552 1076 881 1130 exprompseris3
914 1090 1020 1129 quae
1050 1078 1255 1129 quantum
1288 1075 1334 1116 in
1363 1075 1532 1129 provin-

185 1136 247 1177 cia
280 1136 465 1189 valeant,
498 1135 650 1175 vellem
683 1137 881 1188 expertus
914 1149 1018 1188 esse,
1052 1134 1123 1175 sed
1155 1137 1297 1175 tamen
1329 1134 1532 1188 suspicor.

183 1194 328 1249 Ipsum
353 1194 584 1247 hominem,
611 1207 737 1247 quem
762 1193 843 1234 tibi
871 1193 1131 1246 commendo,
1163 1193 1417 1249 perdignum
1443 1206 1533 1234 esse

184 1256 258 1294 tua
284 1253 482 1307 amicitia,
514 1267 599 1293 non
625 1252 763 1293 solum
791 1252 890 1305 quia
914 1252 1022 1292 mihi
1044 1251 1224 1306 Cuspius
1251 1251 1364 1306 dicit,
1397 1251 1533 1306 eredo,

185 1313 355 1353 tametsi
388 1312 433 1353 id
463 1311 565 1351 satis
597 1325 685 1351 esse
714 1310 905 1363 debebat,
938 1311 1010 1351 sed
1042 1311 1140 1363 quia
1171 1311 1271 1351 novi
1304 1311 1393 1351 eius
1426 1310 1532 1351 iudi·
1552 1322 1585 1347 20

186 1372 298 1412 cium
331 1371 373 1411 in
405 1369 652 1411 hominibus
685 1372 726 1410 et
759 1369 904 1409 amicis
938 1369 1182 1423 deligendis.

139 1442 158 1473 5
273 1429 438 1469 Harum
470 1428 711 1469 litterarum
736 1428 800 1468 vis
833 1430 990 1481 quanta
1021 1428 1161 1481 fuerit,
1193 1427 1440 1481 propediem
1472 1427 1533 1468 iu-

187 1488 335 1529 dicabo
368 1487 550 1541 tibique,
583 1489 631 1527 ut
663 1486 846 1539 confido,
879 1486 1037 1541 gratias
1076 1501 1209 1541 agam.
1272 1485 1388 1542 Ego,
1425 1500 1532 1540 quae

185 1550 226 1588 te
253 1547 360 1588 velle
388 1559 577 1600 quaeque
604 1545 656 1585 ad
681 1548 723 1585 te
755 1545 966 1599 pertinere
996 1544 1248 1599 arbitrabor,
1281 1545 1423 1585 omnia
1447 1547 1532 1586 stu-

186 1606 301 1646 diose
336 1605 646 1660 diligenterque
681 1603 848 1644 curabo.
913 1603 1034 1657 Cura,
1066 1606 1114 1644 ut
1145 1603 1295 1644 valeas.
1552 1614 1586 1640 25

802 1754 864 1796 VI
879 1771 912 1796 a.

569 1837 643 1872 Ser.
670 1837 757 1871 ibid.
785 1836 858 1871 eod.
885 1837 958 1879 fere
984 1841 1147 1880 tempore.

262 1921 316 1955 M.
347 1919 538 1955 CICERO
567 1919 606 1964 Q.
640 1917 880 1953 VALERIO
909 1918 947 1963 Q.
976 1918 1021 1953 F.
1052 1918 1228 1953 ORCAE
1251 1917 1454 1953 PROCOS.

274 2015 320 2058 P.
349 2015 587 2069 Cornelius,
628 2014 699 2068 qui
738 2014 818 2054 tibi
855 2014 1020 2054 litteras
1051 2014 1127 2055 has
1160 2013 1290 2067 dedit,
1333 2016 1394 2054 est
1425 2013 1531 2054 mihi

186 2091 209 2117 a
240 2075 285 2116 P.
320 2074 477 2130 Cuspio
517 2072 852 2125 commendatus,
894 2072 1011 2113 cuius
1051 2087 1172 2113 causa
1211 2075 1368 2126 quanto
1406 2085 1531 2126 opere
1551 2084 1584 2109 30

187 2148 383 2188 cuperem
423 2134 720 2186 deberemque,
761 2132 952 2185 profecto
986 2146 1036 2171 ex
1074 2146 1140 2172 me
1172 2131 1294 2171 facile
1326 2131 1530 2186 cognosti.

186 2193 474 2234 Vehementer
510 2194 551 2232 10
591 2204 713 2246 rogo,
752 2193 799 2230 ut
831 2204 967 2243 cureS,
999 2192 1047 2230 ut
1078 2189 1238 2230 ex·hac
1270 2189 1532 2230 commenda-

186 2252 302 2292 tione
328 2251 434 2292 mihi
457 2250 637 2304 Cuspius
664 2263 789 2302 quam
816 2248 1021 2289 maximas
1042 2262 1168 2302 quam
1193 2247 1378 2302 primum
1405 2263 1531 2302 quam

189 2311 431 2363 saepissime
464 2309 623 2365 gratias
656 2310 764 2362 agat.
827 2306 943 2348 Vale.

1376 2396 1420 2446 l
