1659 2552
1398 100 1424 140 Q·

1427 99 1454 140 01

594 101 736 136 LIBER
760 100 811 135 VI
837 103 961 135 8—10.
1370 99 1391 140 1

744 243 816 285 IX.

392 325 466 360 Ser.
494 325 630 360 Romae
655 325 705 359 iu.
731 335 775 359 m.
803 323 889 359 Dec.
916 334 949 358 a.
978 325 1051 357 708
1079 324 1168 366 (46).

366 407 416 441 M.
450 406 618 441 CICERO
651 404 894 440 FURFANIO
927 403 1119 439 PROCOS.
1157 403 1190 438 S.

198 489 305 531 Cum
336 489 386 531 A.
421 489 599 531 Caecina
634 492 753 530 tanta
789 488 895 529 mihi
932 487 1199 528 familiaritas
1231 490 1451 528 consuetu-

54 562 70 588 5
110 549 247 603 doque
280 563 445 603 semper
475 549 568 603 fuit,
601 551 648 589 ut
678 547 795 589 nulla
825 547 962 588 maior
987 561 1075 587 esse
1100 545 1252 601 possit,
1284 561 1383 586 nam
1409 549 1450 586 et

107 611 227 662 patre
259 608 359 662 eius,
392 607 504 648 claro
535 607 707 648 homine
739 609 781 647 et
812 606 914 647 forti
944 605 1055 659 viro,
1090 605 1325 659 plurimum
1356 619 1449 645 sum

107 681 207 707 usus
244 669 286 707 et
322 666 435 707 hunc
466 681 490 706 a
525 679 675 720 puero,
719 665 833 719 quod
869 667 911 705 et
948 678 1065 718 spem
1104 678 1303 719 magnam
1343 663 1450 704 mihi

108 724 324 766 adferebat
368 739 555 766 summae
597 724 825 779 probitatis
869 737 1140 776 summaeque
1183 722 1449 777 eloquentiae

107 786 149 824 et
185 783 356 824 vivebat
397 798 563 824 mecum
606 782 948 841 coniunctissime
990 795 1077 822 non
1118 781 1256 822 solum
1296 780 1449 822 officiis

54 856 87 881 10
107 842 334 896 amicitiae,
373 842 446 882 sed
482 842 610 883 etiam
648 841 799 882 studiis
837 840 1149 893 communibus,
1188 840 1248 880 sic
1284 854 1450 894 semper

108 901 253 955 dilexi,
292 903 339 941 ut
375 915 461 942 non
498 901 586 941 ullo
624 914 720 941 cum
750 900 922 941 homine
954 899 1220 939 coniunctius
1250 898 1447 939 viverem.

105 958 229 1001 Nihil
267 959 419 1000 attinet
455 973 522 1000 me
558 959 682 1013 plura
720 959 922 1012 scribere3
967 972 1094 1011 quam
1134 957 1241 998 mihi
1280 971 1448 998 necesse

107 1018 162 1058 sit
193 1018 282 1058 eius
314 1018 493 1059 salutem
525 1020 566 1058 et
597 1018 801 1072 fortunas,
834 1017 1170 1072 quibuscumque
1196 1015 1322 1056 rebus
1353 1030 1447 1081 pos-

106 1077 204 1131 sim,
244 1077 372 1130 tueri,
413 1077 540 1117 vides.
602 1076 832 1131 Reliquum
870 1078 950 1129 est,
988 1078 1053 1129 ut,
1094 1089 1189 1115 oum
1227 1075 1447 1130 cognorim

53 1148 86 1174 15
105 1135 300 1201 pluribus
331 1135 473 1189 rebus,
512 1135 615 1189 quid
645 1138 693 1175 tu
724 1138 766 1176 et
798 1135 847 1175 de
879 1134 1090 1175 bonorum
1121 1134 1292 1174 fortuna
1324 1135 1365 1173 et
1398 1133 1447 1174 de

106 1194 167 1235 rei
197 1209 237 1248 p.
270 1193 581 1235 calamitatibus
613 1194 802 1248 sentires,
833 1193 942 1233 nihil
974 1208 997 1232 a
1027 1195 1069 1233 te
1100 1194 1254 1246 petam,
1285 1191 1368 1231 nisi
1400 1195 1447 1232 ut

106 1252 160 1293 ad
190 1267 282 1293 eam
312 1253 592 1306 voluntatem,
631 1267 758 1306 quam
794 1255 868 1292 tua
905 1253 1055 1306 sponte
1091 1265 1192 1306 erga
1224 1249 1447 1291 Caecinam

104 1311 329 1352 habiturus
372 1325 498 1365 esses,
546 1314 690 1351 tantus
734 1310 926 1352 cumulus
970 1309 1139 1350 accedat
1183 1309 1448 1350 commenda-

105 1370 221 1410 tione
251 1385 361 1424 mea,
404 1370 551 1424 quanti
588 1385 656 1410 me
688 1384 711 1410 a
742 1372 783 1410 te
815 1369 908 1409 fieri
939 1368 1154 1423 intellego.
1216 1367 1311 1408 Hoc
1341 1368 1447 1408 mihi

53 1442 86 1467 20
105 1429 268 1484 gratius
299 1429 435 1470 facere
466 1428 575 1469 nihil
606 1430 738 1482 potes.
799 1427 917 1468 Vale.

749 1580 800 1621 X.

458 1660 532 1695 Ser.
560 1660 696 1694 Romae
720 1661 808 1694 med.
842 1671 875 1694 a.
904 1661 976 1693 703
1008 1662 1099 1703 (46).

480 1741 529 1775 M.
563 1740 730 1775 CICERO
763 1740 1008 1775 TREBIANO
1035 1740 1069 1775 S.

194 1835 288 1892 Ego
321 1836 468 1889 quanti
492 1838 535 1876 te
560 1835 712 1876 faciam
738 1850 985 1889 semperque
1011 1835 1183 1876 fecerim
1215 1835 1446 1889 quantique

53 1907 87 1933 25
105 1909 172 1936 me
199 1910 223 1935 a
247 1898 289 1935 te
320 1895 412 1935 fieri
444 1894 736 1947 intellexerim,
770 1908 863 1934 sum
893 1894 1000 1934 mihi
1031 1894 1121 1947 ipse
1146 1894 1277 1934 testis.
1333 1893 1446 1934 Nam

106 1956 148 1994 et
185 1953 408 1994 consilium
444 1955 566 1993 tuum
603 1952 671 1992 vel
709 1966 827 1992 casus
863 1951 1006 2005 potius
1045 1952 1204 1992 diutius
1241 1952 1286 1992 in
1318 1951 1446 1992 armis

105 2012 302 2053 civilibus
334 2010 622 2052 commorandi
655 2025 819 2064 semper
849 2010 956 2050 mihi
993 2025 1148 2065 magno
1183 2010 1319 2050 dolori
1352 2011 1445 2064 fuit,

105 2073 147 2111 et
182 2070 253 2111 hic
291 2073 484 2123 eventus,
527 2068 641 2123 quod
679 2069 861 2122 tardius,
894 2083 1021 2122 quam
1061 2072 1124 2109 est
1161 2083 1362 2122 aequum,
1404 2072 1446 2109 et

105 2143 232 2183 quam
272 2143 350 2185 ego
391 2129 562 2181 vellem,
607 2128 813 2181 reciperas
853 2127 1069 2167 fortunam
1110 2129 1151 2167 et
1193 2127 1445 2182 dignitatem

52 2199 86 2224 30
104 2190 239 2242 tuam,
276 2187 383 2228 mihi
418 2201 504 2228 non
540 2186 697 2227 minori
735 2200 856 2226 curae
889 2188 968 2239 est,
1010 2200 1136 2239 quam
1167 2185 1248 2226 tibi
1280 2200 1445 2240 semper

102 2246 275 2287 fuerunt
312 2260 429 2287 casus
466 2245 561 2286 mei.
621 2243 771 2298 Itaque
809 2247 850 2285 et
886 2243 1191 2285 Postumuleno
1230 2246 1271 2284 et
1305 2243 1443 2285 Sestio

103 2307 145 2345 et
164 2304 406 2358 saepissime
424 2304 570 2345 Attico
589 2305 736 2344 nostro
755 2303 1031 2357 proximeque
1052 2302 1261 2358 Theudae,
1286 2302 1442 2343 liberto
