1659 2552
149 230 169 260 6

197 120 283 162 326
710 118 1051 153 EPISTULARUM

284 215 495 266 Quorsum
521 215 654 271 igitur
672 215 775 256 haec
795 215 930 256 oratio
951 213 1134 269 longior,
1161 227 1288 268 quam
1313 214 1538 268 putaram?

195 274 303 325 Quia
334 290 427 316 sum
458 274 688 315 admiratus
721 277 773 328 te,
806 274 878 328 qui
910 273 1013 313 haec
1044 287 1166 313 nosse
1201 272 1391 328 deberes,
1424 273 1538 327 quic-

195 349 321 389 quam
363 349 386 374 a
425 348 491 374 me
533 333 824 386 commissum,
865 332 979 386 quod
1017 334 1125 372 esset
1167 331 1352 373 alienum
1392 334 1538 373 nostra

195 393 392 447 amicitia,
424 391 659 433 credidisse.
720 390 832 433 Nam
863 393 1031 446 praeter
1060 390 1180 445 haec,
1219 404 1325 444 quae
1358 404 1537 432 comme-

193 452 377 506 moravi,
419 465 524 505 quae
566 452 718 491 testata
755 452 854 491 sunt
891 452 933 491 et
970 448 1186 503 inlustria,
1228 449 1365 490 habeo
1403 449 1538 490 multa
1575 462 1591 487 5

195 511 442 563 occultiora,
488 524 593 563 quae
635 509 704 549 vix
745 508 886 550 verbis
927 508 1098 562 exsequi
1137 522 1321 562 possum.
1385 506 1538 549 Omnia

194 584 261 611 me
299 572 372 609 tua
410 568 635 621 delectant,
674 567 746 608 sed
782 567 965 608 maxime
1001 567 1187 607 maxima
1224 581 1319 607 cum
1357 566 1462 608 fides
1493 567 1537 608 in

195 628 393 681 amicitia,
425 627 659 681 consilium,
690 627 890 682 gravitas,
922 626 1158 667 constantia
1183 628 1276 667 tum
1301 625 1431 680 lepos,
1462 625 1538 667 hu-

195 688 388 741 manitas,
418 686 598 726 litterae.

285 745 551 799 Quapropter
570 743 714 800 (redeo
739 757 851 784 nunc
877 743 930 784 ad
955 741 1188 799 querelam)
1214 757 1293 799 ego
1319 745 1362 784 te
1391 742 1538 783 suffra·
1557 757 1590 782 ιο

195 804 315 860 gium
346 804 494 845 tulisse
525 803 569 843 in
601 803 675 843 illa
704 803 797 858 lege
828 802 1014 857 primum
1045 816 1131 843 non
1164 801 1343 857 credidi3
1377 801 1538 856 deinde,

196 863 231 904 si
269 862 559 916 credidissem,
598 876 830 916 numquam
870 861 914 902 id
953 861 1042 901 sine
1084 861 1226 915 aliqua
1266 860 1377 902 iusta
1415 874 1538 901 causa

197 922 483 963 existimarem
515 923 556 961 te
587 920 745 961 fecisse.
786 920 985 976 Dignitas
1015 922 1087 960 tua
1119 920 1238 974 facit,
1274 922 1322 960 ut
1353 918 1539 960 animad-

196 983 398 1035 vertatur,
430 979 632 1034 quicquid
651 979 795 1034 facias,
827 978 1124 1020 malevolentia
1144 981 1285 1019 autem
1303 977 1538 1032 hominum,

196 1041 244 1080 ut
274 1054 360 1080 non
391 1038 509 1079 nulla
535 1038 691 1092 durius,
724 1053 850 1092 quam
877 1052 900 1078 a
925 1040 966 1078 te
992 1038 1103 1078 facta
1128 1038 1224 1092 sint,
1254 1036 1536 1091 proferantur.
1558 1049 1591 1075 15

196 1097 259 1138 Ea
291 1101 338 1139 tu
370 1098 405 1139 si
436 1112 521 1138 non
553 1097 688 1151 audis,
728 1096 830 1151 quid
862 1096 1015 1150 dicam,
1056 1096 1215 1151 nescio,
1253 1095 1465 1150 equidem,
1502 1095 1539 1136 si

197 1157 365 1210 quando
397 1156 540 1210 audio,
572 1159 660 1196 tam
695 1155 884 1209 defendo,
917 1170 1043 1210 quam
1068 1170 1134 1196 me
1161 1155 1247 1196 scio
1273 1169 1297 1195 a
1322 1157 1364 1195 te
1390 1156 1539 1195 contra

196 1216 366 1270 iniquos
402 1229 520 1256 meos
556 1215 691 1255 solere
724 1214 901 1255 defendi.
963 1214 1164 1255 Defensio
1196 1216 1338 1254 autem
1370 1215 1433 1254 est
1466 1212 1538 1254 du-

195 1274 311 1328 plex3
343 1274 426 1314 alia
452 1276 561 1327 sunt,
587 1287 692 1327 quae
718 1273 880 1326 liquido
913 1287 1067 1327 negare
1099 1272 1268 1326 soleam,
1300 1274 1347 1312 ut
1374 1271 1423 1312 de
1455 1271 1538 1312 isto

197 1334 289 1387 ipso
331 1333 552 1387 suffragio,
593 1332 692 1385 alia,
731 1346 836 1385 quae
876 1331 1095 1372 defendam
1133 1346 1157 1371 a
1193 1334 1235 1371 te
1272 1330 1341 1384 pie
1372 1329 1464 1371 fieri
1497 1332 1539 1370 et
1558 1343 1592 1368 20

197 1392 397 1445 humane,
435 1394 482 1431 ut
514 1391 564 1431 de
596 1390 811 1431 curatione
842 1389 1050 1430 ludorum.
1113 1388 1196 1430 Sed
1226 1391 1285 1443 te,
1322 1388 1539 1429 hominem

198 1449 501 1503 doctissimum,
526 1463 613 1490 non
638 1449 761 1504 fugit,
787 1448 822 1488 si
843 1447 996 1489 Caesar
1020 1462 1094 1488 rex
1119 1447 1248 1488 fuerit
1274 1445 1408 1502 (quod
1431 1447 1539 1488 mihi

198 1508 368 1562 quidem
406 1506 610 1563 videtur),
653 1508 696 1548 in
734 1510 957 1561 utramque
994 1509 1158 1561 partem
1197 1506 1246 1547 de
1283 1508 1358 1546 tuo
1397 1505 1538 1546 officio

199 1567 405 1621 disputari
435 1581 570 1621 posse,
603 1566 669 1607 vel
697 1566 741 1606 in
768 1580 870 1618 eam,
903 1580 985 1619 qua
1012 1580 1090 1621 ego
1117 1565 1231 1606 soleo
1263 1565 1338 1619 uti,
1370 1564 1540 1605 laudan-

198 1626 294 1666 dam
335 1640 423 1666 esse
462 1625 589 1666 fidem
630 1627 672 1665 et
710 1624 1017 1665 humanitatem
1058 1627 1195 1678 tuam,
1240 1623 1312 1677 qui
1352 1623 1534 1664 amicum
1558 1634 1591 1660 25

197 1685 325 1725 etiam
365 1687 582 1725 mortuum
623 1683 794 1737 diligas,
838 1683 904 1724 vel
944 1683 988 1723 in
1029 1697 1141 1737 eam,
1186 1697 1269 1737 qua
1309 1696 1394 1723 non
1432 1681 1539 1722 nulli

196 1745 388 1797 utuntur,
419 1743 661 1783 libertatem
692 1742 854 1796 patriae
885 1742 997 1783 vitae
1035 1741 1160 1782 amici
1192 1740 1539 1795 anteponendam.

195 1801 263 1842 Ex
294 1801 360 1842 his
392 1801 658 1842 sermonibus
690 1801 853 1841 utinam
887 1802 1025 1841 essent
1052 1800 1213 1841 delatae
1245 1800 1297 1840 ad
1328 1802 1369 1840 te
1402 1799 1540 1853 dispu-

195 1860 379 1901 tationes
403 1861 537 1901 meae!
569 1859 647 1900 Illa
666 1874 766 1900 vero
788 1859 882 1913 duo,
908 1873 1014 1913 quae
1033 1859 1218 1900 maxima
1243 1860 1343 1899 sunt
1366 1857 1539 1898 laudum

196 1922 377 1972 tuarum,
410 1919 504 1973 quis
536 1921 608 1959 aut
638 1918 841 1959 libentius
872 1932 998 1972 quam
1029 1932 1108 1973 ego
1135 1919 1440 1958 commemorat
1467 1919 1540 1957 aut
1559 1928 1593 1953 so

196 1978 374 2032 saepius,
405 1980 447 2019 te
474 1980 516 2018 et
546 1991 631 2018 non
658 1977 912 2031 suscipiendi
939 1976 1041 2017 belli
1073 1976 1209 2017 civilis
1240 1974 1538 2031 gravissimum

196 2039 412 2077 auctorem
450 2036 579 2077 fuisse
618 2038 660 2076 et
689 2035 970 2076 moderandae
1003 2034 1236 2076 victoriae?
1276 2034 1320 2074 in
1352 2047 1435 2087 quo
1469 2033 1541 2088 qui

196 2095 303 2136 mihi
335 2110 420 2136 non
452 2095 745 2149 adsentiretur,
777 2094 918 2135 inveni
949 2094 1175 2135 neminem.
1237 2091 1374 2141 Quare
1405 2091 1541 2133 habeo

197 2154 379 2208 gratiam
411 2152 623 2207 Trebatio,
655 2153 855 2194 familiari
886 2155 1046 2206 nostro,
1079 2152 1152 2206 qui
1176 2150 1283 2192 mihi
1310 2150 1424 2192 dedit
1449 2165 1542 2192 cau-

199 2226 286 2252 sam
318 2212 469 2253 harum
501 2212 759 2265 litterarum,
791 2211 950 2265 quibus
980 2211 1062 2251 nisi
1088 2208 1324 2262 credideris,
1355 2224 1423 2250 me
1455 2224 1541 2251 om·
1579 2218 1612 2245 35

197 2270 263 2310 nis
297 2271 427 2311 officii
461 2274 501 2311 et
532 2270 814 2311 humanitatis
847 2272 1062 2324 expertem
1098 2267 1313 2322 iudicaris;
1351 2282 1435 2322 quo
1467 2281 1544 2310 nec

197 2328 303 2368 mihi
336 2329 507 2383 gravius
535 2329 763 2384 quicquam
795 2331 936 2383 potest
961 2342 1049 2369 esse
1080 2341 1157 2368 nec
1180 2329 1222 2367 te
1248 2326 1436 2368 alienius.
