1659 2552
68 704 101 726 10

70 996 102 1020 15

73 1873 106 1897 30

75 2279 108 2304 35

606 68 748 102 LIBER,
772 68 823 102 IX
849 72 996 103 11--14.
1376 69 1461 110 239

120 163 233 217 quod
269 163 430 204 bellum
469 166 729 204 commotum
760 178 784 204 a
816 162 995 218 Scapula
1033 162 1093 203 ita
1128 166 1275 217 postea
1313 165 1461 204 confir-

119 224 280 262 matum
313 224 376 262 est
407 236 431 262 a
461 221 677 276 Pompeio,
709 224 757 263 ut
783 222 899 263 nulla
924 222 1087 263 ratione
1113 222 1166 262 ab
1193 222 1266 262 illa
1291 223 1461 263 miseria

119 294 162 321 se
193 280 354 334 eripere
385 283 538 334 posset.
592 280 753 322 Eadem
785 295 908 322 causa
937 281 1025 322 fere
1056 282 1119 321 est
1149 280 1205 321 M.
1231 280 1354 321 Plani
1378 280 1461 322 He-

119 339 241 394 redis,
275 339 347 393 qui
379 342 441 380 est
473 340 575 380 item
609 339 799 393 Calenus,
831 339 988 394 Leptae
1018 339 1154 380 nostri
1185 339 1461 379 familiarissi-

119 412 224 438 mus,
267 397 406 438 Hosce
427 398 560 454 igitur
580 398 727 439 ambos
746 398 826 438 tibi
853 399 912 439 sie
937 398 1197 452 commendo,
1229 401 1276 438 ut
1301 398 1460 439 maiore

119 470 229 511 cura,
261 456 414 509 studio,
450 456 734 497 sollicitudine
766 457 897 498 animi
928 456 1220 498 commendare
1250 470 1337 497 non
1367 470 1461 510 pos-

119 515 210 555 sim.
243 514 353 556 Volo
387 516 576 569 ipsorum
608 529 748 569 causa,
779 530 929 570 meque
961 516 1004 556 in
1036 529 1085 556 eo
1117 515 1388 556 vehementer
1419 517 1461 555 et

120 573 307 614 amicitia
338 576 480 614 movet
518 577 560 614 et
596 573 854 628 humanitas3
890 573 1025 628 Lepta
1054 588 1154 614 vero
1187 588 1282 614 cum
1313 574 1373 614 ita
1403 573 1460 614 laa

121 632 262 685 boret,
294 635 341 672 ut
372 632 461 672 eius
493 633 688 673 fortunae
719 633 941 673 videantur
973 633 1016 673 in
1049 632 1274 673 discrimen
1305 632 1460 685 venire,

119 705 205 731 non
236 704 408 744 possum
440 705 518 746 ego
550 705 636 732 non
661 694 734 731 aut
763 691 956 745 proxime
987 694 1112 745 atque
1138 691 1209 731 ifle.
1235 693 1308 731 aut
1332 691 1460 731 etiam

120 763 251 803 aeque
282 749 485 790 laborare.
548 749 831 804 Quapropter,
863 750 942 790 etsi
974 764 1095 804 saepe
1127 752 1324 803 expertus
1356 764 1460 803 sum,

121 810 327 861 quantum
357 822 424 848 me
456 823 634 861 amares,
666 811 807 849 tamen
839 808 1055 849 sicvvelim
1087 808 1167 848 tibi
1198 808 1460 862 persuadeas,

121 866 165 906 id
194 880 261 907 me
293 867 337 906 in
368 866 446 907 hac
484 882 526 907 re
564 867 746 907 maxime
779 867 1072 907 iudicaturum.
1134 866 1239 907 Peto
1271 866 1405 922 igitur
1436 881 1460 907 a

120 928 161 965 te
194 925 272 979 vel,
305 925 339 965 si
370 925 545 979 pateris,
578 940 664 979 oro,
695 928 742 966 ut
773 925 966 966 homines
997 925 1173 965 miseros
1205 927 1246 965 et
1277 926 1460 979 fortuna,

122 998 249 1037 quam
286 984 419 1024 vitare
457 998 580 1024 nemo
618 986 774 1038 potest,
815 984 952 1039 magis
983 999 1109 1037 quam
1141 983 1264 1037 eulpa
1295 984 1461 1024 calami-

121 1045 237 1083 tosos
269 1056 488 1083 conserves
518 1042 742 1083 incolumis
767 1043 954 1096 velisque
985 1057 1060 1096 per
1090 1045 1132 1083 te
1162 1056 1230 1083 me
1260 1042 1342 1083 hoc
1372 1056 1461 1082 mu-

122 1101 234 1141 neris
267 1115 362 1141 cum
394 1101 496 1155 ipsis
528 1101 673 1141 amicis
704 1101 961 1154 hominibus,
994 1115 1089 1141 cum
1120 1101 1352 1155 municipio
1386 1100 1460 1141 Ca-

121 1160 229 1213 leno,
262 1173 444 1213 quocum
468 1159 575 1200 mihi
600 1174 754 1215 magna
778 1159 1041 1200 necessitudo
1069 1162 1142 1213 est,
1174 1162 1266 1200 tum
1291 1159 1460 1213 Leptae,

123 1232 249 1271 quem
289 1218 486 1258 omnibus
526 1220 753 1272 antepono,
795 1218 902 1258 dare.
965 1217 1087 1266 Quod
1127 1218 1315 1258 dicturus
1356 1232 1460 1271 sum,

71 1289 84 1313 2
122 1279 226 1330 puto
258 1276 453 1330 equidem
484 1291 570 1317 non
601 1277 722 1317 valde
753 1276 806 1316 ad
836 1291 925 1317 rem
956 1276 1184 1330 pertinere,
1217 1276 1289 1317 sed
1319 1279 1461 1317 tamen

123 1335 232 1375 nihil
268 1335 388 1376 obest
426 1335 580 1376 djeere:
619 1335 703 1376 Res
739 1335 961 1375 familiaris
999 1334 1121 1375 alteri
1158 1349 1304 1375 eorum
1340 1335 1461 1375 valde

123 1393 276 1449 exigua
307 1396 381 1448 est,
415 1394 538 1435 alteri
568 1394 641 1434 vix
672 1394 888 1447 equestris
952 1392 1228 1447 Quapropter,
1261 1393 1462 1447 quoniam

123 1452 175 1492 iis
208 1451 360 1493 Caesar
389 1452 522 1493 vitam
553 1467 628 1492 sua
657 1452 868 1493 liberalite
894 1452 1110 1505 concessit,
1141 1466 1218 1492 neo
1243 1455 1317 1506 est,
1349 1452 1463 1505 quod

123 1510 175 1551 iis
205 1514 422 1564 praeterea
451 1525 707 1567 magnopere
746 1511 881 1565 possit
913 1511 1058 1564 adimi,
1097 1510 1296 1564 reditum,
1330 1510 1365 1550 si
1395 1525 1463 1551 me

72 1599 86 1604 -
124 1571 291 1609 ‘cantum
322 1584 447 1624 amas,
479 1572 684 1624 quantum
717 1572 828 1610 certe
860 1584 985 1623 amas,
1015 1569 1261 1610 hominibus
1288 1570 1463 1623 confice3

126 1627 170 1667 in
207 1641 290 1681 quo
327 1627 436 1668 nihil
473 1630 536 1668 est
571 1630 739 1682 praeter
774 1628 887 1668 viam
917 1628 1106 1683 longam,
1148 1642 1275 1681 quam
1306 1628 1463 1668 idcirco

125 1700 211 1726 non
241 1685 423 1740 fugiunt,
454 1689 502 1726 ut
533 1689 575 1726 et
599 1686 745 1727 vivant
770 1700 865 1727 oum
897 1686 982 1726 suis
1009 1688 1050 1726 et
1074 1687 1312 1726 moriantur
1338 1686 1463 1727 domi.

127 1743 249 1792 Quod
286 1746 333 1784 ut
370 1744 529 1785 enitare
566 1744 876 1798 contendasque
908 1744 975 1785 vel
1013 1744 1156 1798 potius
1194 1747 1241 1785 ut
1272 1744 1469 1798 perficias

127 1801 268 1858 (posse
293 1802 405 1843 enim
429 1805 471 1843 te
496 1802 603 1843 mihi
627 1802 847 1858 persuasi),
878 1802 1149 1843 Vehementer
1178 1805 1221 1843 te
1253 1803 1380 1843 etiam
1406 1805 1466 1842 at-

127 1875 207 1914 que
240 1861 368 1901 etiam
399 1875 514 1916 rogo.

740 1964 854 2006 XIV.

304 2045 379 2081 Ser.
406 2047 447 2080 in
472 2046 692 2090 Pompeiano
729 2045 763 2078 V
792 2045 888 2080 Non.
915 2045 1011 2079 Mai.
1037 2057 1070 2079 α.
1099 2047 1170 2079 710
1197 2046 1287 2087 (44).

339 2126 505 2162 CICERO
532 2126 846 2160 DOLABELLAE
875 2126 1076 2161 CONSULI
1102 2125 1190 2160 SUO
1219 2126 1252 2160 S.

215 2209 310 2251 Etsi
341 2213 562 2252 contentus
594 2223 725 2263 eram,
764 2210 824 2250 mi
855 2209 1094 2263 Dolabella,
1132 2212 1205 2250 tua
1235 2209 1374 2266 gloria
1405 2223 1466 2250 sa-

127 2268 265 2322 tisque
297 2283 347 2310 ex
385 2284 433 2310 ea
468 2283 666 2324 magnam
706 2268 911 2309 laetitiam
943 2268 1291 2322 voluptatemque
1333 2268 1467 2322 eapie-

1486 292 1507 322 [Φ

1494 2221 1512 2251 1
