1659 2552
581 85 723 120 LIBER
748 86 815 120 XII
842 90 896 130 17,
925 89 977 122 18.
1364 88 1448 129 353

697 226 854 269 XVIII.

221 306 294 342 Ser.
322 307 458 342 Romae
483 307 536 342 vel
561 318 613 342 eae.
640 319 685 341 m.
713 307 806 352 Sept.
832 308 886 342 vel
912 308 962 343 in.
993 307 1064 343 Oct.
1091 320 1124 342 a.
1152 310 1224 342 708
1252 310 1341 351 (46).

339 387 506 422 CICERO
534 388 567 423 S.
594 389 636 423 D.
665 388 934 423 CORNIFICIO
965 388 1224 424 COLLEGAE,

198 471 320 520 Quod
364 474 599 512 extremum
644 472 724 513 fuit
765 473 809 513 in
850 488 897 513 ea
937 473 1137 527 epistula,
1182 487 1307 526 quam
1345 487 1369 512 a
1406 475 1446 513 te

72 531 300 584 5proxime
338 531 498 584 accepi,
540 530 592 571 ad
629 531 672 571 id
711 531 896 585 primum
936 530 1218 585 respondebo,
1260 531 1447 571 animum

108 589 274 629 advorti
301 589 412 629 enim
439 589 519 629 hoc
541 603 616 629 vos
641 604 818 644 magnos
845 592 1032 631 oratores
1058 590 1194 630 facere
1219 604 1304 629 non
1329 604 1447 630 num—

109 662 246 702 quam.
314 646 531 701 Epistulas
587 648 767 701 requiris
821 662 955 703 meas3
1011 662 1089 704 ego
1139 650 1280 689 autem
1328 662 1447 688 num-

108 721 246 760 quam,
279 719 374 746 Cum
405 705 512 746 mihi
541 705 834 747 denuntiatum
861 710 968 748 esset
994 722 1017 747 a
1042 706 1127 747 tuis
1158 707 1219 747 ire
1251 706 1446 760 aliquem,

107 779 196 805 non
229 764 333 805 dedi.

54 837 88 861 10
196 822 319 871 Quod
357 822 464 862 mihi
503 822 650 863 videor
690 837 741 863 ex
779 823 1059 863 tuis'litteris
1099 822 1364 878 intellegere,
1405 824 1446 863 te

106 881 216 922 nihil
246 881 568 921 commissurum
595 895 682 921 esse
708 884 865 922 temere
890 896 967 922 nec
991 884 1099 935 ante,
1131 896 1257 935 quam
1288 882 1446 934 scisseS,

108 954 192 994 quo
224 940 303 980 iste
335 940 476 980 nescio
509 939 581 993 qui
615 938 820 980 Caecilius
852 939 1006 981 Bassus
1044 942 1300 994 erumperet,
1332 939 1446 993 quic-

108 1012 235 1053 quam
276 998 379 1039 certi
420 998 770 1052 constituturum,
811 998 854 1038 id
895 1013 973 1053 ego
1015 1001 1056 1038 et
1097 1012 1309 1051 speraram
1348 1012 1446 1052 pru-

108 1057 250 1098 dentia
293 1059 366 1097 tua
408 1057 542 1097 fretus
586 1059 649 1110 et,
699 1059 747 1098 ut
790 1057 1067 1109 confiderem,
1117 1058 1305 1097 fecerunt
1348 1059 1445 1097 tuae

55 1128 89 1154 15
108 1115 374 1171 gratissimae
399 1115 506 1156 mihi
530 1115 709 1169 litterae,
741 1115 867 1168 idque
899 1118 946 1156 ut
977 1115 1105 1155 facias
1137 1129 1262 1168 quam
1294 1115 1446 1168 saepis-

107 1174 224 1228 sime,
255 1176 314 1228 ut,
346 1176 387 1215 et
413 1174 515 1227 quid
539 1176 587 1214 tu
612 1188 723 1229 agas,
756 1176 797 1214 et
823 1174 925 1227 quid
950 1176 1111 1229 agatur,
1143 1174 1248 1213 scire
1274 1174 1445 1227 possim,

107 1235 149 1274 et
181 1233 308 1274 etiam
346 1232 448 1286 quid
485 1235 654 1273 acturus
691 1233 765 1286 sis,
804 1232 925 1273 valde
962 1235 1003 1272 te
1041 1246 1157 1287 rogo.
1224 1231 1319 1272 Etsi
1354 1246 1446 1285 per-

106 1291 254 1345 im'quo
284 1291 478 1345 patiebar
507 1291 648 1331 animo
674 1293 716 1331 te
742 1305 765 1331 a
789 1305 856 1330 me
889 1290 1064 1345 digredi,
1095 1294 1237 1330 tamen
1263 1304 1310 1330 eo
1342 1293 1445 1330 tem-

105 1364 208 1404 pore
238 1364 306 1390 me
337 1349 596 1403 consolabar,
629 1349 742 1403 quod
774 1352 815 1389 et
846 1349 890 1389 in
915 1363 1127 1405 summum
1153 1349 1287 1389 otium
1316 1351 1358 1389 te
1383 1348 1444 1388 ire

54 1421 88 1447 20
107 1408 347 1449 arbitrabar
383 1410 425 1449 et
461 1408 514 1448 ab
555 1407 898 1462 impendentibus
937 1407 1104 1462 magnis
1143 1407 1326 1462 negotiis
1365 1407 1445 1446 dis-

107 1467 263 1508 cedere.
329 1465 570 1520 Utrumque
608 1469 754 1507 contra
790 1466 959 1520 accidit3
999 1466 1096 1506 istic
1136 1466 1248 1506 enim
1284 1465 1444 1506 bellum

107 1529 171 1566 est
201 1528 408 1580 exortum,
439 1525 510 1566 hic
539 1540 623 1579 pax
653 1527 892 1579 consecuta,
934 1524 1007 1565 sed
1036 1526 1178 1564 tamen
1210 1524 1298 1564 eius
1329 1523 1444 1564 modi

105 1599 207 1638 pax,
244 1584 288 1624 in
320 1598 419 1637 qua,
451 1584 487 1624 si
518 1583 699 1637 adesses,
730 1583 865 1623 multa
896 1585 938 1623 te
969 1597 1054 1623 non
1087 1582 1360 1636 delectarent,
1398 1596 1445 1622 ea

105 1645 267 1695 tamen,
318 1656 423 1696 quae
466 1656 518 1682 ne
564 1642 703 1695 ipsum
748 1640 966 1682 Caesarem
1011 1641 1181 1694 quidem
1224 1641 1443 1681 delectant.

53 1712 87 1737 25
106 1700 324 1741 Bellorum
356 1700 468 1740 enim
499 1700 689 1740 civilium
720 1700 751 1739 ii
781 1713 946 1753 semper
971 1700 1109 1739 exitus
1140 1702 1249 1753 sunt,
1281 1701 1328 1739 ut
1359 1713 1444 1739 non

107 1773 155 1800 ea
198 1758 335 1799 solum
374 1759 495 1811 fiant,
540 1772 645 1811 quae
686 1758 788 1798 velit
824 1757 981 1811 victor,
1025 1757 1098 1797 sed
1137 1757 1264 1797 etiam
1305 1760 1351 1797 ut
1391 1757 1443 1796 iis

106 1831 199 1857 mos
223 1816 432 1872 gerendus
456 1817 523 1870 sit,
555 1816 710 1869 quibus
735 1815 1000 1856 adjutoribus
1026 1815 1081 1855 sit
1108 1818 1229 1868 parta
1254 1815 1441 1855 victoria.

107 1875 317 1929 Equidem
348 1875 408 1915 sic
439 1875 523 1915 iam
549 1874 742 1927 obdurui,
774 1876 821 1914 ut
845 1873 956 1913 ludis
983 1872 1172 1914 Caesaris
1196 1873 1332 1913 nostri
1358 1873 1443 1912 ani-

106 1949 176 1974 mo
215 1933 467 1987 aequissimo
504 1932 691 1973 viderem
728 1932 772 1972 T.
805 1931 1025 1985 Plancum,
1063 1931 1252 1972 audirem
1289 1930 1443 1972 Laberi

53 2004 88 2029 30
108 1995 150 2033 et
179 1992 340 2032 Publili
370 1994 575 2045 poemata.

193 2050 316 2092 Nihil
354 2049 462 2090 mihi
506 2052 594 2090 tam
638 2048 753 2089 desse
797 2048 920 2101 scito,
969 2062 1095 2112 quarn
1133 2047 1303 2101 quicum
1338 2047 1443 2088 haec

106 2109 373 2150 familjariter
405 2108 608 2161 docteque
639 2107 808 2148 rideam.
870 2105 910 2146 Is
936 2109 983 2146 tu
1010 2106 1103 2155 eris,
1135 2106 1170 2146 si
1203 2120 1328 2159 quam
1358 2106 1443 2159 pri-

106 2181 224 2208 mum
242 2167 422 2221 veneris3
456 2166 569 2220 quod
587 2168 634 2206 ut
654 2165 794 2220 facias,
824 2179 909 2206 non
928 2179 1021 2205 mea
1040 2156 1189 2218 solum,
1215 2164 1288 2204 sed
1313 2164 1442 2205 etiam

106 2228 180 2266 tua
212 2226 413 2267 interesse
444 2224 639 2265 arbitror.

178 2358 332 2385 Ciceronis
354 2359 440 2390 epist.
467 2360 489 2384 1.
1184 2352 1228 2382 23

1476 489 1492 517 1

1471 1478 1489 1507 10
