1659 2552
218 97 303 139 308
730 95 1070 130 EPISTULARUM

218 195 260 235 et
303 193 583 234 defensurum.
655 191 778 241 Quod
822 205 1078 245 quamquam
1116 190 1319 247 intellego
1358 205 1426 233 me
1466 205 1562 233 cum

218 252 365 293 multis
397 266 485 293 esse
523 252 755 305 facturum,
793 253 935 290 tamen
973 252 1170 305 appetam
1199 249 1326 291 huius
1357 250 1418 292 rei
1449 251 1562 305 prin-

219 311 417 366 cipatum.

838 411 933 454 VH.

476 495 551 530 Ser.
578 494 715 529 Romae
740 505 773 528 α.
802 496 873 529 710
899 495 976 538 (44)
1008 493 1121 528 XIII
1141 493 1188 528 K.
1215 493 1298 529 Ian.
1597 506 1613 531 5

360 577 408 612 M.
436 575 604 611 CICERO
632 575 666 610 S.
692 575 735 610 D.
762 575 804 610 D.
831 575 991 610 BRUTO
1024 575 1118 610 IMP.
1146 574 1242 610 COS.
1268 574 1419 610 DESIG.

312 660 417 701 Cum
462 659 725 701 adhibuisset
769 659 882 700 domi
919 674 1036 700 meae
1073 659 1218 714 Lupus
1255 674 1322 700 me
1360 661 1402 700 et
1437 658 1563 700 Libo-

221 736 318 761 nem
351 723 391 760 et
425 718 636 772 Servium,
669 718 970 759 consobrinum
1001 721 1140 772 tuum,
1173 733 1279 772 quae
1310 732 1404 759 mea
1434 717 1563 759 fuerit

221 778 441 833 sententia,
474 791 676 833 cognosse
707 780 749 818 te
782 791 833 818 ex
863 776 919 817 M.
953 776 1049 818 Seio
1083 777 1279 831 arbitror,
1312 777 1383 831 qui
1415 779 1562 818 nostro

222 837 405 879 sermoni
449 836 664 891 interfuit3
704 835 886 891 reliqua,
931 850 1187 890 quamquam
1231 836 1375 876 statim
1419 834 1562 876 Seium
1582 846 1615 872 1⁰

223 895 446 937 Graeceius
491 898 553 936 est
591 894 857 949 subsecutus,
897 897 1039 936 tamen
1077 909 1128 935 ex
1167 894 1365 936 Graeceio
1402 894 1563 949 poteris

178 989 194 997 -
223 968 486 1010 cognoscere.
550 952 686 1008 Caput
719 956 860 994 autem
893 956 955 994 est
985 954 1078 1007 hoc,
1113 953 1226 1007 quod
1257 956 1298 994 te
1331 952 1563 1009 diligentis-

223 1014 327 1054 sime
358 1013 573 1068 percipere
605 1015 646 1053 et
677 1012 919 1053 meminisse
950 1012 980 1066 †
1011 1012 1171 1067 volam,
1203 1014 1250 1053 ut
1280 1026 1333 1053 ne
1364 1012 1408 1052 in
1438 1011 1564 1053 liber-

222 1075 310 1114 tate
342 1075 383 1112 et
422 1072 556 1112 salute
593 1086 631 1125 p.
663 1070 713 1112 R.
746 1071 1031 1112 conservanda
1067 1071 1363 1112 auctoritatem
1394 1073 1564 1111 senatus

223 1134 438 1185 exspectes
469 1130 658 1171 nondum
688 1129 832 1184 liberi,
871 1144 923 1171 ne
956 1132 997 1171 et
1027 1132 1149 1171 tuum
1180 1130 1338 1171 factum
1370 1129 1563 1170 condem·
1581 1139 1614 1164 15

221 1204 296 1231 nes
337 1188 474 1245 (nullo
516 1189 628 1230 enim
671 1189 843 1243 publico
888 1188 1064 1229 consilio
1109 1203 1198 1229 rem
1236 1203 1275 1243 p.
1315 1187 1563 1242 liberavisti,

223 1263 307 1303 quo
341 1248 469 1289 etiam
501 1250 564 1288 est
595 1262 661 1288 res
693 1247 766 1288 illa
797 1247 933 1288 maior
965 1250 1006 1288 et
1045 1245 1215 1302 clarior)
1253 1249 1296 1288 et
1326 1246 1564 1288 adulescen-

222 1310 309 1348 tem
349 1306 417 1347 vel
456 1320 635 1360 puerum
676 1306 818 1360 potius
858 1304 1077 1346 Caesarem
1117 1306 1275 1346 iudices
1312 1308 1470 1346 temere
1507 1305 1564 1346 fe-

224 1366 346 1419 cisse,
391 1365 463 1419 qui
506 1367 668 1405 tantam
712 1379 879 1405 causam
922 1364 1136 1418 publicam
1175 1364 1342 1418 privato
1387 1363 1563 1405 consilio

224 1423 473 1478 susceperit,
516 1423 694 1477 denique
734 1423 927 1464 homines
964 1423 1160 1477 rusticos,
1198 1422 1270 1463 sed
1306 1422 1561 1463 fortissimos
1581 1433 1615 1458 20

223 1483 338 1523 viros
364 1482 550 1536 civisque
577 1481 760 1536 optimos
787 1481 993 1523 dementis
1018 1481 1146 1522 fuisse
1178 1480 1347 1535 iudices,
1377 1480 1563 1536 primum

223 1541 381 1582 milites
412 1543 632 1581 veteranos
671 1540 981 1581 commilitones
1017 1543 1134 1594 tuos,
1173 1539 1320 1580 deinde
1351 1539 1563 1595 legionem

222 1598 433 1653 Martiam,
463 1599 675 1654 legionem
707 1602 918 1653 quartam,
951 1613 1056 1653 quae
1089 1613 1211 1639 suum
1243 1598 1457 1639 consulem
1490 1598 1565 1639 ho-

222 1661 330 1699 stem
362 1657 652 1698 iudicaverunt
678 1672 803 1711 seque
830 1658 882 1698 ad
906 1658 1084 1698 salutem
1110 1657 1171 1698 rei
1196 1672 1234 1711 p.
1262 1656 1564 1698 defendendam

224 1716 504 1757 contulerunt.
566 1715 776 1757 Voluntas
813 1719 980 1757 senatus
1017 1731 1095 1770 pro
1133 1716 1384 1757 auctoritate
1415 1715 1562 1756 haberi
1582 1727 1616 1752 25

225 1775 360 1829 debet,
393 1789 487 1816 cum
519 1775 748 1816 auctoritas
779 1775 1008 1829 impeditur
1038 1777 1164 1816 metu.
1225 1774 1446 1815 Postremo
1478 1787 1564 1815 sus-

225 1837 345 1888 cepta
376 1834 457 1874 tibi
490 1848 612 1874 causa
643 1834 727 1874 iam
759 1834 824 1874 bis
856 1836 930 1888 est,
962 1836 1118 1874 utnon
1144 1833 1199 1874 sit
1224 1834 1450 1889 integrum,
1480 1832 1565 1887 pri-

223 1907 340 1933 mum
371 1891 518 1933 Idibus
549 1892 727 1946 Martiis,
760 1892 908 1933 deinde
939 1893 1130 1947 proxime
1163 1892 1350 1933 exercitu
1380 1905 1490 1932 novo
1523 1893 1564 1931 et

224 1952 357 2005 copiis
390 1952 654 2005 comparatis.
717 1950 852 2000 Quam
885 1951 939 1992 ob
978 1965 1065 1992 rem
1098 1950 1151 1991 ad
1185 1950 1326 1991 omnia
1356 1949 1416 1990 ita
1447 1964 1564 2004 para-

223 2013 308 2064 tus,
347 2011 407 2051 ita
445 2010 654 2051 animatus
688 2010 812 2051 debes
845 2024 950 2064 esse,
988 2024 1074 2051 non
1105 2011 1153 2050 ut
1183 2009 1291 2050 nihil
1322 2008 1450 2049 facias
1481 2008 1563 2048 nisi
1583 2020 1616 2044 :³0

223 2068 371 2123 iussus,
404 2069 477 2109 sed
508 2072 554 2110 ut
586 2083 633 2109 ea
664 2082 797 2124 geras,
830 2083 934 2124 quae
967 2068 1019 2110 ab
1053 2068 1249 2109 omnibus
1280 2081 1443 2108 summa
1468 2080 1564 2108 cum

224 2127 503 2168 admiratione
535 2127 772 2169 laudentur.
