1659 2552
571 70 716 105 LIBER
740 70 826 104 XIII
854 73 1001 105 70-73,
1379 70 1466 110 419

120 168 264 209 relliae
301 170 597 221 procuratores
636 166 894 220 scripserunt
925 168 966 206 te
1004 167 1179 219 propter
1210 165 1467 221 magnitudi-

120 240 217 267 nem
247 225 490 281 provinciae
515 224 918 278 multitudinemque
949 225 1221 279 negotiorum
1248 225 1375 265 etiam
1408 227 1467 264 at-

121 300 202 339 que
243 285 371 325 etiam
412 298 500 325 esse
542 283 1013 324 commonefaciendum.
1081 282 1186 323 Peto
1228 283 1378 338 igitur,
1419 284 1466 323 ut
1493 293 1512 323 2

120 343 364 384 memineris
404 345 445 383 te
485 343 646 396 omnia,
688 357 794 396 quae
832 344 906 382 tua
942 341 1045 382 fides
1082 344 1318 395 pateretur,
1358 341 1465 381 mihi

86 415 102 441 5
122 402 333 443 cumulate
366 402 580 455 recepisse.
643 400 854 455 Equidem
893 400 1089 441 existimo
1121 400 1277 441 habere
1308 403 1349 440 te
1381 415 1468 440 ma-

122 476 250 516 gnam
289 460 534 501 facultatem
575 458 668 516 (sed
703 459 783 500 hoc
822 459 885 499 tui
924 461 986 499 est
1024 459 1189 499 consilii
1221 461 1262 499 et
1299 457 1466 513 iudicii)

123 535 174 560 ex
211 534 259 560 eo
299 534 327 560 s.
355 533 405 573 c.,
447 518 560 572 quod
600 519 644 558 in
684 518 856 559 heredes
896 516 939 558 C.
965 516 1163 558 Vennoni
1201 518 1361 558 factum
1393 520 1467 571 est,

124 578 351 619 Caerelliae
378 577 683 618 commodandi.
732 575 783 616 Id
808 579 976 617 senatus
1003 577 1242 617 consultum
1267 579 1315 617 tu
1340 576 1468 616 inter-

123 636 345 691 pretabere
385 650 462 690 pro
503 638 577 676 tua
618 635 844 690 sapientia3
883 635 974 675 'scio
1020 635 1133 675 enim
1176 635 1266 676 eius
1307 634 1468 675 ordinis

70 710 104 734 10
124 695 420 736 auctoritatem
459 709 623 748 semper
660 697 762 748 aput
802 697 843 734 te
874 693 1019 749 magni
1051 693 1190 734 fuisse.
1253 692 1376 742 Quod
1407 708 1469 733 re—

122 755 289 808 liquum
327 756 406 807 est,
444 753 504 793 sic
534 753 663 794 velim
701 752 934 806 existimes,
973 752 1310 806 quibuscumque
1341 752 1468 792 rebus

126 812 354 854 Caerelliae
395 812 577 868 benigne
618 811 787 865 feceris,
827 810 934 851 mihi
972 813 1014 851 te
1051 811 1342 866 gratissimum
1380 825 1469 851 esse

124 872 346 913 facturum.

698 996 891 1039 LXXIII.

72 1107 105 1132 15
419 1091 492 1126 Ser.
520 1091 657 1126 Romae
682 1101 780 1124 anno
801 1095 884 1134 post
909 1101 961 1134 ep.
988 1090 1176 1124 LXXIV.

371 1185 419 1219 M.
449 1183 617 1219 CICERO
646 1182 685 1225 Q.
713 1183 932 1217 PHILIPPO
959 1182 1152 1217 PROCOS.
1186 1182 1220 1217 S.

216 1280 417 1322 Gratulor
447 1280 540 1334 tibi,
573 1279 686 1333 quod
712 1294 763 1319 ex
792 1278 1012 1332 provincia
1038 1278 1202 1318 salvum
1226 1280 1268 1318 te
1296 1277 1347 1318 ad
1373 1280 1470 1318 tuos
1498 1289 1516 1319 1

127 1339 321 1394 recepisti
358 1338 562 1379 incolumi
593 1338 705 1378 fama
737 1340 778 1378 et
810 1352 853 1378 re
884 1352 923 1390 p.
986 1336 1146 1385 Quodsi
1177 1335 1338 1377 Romae
1370 1336 1471 1376 fuis-

127 1413 232 1452 sem,
267 1400 310 1439 te
341 1397 540 1438 vidissem
573 1410 797 1450 coramque
829 1396 988 1451 gratias
1020 1395 1211 1450 egissem,
1244 1395 1359 1449 quod
1389 1395 1470 1435 tibi

74 1470 107 1494 20
127 1458 172 1498 L.
204 1456 432 1512 Egnatius,
469 1455 824 1495 familiarissimus
855 1469 991 1508 meus,
1030 1468 1197 1508 apsens,
1228 1453 1273 1494 L.
1307 1452 1471 1507 Oppius

127 1529 324 1569 praesens
360 1528 482 1555 curae
514 1514 673 1554 fuisset.

218 1572 324 1614 Cum
343 1572 572 1626 Antipatro
597 1572 783 1612 Derbete
808 1571 915 1612 mihi
947 1585 1032 1611 non
1059 1571 1197 1611 solum
1221 1570 1469 1624 hospitium,
1496 1581 1516 1611 2

129 1647 275 1672 verum
308 1631 434 1672 etiam
467 1645 630 1671 summa
661 1630 927 1670 familiaritas
960 1629 1194 1670 intercedit.
1244 1629 1299 1669 Ei
1330 1632 1372 1669 te
1403 1643 1471 1668 Ve—

129 1693 293 1731 menter
333 1689 614 1730 suscensuisse
662 1689 803 1728 audivi
848 1691 889 1728 et
932 1688 1109 1728 moleste
1152 1687 1244 1728 tuli.
1317 1686 1382 1727 De
1425 1700 1470 1726 re

78 1761 110 1786 25
129 1748 239 1790 nihil
275 1762 447 1801 possum
483 1747 686 1800 iudicare,
723 1747 805 1786 nisi
842 1746 949 1785 ilIud
984 1745 1091 1785 mihi
1129 1745 1378 1798 persuadeo,
1416 1747 1470 1797 te,

129 1807 259 1848 talem
295 1806 452 1859 virum,
492 1805 602 1845 nihil
625 1807 794 1845 temere
834 1804 991 1844 fecisse.
1053 1804 1095 1843 A
1134 1806 1176 1844 te
1213 1806 1355 1843 autem
1391 1817 1470 1856 pro

130 1868 271 1907 vetere
302 1866 449 1905 nost-ra
472 1862 779 1904 necessitudine
806 1862 933 1902 etiam
965 1865 1090 1915 atque
1122 1861 1250 1902 etiam
1280 1864 1392 1914 peto,
1423 1863 1472 1901 ut

132 1925 221 1965 eius
251 1923 374 1976 filios,
407 1922 479 1976 qui
511 1921 554 1961 in
585 1924 659 1962 tua
689 1923 898 1974 potestate
924 1923 1032 1974 sunt,
1063 1919 1170 1960 mihi
1200 1919 1471 1973 potissimum

133 1982 359 2035 condones,
399 1980 481 2020 nisi
520 1980 622 2034 quid
659 1979 874 2020 existimas
910 1979 955 2019 in
993 1993 1039 2019 ea
1070 1993 1115 2019 re
1146 1978 1297 2018 violari
1329 1977 1471 2018 existi-

80 2054 114 2078 30
132 2041 362 2082 mationem
400 2042 528 2079 tuam.
590 2037 712 2086 Quod
753 2052 830 2093 ego
872 2037 907 2077 si
949 2037 1197 2090 arbitrarer,
1237 2050 1471 2089 numquam

132 2102 175 2141 te
205 2113 417 2154 rogarem,
457 2096 647 2150 mihique
683 2098 757 2136 tua
793 2098 905 2136 fama
935 2096 1070 2136 multo
1104 2095 1319 2149 antiquior
1350 2096 1470 2148 esset,

135 2173 261 2212 quam
285 2157 359 2198 illa
383 2155 646 2197 necessitudo
673 2156 752 2209 est3
784 2154 857 2194 sed
880 2154 986 2194 mihj
1012 2154 1072 2194 ita
1102 2153 1333 2207 persuadeo
1360 2150 1471 2207 (pot-

135 2219 198 2257 est
227 2216 337 2269 fieri,
375 2218 422 2255 ut
459 2212 617 2269 fallar),
659 2227 749 2253 eam
785 2227 875 2253 rem
911 2212 1025 2252 laudi
1057 2211 1137 2252 tibi
1168 2211 1312 2265 potius
1344 2225 1470 2264 quam

134 2272 437 2328 vituperationi
461 2273 562 2313 fore.
607 2270 714 2320 Quid
741 2271 833 2312 fieri
858 2271 1003 2324 possit,
1035 2273 1076 2311 et
1102 2270 1204 2324 quid
1228 2284 1322 2310 mea
1347 2283 1471 2310 causa

1191 2338 1259 2372 ⁵27*
