1659 2552
593 114 736 149 LIBER
761 115 828 149 VII
855 118 957 149 3—5.
1376 115 1460 155 175

202 210 345 252 Habes
371 210 596 264 epistulam
624 210 911 251 verbosiorem
938 211 1128 265 fortasse,
1161 225 1288 265 quam
1314 211 1461 266 velles3

115 270 229 324 quod
266 269 346 310 tibi
385 270 445 309 ita
477 270 610 310 videri
648 269 827 324 putabo,
866 269 948 310 nisi
985 269 1092 310 mihi
1130 270 1367 325 longiorem
1401 284 1461 311 re-

113 328 289 370 miseris.
351 327 446 383 Ego
480 328 531 382 si,
565 343 670 382 quae
702 328 818 383 volo,
851 327 1087 383 expediero,
1120 328 1238 369 brevi
1271 332 1461 383 tempore

113 390 168 442 te,
199 390 247 428 ut
279 401 413 442 spero⁷
445 386 610 428 videbo.

81 552 97 577 5
752 538 825 580 IV.

316 619 390 654 Ser.
420 620 458 654 z'n
484 619 646 654 Cumano
671 632 716 654 m.
742 621 867 656 intere.
889 626 980 665 post.
1007 633 1040 655 a.
1070 623 1143 655 708
1170 622 1257 665 (46).

469 701 517 737 M.
547 700 715 737 CICERO
744 701 777 737 S.
799 702 841 737 D.
863 702 911 737 M.
940 701 1104 737 MARIO.

204 795 254 837 A.
288 796 323 836 d.
357 809 457 837 XIIII
488 797 538 837 K.
571 797 615 837 in
649 796 1020 846 Cuma1111m,ve11i
1059 812 1154 838 cum
1185 797 1349 838 Libone
1386 800 1461 839 tuo

116 855 183 896 vel
214 858 360 896 nostro
399 856 559 910 potius3
598 856 642 896 in
673 855 979 910 Pompeianum
1011 857 1157 897 statim
1190 856 1351 912 cogito,
1389 857 1463 897 sed

64 928 98 953 10
117 914 269 955 faciam
295 917 391 955 ante
417 917 458 955 te
485 915 718 955 certiorem.
775 915 833 956 Te
860 929 955 955 cum
984 929 1148 969 semper
1172 915 1311 955 valere
1337 915 1461 969 oupio

117 975 208 1013 tum
241 975 369 1027 certe,
409 973 508 1014 dum
548 973 619 1014 hio
657 988 818 1028 sumus3
856 974 973 1014 vides
1006 974 1134 1028 enim,
1174 976 1332 1028 quanto
1364 977 1463 1028 post

118 1046 201 1072 una
220 1031 354 1072 futuri
375 1032 517 1072 simus.
581 1031 729 1083 Quare,
763 1033 797 1073 si
824 1032 938 1086 quod
964 1033 1244 1073 constitutum
1270 1047 1365 1073 oum
1390 1047 1463 1086 po-

119 1091 248 1146 dagra
266 1090 408 1144 habes,
440 1091 517 1145 fae,
549 1094 597 1131 ut
622 1091 666 1131 in
693 1091 823 1132 alium
844 1091 955 1132 diem
976 1091 1154 1132 differas.
1188 1090 1299 1132 Cura
1318 1091 1463 1146 igitur,

118 1152 166 1190 ut
197 1149 348 1204 valeas,
380 1152 422 1190 et
451 1164 519 1190 me
550 1149 632 1190 hoo
664 1150 794 1191 biduo
828 1153 900 1191 aut
931 1150 1074 1191 triduo
1108 1152 1314 1204 exspecta.

67 1315 100 1340 15
766 1301 818 1343 V.

436 1382 510 1417 Ser.
538 1383 674 1417 Romae
702 1394 743 1416 m.
771 1383 862 1427 Apr.
889 1394 922 1417 (ι.
952 1384 1023 1417 700
1050 1383 1140 1426 (54).

467 1463 634 1499 CICERO
663 1463 865 1499 CAESARI
889 1463 985 1497 TMP.
1013 1463 1047 1498 S.
1071 1463 1114 1499 D.

207 1558 334 1612 Vide,
372 1575 499 1614 quam
530 1560 636 1601 mihi
672 1559 953 1614 persuaserim
985 1562 1027 1600 te
1058 1573 1125 1600 me
1157 1574 1245 1600 esse
1284 1559 1464 1600 alterum
1495 1570 1510 1600 1

120 1632 206 1659 non
236 1618 362 1658 modo
394 1619 439 1659 in
471 1619 523 1659 iis
554 1619 691 1673 rebus,
723 1633 829 1672 quae
862 1618 914 1658 ad
944 1632 1011 1658 me
1043 1618 1203 1672 ipsum,
1237 1618 1309 1658 sed
1335 1618 1463 1659 etiam

68 1690 101 1714 20
121 1677 165 1716 in
202 1676 271 1729 iis,
309 1690 414 1730 quae
453 1677 505 1717 ad
541 1691 657 1717 meos
693 1677 919 1730 pertinent.
991 1675 1034 1716 C.
1067 1676 1315 1717 Trebatium
1354 1676 1466 1732 eogi-

120 1738 267 1787 taram,
294 1749 559 1789 quocumque
585 1735 755 1788 exirem,
780 1750 946 1775 meeum
973 1734 1134 1788 ducere,
1167 1738 1214 1775 ut
1240 1749 1336 1775 eum
1361 1735 1467 1775 meis

122 1793 319 1834 omnibus
351 1793 513 1846 studiis,
544 1793 760 1834 beneficiis
791 1808 917 1847 quam
944 1793 1260 1834 ornatissimum
1294 1793 1467 1834 domum

122 1852 380 1906 reducerem3
431 1852 519 1906 sed⁷
562 1854 838 1905 posteaquam
883 1854 924 1892 et
966 1851 1143 1905 Pompei
1188 1852 1465 1892 commoratio

123 1910 363 1951 diuturnior
395 1913 504 1963 erat,
543 1924 669 1963 quam
699 1912 913 1963 putaram,
951 1912 993 1950 et
1023 1924 1117 1950 mea
1149 1910 1466 1963 quaedam,tibi

68 1981 102 2006 25
122 1983 208 2010 non
238 1969 386 2024 ignota
419 1968 628 2009 dubitatio
656 1971 729 2008 aut
759 1968 964 2021 impedire
995 1968 1303 2021 profectionem
1328 1982 1466 2008 meam

122 2027 346 2068 videbatur
383 2030 456 2067 aut
494 2029 604 2068 certe
636 2026 802 2067 tardare
835 2024 967 2081 (vide,
1008 2026 1111 2079 quid
1140 2026 1248 2066 mihi
1281 2040 1467 2080 sumpse-

123 2084 241 2141 rim),
279 2086 397 2139 coepi
429 2085 536 2126 velle
569 2100 616 2126 ea
653 2084 899 2125 Trebatium
932 2087 1173 2137 exspectare
1206 2099 1229 2125 a
1260 2086 1319 2137 te,
1359 2099 1465 2138 quae

123 2147 329 2199 sperasset
361 2159 384 2184 a
414 2159 499 2198 me,
539 2158 675 2197 neque
705 2143 944 2184 mehercule
976 2143 1117 2183 minus
1149 2142 1186 2183 ei
1218 2143 1383 2196 prolixe
1417 2143 1466 2183 de

122 2205 196 2244 tua
219 2203 438 2243 voluntate
464 2202 652 2257 promisi,
686 2216 811 2255 quam
838 2216 951 2242 eram
977 2201 1127 2242 solitus
1154 2200 1203 2241 de
1228 2215 1321 2241 mea
1345 2201 1467 2255 polli-

70 2273 104 2298 30
123 2262 217 2302 ceri.
280 2260 410 2302 Casus
435 2275 534 2302 vero
560 2261 765 2301 mirificus
793 2260 963 2314 quidam
994 2259 1224 2300 intervenit
1256 2260 1375 2313 quasi
1400 2259 1467 2300 vel
1493 2271 1513 2300 2

121 2320 242 2361 testis
286 2320 498 2374 opinionis
541 2334 657 2360 meae
701 2319 767 2359 vel
810 2332 989 2372 sponsor
1036 2318 1314 2359 humanitatis
1356 2320 1470 2376 tuae.-
