1659 2552
619 81 763 115 LIBER
787 81 821 116 ΙΙ
848 84 949 116 1—3.
1402 77 1454 117 31

114 182 155 220 te
187 192 404 233 opsecrare
437 178 724 233 optestarique
749 191 836 218 non
862 175 1064 229 dubitem,
1097 174 1157 215 sic
1182 175 1234 215 ad
1258 188 1336 215 nos
1363 188 1458 215 con-

114 238 321 278 formatus
351 240 574 292 revertare,
606 239 665 291 ut,
699 251 825 290 quam
857 234 1194 289 expectationem
1226 233 1290 274 tui
1322 233 1457 274 conci-

114 296 225 350 tasti,
255 296 365 337 hanc
389 296 596 337 sustinere
622 309 669 336 ac
693 296 803 336 tueri
828 294 981 349 possis,
1014 296 1067 348 et,
1093 292 1294 347 quoniam
1319 306 1457 332 meam

114 358 285 396 tuorum
316 369 416 410 erga
447 369 514 395 me
546 354 796 395 meritorum
827 352 1076 394 memoriam
1106 352 1223 392 nulla
1254 365 1456 405 umquam

80 426 96 452 5
116 413 273 455 delebit
305 413 478 468 oblivio,
511 416 552 454 te
586 427 703 469 rogo,
735 415 782 453 ut
806 412 1061 466 memineris,
1094 413 1455 465 quantaecumque

114 472 195 513 tibi
228 472 484 513 accessiones
516 472 619 512 fient
651 475 692 512 et
723 472 918 512 fortunae
956 473 998 511 et
1036 469 1274 525 dignitatis,
1315 483 1383 509 eas
1414 470 1455 508 te

114 545 200 573 non
229 531 417 586 potuisse
450 530 660 585 consequi,
692 530 774 571 nisi
805 530 910 571 meis
939 543 1044 583 puer
1070 528 1172 569 olim
1197 526 1454 568 fidelissimis

115 592 241 645 atque
273 590 572 631 amantissimis
605 589 791 630 consiliis
822 588 1042 644 paruisses.
1094 586 1230 637 Quare
1261 587 1343 627 hoc
1368 585 1454 626 ani-

115 663 186 690 mo
217 649 261 690 in
291 663 369 690 nos
400 663 488 690 esse
521 648 704 702 debebis,
736 651 783 689 ut
815 650 928 688 aetas
965 649 1111 688 nostra
1144 646 1228 686 iam
1264 646 1455 700 ingrave-

64 722 98 746 ιο
117 722 235 749 scens
265 708 310 749 in
342 722 483 748 amore
521 710 646 761 atque
680 707 723 747 in
756 706 1039 748 adulescentia
1069 708 1143 746 tua
1175 704 1454 759 conquiescat.

758 834 811 877 H.

528 917 602 952 Ser.
631 916 767 951 Romae
794 928 825 950 α.
855 918 923 950 701
952 918 1042 959 (53).

445 999 495 1033 M.
523 998 691 1034 CICERO
719 998 752 1032 S.
780 998 821 1032 D.
849 997 885 1032 C.
913 996 1119 1032 CURIONl.

208 1083 336 1125 Gravi
375 1085 481 1124 teste
521 1082 712 1136 privatus
753 1096 846 1122 sum
887 1080 1042 1121 amoris
1083 1080 1237 1120 summi
1278 1094 1378 1135 erga
1414 1081 1456 1120 te

67 1155 99 1180 15
118 1143 202 1184 mei
232 1145 351 1197 patre
382 1145 469 1196 tuo,
501 1141 734 1182 clarissimo
760 1140 863 1181 viro.
921 1138 1001 1188 Qui
1027 1153 1122 1179 cum
1149 1139 1234 1179 suis
1259 1138 1456 1179 laudibus

118 1205 211 1243 tum
247 1215 346 1242 vero
383 1203 425 1242 te
462 1200 551 1241 filio
589 1201 825 1254 superasset
857 1198 1046 1239 omnium
1077 1198 1309 1251 fortunam,
1350 1197 1385 1237 si
1417 1196 1455 1237 ei

120 1260 378 1316 contigisset,
410 1262 457 1300 ut
488 1262 530 1300 te
562 1261 657 1299 ante
683 1258 862 1312 videret,
895 1271 1022 1311 quam
1052 1271 1076 1296 a
1100 1256 1189 1297 vita
1215 1255 1456 1296 discederet.

121 1318 204 1361 Sed
234 1333 355 1373 spero
386 1320 576 1359 nostram
608 1316 839 1358 amicitiam
863 1330 950 1356 non
976 1329 1098 1370 egere
1124 1315 1315 1355 testibus.
1359 1313 1457 1354 Tibi

119 1377 424 1433 patrimonium
461 1377 528 1417 dei
559 1376 795 1430 fortunent,
836 1389 903 1415 me
936 1376 1046 1414 certe
1083 1373 1278 1428 habebis,
1317 1373 1383 1414 cui
1416 1374 1457 1413 et

67 1449 101 1474 20
121 1451 241 1478 carus
272 1451 402 1490 aeque
434 1436 490 1476 sis
523 1438 563 1476 et
595 1434 813 1488 iucundus,
846 1447 894 1474 ac
924 1432 1044 1473 fuisti
1074 1432 1197 1487 patri.

753 1573 828 1615 HI.

533 1656 606 1691 Sor.
633 1656 769 1690 Romae
795 1666 826 1689 a.
856 1656 925 1689 701
954 1656 1043 1697 (53).

450 1737 498 1772 M.
527 1736 694 1772 CICERO
723 1737 756 1772 S.
782 1736 825 1771 D.
853 1735 890 1771 C.
918 1734 1126 1770 CURIONI.

210 1821 358 1876 Rupae
383 1820 569 1861 studium
594 1835 680 1861 non
707 1820 840 1861 defuit
867 1818 1213 1860 declarandorum
1237 1831 1461 1858 munerum
1489 1827 1505 1856 1

72 1883 198 1922 25tuo
234 1880 423 1934 nomine,
464 1879 536 1919 sed
571 1893 648 1919 nec
684 1879 790 1919 mihi
826 1878 986 1932 placuit
1022 1891 1100 1917 nec
1137 1876 1348 1930 cuiquam·
1369 1877 1462 1914 tuo-

124 1955 218 1981 rum
245 1939 470 1994 quic-quam
494 1940 536 1977 te
562 1937 733 1978 absente
758 1936 862 1990 fieri,
889 1935 1003 1990 quod
1027 1935 1120 1989 tibi,
1148 1949 1243 1975 cum
1265 1933 1461 1986 venisses,

124 2013 209 2039 non
240 2001 348 2039 esset
379 1997 603 2051 integrum.
664 1994 874 2048 Equidem
906 1993 1009 2048 quid
1039 1993 1229 2046 sentiam,
1261 1994 1333 2032 aut
1365 1991 1462 2031 scri-

124 2057 224 2098 bam
264 2057 317 2097 ad
355 2058 396 2097 te
437 2057 584 2109 postea
620 2053 814 2107 pluribus
852 2055 944 2106 aut,
984 2066 1036 2092 ne
1075 2052 1127 2091 ad
1164 2065 1211 2092 ea
1247 2050 1462 2103 meditere,

125 2116 364 2170 inparatum
400 2117 442 2155 te
482 2112 691 2153 offendam
730 2124 953 2164 coramque
993 2112 1138 2150 contra
1175 2109 1300 2149 istam
1337 2107 1463 2149 ratio-

74 2185 222 2215 ³0nem
251 2188 389 2214 meam
422 2172 574 2225 dicam,
606 2173 652 2211 ut
685 2172 756 2210 aut
787 2172 828 2210 te
861 2169 913 2209 ad
943 2183 1080 2209 meam
1112 2167 1364 2208 sententiam
1395 2166 1463 2207 ad-

127 2233 276 2275 ducam
314 2234 385 2272 aut
424 2233 535 2272 certe
572 2232 774 2270 testatum
811 2227 923 2282 apud
954 2227 1143 2268 animum
1182 2228 1305 2266 tuum
1336 2225 1460 2266 relin-

127 2305 264 2345 quam,
297 2290 400 2345 quid
430 2288 643 2342 senserim,
675 2290 733 2342 ut,
767 2286 801 2327 si
835 2286 1015 2341 quando,
1049 2285 1162 2339 quod
1192 2284 1344 2339 nolim,
1384 2284 1464 2324 dis-
