1659 2552
580 81 723 116 LIBER
748 81 833 116 ΧΙΠ
860 85 1009 117 14—16.
1373 82 1455 124 381

115 175 355 218 Audiebam
386 177 498 218 enim
531 180 698 218 nostros
730 192 924 232 proceres
957 177 1232 219 clamitantis:

176 260 371 313 ξἄλκιμος
403 259 506 311 ἔσσ’,
542 260 614 300 ἵνα
646 262 711 309 τίς
743 271 789 301 σε
821 258 892 300 καὶ
923 259 1148 312 ὀψιγόνων
1180 257 1228 301 εὖ
1261 264 1370 315 εἴπῃ.

176 317 234 367 ὣς
259 317 390 372 φάτο,
423 319 500 359 τὸν
533 317 570 359 ὁ’
606 320 730 372 ἄχεος
761 317 921 372 νεφέλη
954 318 1142 368 ἐκάλυψε
1174 317 1383 372 μέλαιναῖ

117 410 200 452 Sed
230 414 371 452 tamen
402 411 515 452 idem
546 426 612 452 me
640 412 912 454 consolantur
943 412 1091 467 etiam3
1121 412 1339 453 hominem
1370 427 1461 466 per-
1487 423 1507 453 2

81 481 97 507 5
117 473 259 511 ustum
291 470 523 511 etiamnum
554 471 693 526 gloria
717 471 868 512 volunt
900 471 1121 512 incendere
1154 473 1279 525 atque
1312 471 1371 511 ita
1402 471 1461 511 lo-

117 532 287 570 cuntur:

177 611 249 664 εμὴ
281 610 369 664 μὰν
401 610 615 652 ἀσπουδεί
644 627 691 664 γε
723 610 794 652 καὶ
827 611 1008 660 ἀκλειῶς
1040 611 1296 666 ἀπολοίμην,

176 669 286 710 ἀλλὰ
316 668 424 723 μέγα
455 669 580 723 ῥέξας
610 685 651 711 τι
684 669 755 711 καὶ
788 669 1061 724 ἐσσομένοισι
1093 670 1350 712 woelfflan?

118 762 200 804 Sed
231 777 298 804 me
329 762 469 803 minus
501 763 585 804 iam
617 766 806 817 movent,
845 766 893 805 ut
924 763 1051 804 vides.
1113 762 1262 818 Itaque
1293 764 1346 805 ab
1378 763 1465 804 Ho-

64 833 98 858 10
116 821 223 862 meri
266 822 631 877 magniloquentia
675 822 846 863 confero
890 827 958 863 me
1001 822 1055 864 ad
1097 837 1196 864 vera
1241 825 1465 878 praecepta

117 880 383 935 Εὐριπίδουτ

177 963 303 1016 εμισῶ
336 963 570 1016 σοφιστήν,
604 963 721 1011 ὅστις
753 963 832 1016 οὐχ
865 963 982 1019 αὑτῷ
1016 964 1184 1017 σοφός’,

119 1069 244 1110 quem
264 1069 432 1096 versum
452 1070 578 1096 senex
597 1055 804 1097 Precilius
829 1056 974 1097 laudat
994 1057 1163 1112 egregie
1190 1059 1231 1098 et
1257 1057 1317 1098 ait
1342 1071 1466 1110 posse

119 1114 298 1154 eundem
330 1116 371 1155 et
403 1115 506 1168 ‘dua
536 1117 712 1169 πρόσσω
745 1114 819 1156 καὶ
851 1115 1034 1157 ὀπι’σσω’
1066 1115 1208 1156 videre
1240 1118 1282 1156 et
1322 1118 1466 1156 tamen

66 1185 99 1210 15
118 1173 254 1214 nihilo
285 1172 426 1214 minus

178 1252 288 1295 εαἰὲν
319 1254 564 1309 ἀριστεύειν
596 1254 668 1296 καὶ
700 1256 934 1309 ὑπείροχον
967 1257 1145 1310 ἔμμεναι
1177 1256 1349 1297 ἄλλων’.

208 1347 291 1389 Sed
315 1351 362 1388 ut
388 1348 556 1389 redeam
582 1349 634 1389 ad
658 1348 718 1403 id,
751 1349 861 1389 unde
894 1349 1030 1403 coepi,
1062 1349 1334 1390 vehementer
1358 1349 1466 1390 mihi
1492 1360 1511 1390 3

118 1409 288 1462 gratum
320 1407 485 1460 feceris,
525 1407 560 1448 si
596 1407 709 1448 hunc
741 1408 1053 1448 adulescentem
1084 1407 1349 1448 humanitate
1380 1411 1465 1463 tua,

120 1479 226 1518 quae
252 1468 313 1506 est
339 1465 578 1521 singularis⁷
612 1466 925 1520 comprenderis
954 1469 996 1507 et
1028 1466 1080 1506 ad
1112 1466 1172 1520 id,
1211 1466 1325 1521 quod
1356 1466 1466 1521 ipso-

67 1536 100 1560 20
120 1538 215 1564 rum
262 1523 542 1565 Preciliorum
592 1538 715 1565 causa
761 1527 802 1566 te
852 1525 959 1566 velle
1007 1524 1209 1579 arbitror,
1254 1525 1466 1566 addideris

121 1581 337 1623 cumulum
380 1583 758 1624 commendationis
801 1598 929 1624 meae.
1006 1582 1166 1624 Genere
1215 1598 1327 1625 novo
1373 1599 1466 1625 sum

120 1640 360 1681 litterarum
400 1641 452 1681 ad
488 1643 530 1681 te
567 1656 666 1682 usus
676 1675 687 1696 7
728 1644 776 1682 ut
815 1641 1084 1697 intellegeres
1122 1656 1208 1684 non
1246 1643 1467 1698 vulgarem

122 1713 210 1739 esse
243 1699 663 1741 commendationem.

738 1803 851 1845 XVI.

67 1897 101 1922 25
393 1883 468 1918 Scr.
494 1885 580 1919 ibid.
607 1885 680 1927 fere
705 1885 779 1919 eod.
805 1889 906 1928 temp.
935 1895 1003 1929 quo
1028 1895 1079 1928 ep.
1108 1884 1194 1919 XV.

563 1965 730 2000 CICERO
764 1964 966 2000 CAESAR-1
992 1965 1025 2000 S.

207 2048 252 2089 P.
280 2047 478 2089 Crassum
509 2063 560 2089 ex
592 2049 708 2089 omni
739 2049 965 2090 nobilitate
991 2049 1302 2090 adulescentem
1336 2050 1465 2091 dilexi
1494 2062 1509 2092 1

120 2107 368 2161 plurimum⁷
408 2110 449 2148 et
481 2121 532 2148 ex
564 2121 612 2148 eo
645 2121 740 2148 cum
772 2107 824 2148 ab
862 2108 1034 2148 ineunte
1068 2108 1157 2149 eius
1189 2111 1326 2149 aetate
1358 2109 1464 2150 bene

122 2166 408 2220 speravissem,
439 2168 531 2206 tum
563 2165 746 2219 perbene
779 2166 1021 2207 existimare
1055 2167 1173 2220 coepi
1207 2167 1373 2208 eximiis
1405 2168 1466 2208 iu-

68 2236 101 2261 30
122 2224 261 2278 diciis,
306 2239 411 2278 quae
455 2225 503 2265 de
544 2238 592 2264 eo
634 2225 811 2278 feceras,
857 2225 1050 2280 cognitis.
1113 2224 1218 2266 Eius
1262 2225 1465 2268 libertum

119 2281 397 2337 Apollonium
437 2283 520 2323 iam
561 2286 653 2323 tum
694 2283 909 2337 equidem,
952 2298 1047 2324 cum
1090 2283 1161 2324 ille
1201 2283 1382 2338 viveret,
1424 2288 1466 2326 et
