1659 2552
645 106 787 141 LIBER
812 107 844 140 X
871 110 1019 141 13—15.
1412 108 1498 148 275

156 202 507 256 reconciliataque
546 202 763 243 voluntate
800 205 946 243 nostra
983 202 1196 242 communi
1228 203 1403 243 consilio
1436 203 1496 244 rei

155 276 193 315 p.
226 264 497 315 succurreret,
530 276 583 316 se,
615 261 772 302 liberos
798 261 1029 315 urbemque
1054 261 1188 314 pluris
1215 276 1340 315 quam
1366 276 1496 302 unum

155 320 368 374 perditum
413 320 707 374 abiectumque
750 320 958 360 latronem
1001 322 1170 373 putaret
1209 320 1495 374 obsequioque

155 392 262 432 meo,
295 379 329 419 si
362 378 421 419 ita
452 379 620 432 faceret,
652 379 705 419 ad
736 378 872 419 omnis
904 392 968 419 res
1001 378 1256 419 abuteretur.
1317 378 1493 419 Profeei.
1522 397 1528 404 ·

120 450 136 475 5
156 435 303 491 Itaque
335 452 410 491 per
440 436 710 478 Laterensem
745 437 1053 478 internuntium
1085 437 1212 477 fidem
1243 437 1349 477 mihi
1382 437 1495 477 dedit

157 510 199 536 se
225 496 473 549 Antonium,
506 496 539 536 si
565 496 791 550 prohibere
822 496 1041 550 provincia
1067 509 1141 536 sua
1165 509 1250 535 non
1276 495 1494 549 potuisset,

157 554 268 595 bello
301 557 630 608 persecuturum,
662 569 739 608 me,
773 556 819 594 ut
850 555 1037 595 venirem
1069 554 1293 608 copiasque
1326 555 1495 594 coniun-

156 627 317 668 gerem,
357 614 540 668 rogavit,
585 628 717 667 eoque
757 613 910 668 magis,
955 612 1068 667 quod
1109 615 1151 653 et
1189 612 1402 653 Antonius
1443 613 1495 652 ab

157 672 348 726 equitatu
384 672 531 712 firmus
569 686 657 712 esse
696 672 929 725 dic-ebatur,
971 675 1012 712 et
1042 670 1226 725 Lepidus
1256 686 1308 712 ne
1340 671 1496 712 medio-

105 745 138 768 10
158 745 270 770 crem
303 731 472 784 quidem
513 731 748 783 equitatum
784 730 986 782 habebat3
1027 744 1125 770 nam
1156 730 1283 770 etiam
1316 745 1366 770 ex
1397 744 1497 784 pau—

158 789 284 830 citate
317 789 405 829 eius
442 803 528 829 non
558 789 705 829 multis
737 791 832 829 ante
865 789 1012 843 diebus
1045 789 1206 842 decem,
1239 789 1310 842 qui
1344 788 1495 842 optimi

157 848 342 901 fuerant,
381 847 433 888 ad
463 862 529 888 me
562 848 831 888 transierunt.
893 847 1056 896 Quibus
1087 847 1212 888 rebus
1244 861 1322 902 ego
1355 847 1496 902 cogni-

157 906 213 947 tis
245 909 464 946 cunctatus
494 920 580 947 non
612 921 724 960 sum3
757 906 800 946 in
833 920 955 946 cursu
988 906 1197 946 bonorum
1223 905 1495 946 consiliorum

156 964 364 1019 Lepidum
408 965 691 1005 adiuvandum
739 965 896 1019 putavi.
970 964 1188 1005 Adventus
1231 978 1349 1004 meus
1393 964 1494 1018 quid

107 1037 139 1062 15
157 1024 424 1078 profecturus
449 1026 568 1078 esset,
599 1024 698 1077 vidi,
729 1024 796 1064 vel
822 1023 935 1077 quod
959 1023 1150 1077 equitatu
1175 1037 1268 1063 meo
1300 1023 1495 1076 persequi

159 1086 284 1136 atque
311 1082 547 1136 opprimere
573 1082 808 1136 equitatum
834 1082 923 1122 eius
947 1096 1125 1136 possem,
1151 1081 1218 1122 vel
1244 1081 1357 1135 quod
1382 1095 1496 1121 exer-

160 1141 267 1182 citus
298 1140 447 1195 Lepidi
487 1155 579 1181 eam
609 1143 791 1194 partem,
833 1155 938 1194 quae
971 1142 1168 1194 corrupta
1199 1143 1262 1180 est
1294 1142 1334 1180 et
1367 1140 1418 1180 ab
1451 1154 1495 1180 re

157 1215 196 1254 p.
235 1200 435 1253 alienata,
479 1202 521 1240 et
565 1199 774 1254 corrigere
818 1202 859 1239 et
903 1202 1090 1239 coercere
1133 1198 1369 1252 praesentia
1411 1198 1495 1238 mei

159 1258 366 1299 exercitus
406 1272 583 1312 possem.
643 1256 792 1311 Itaque
829 1257 873 1297 in
912 1256 1043 1311 Isara,
1085 1257 1258 1297 flumine
1297 1256 1495 1310 maximo,

106 1331 139 1356 ‘20
160 1317 273 1371 quod
309 1317 354 1357 in
383 1317 541 1357 finibus
578 1319 641 1357 est
672 1315 972 1372 Allobrogum,
1009 1318 1138 1369 ponte
1169 1330 1253 1356 uno
1287 1315 1352 1355 die
1383 1315 1495 1355 facto

159 1375 390 1416 exercitum
421 1390 454 1416 a.
483 1375 518 1415 d.
544 1387 612 1415 1111
641 1373 742 1415 Idus
767 1374 864 1415 Mai.
895 1374 1074 1415 traduxi.
1132 1373 1239 1414 Cum
1264 1387 1363 1414 vero
1389 1373 1495 1413 mihi

158 1434 401 1475 nuntiatum
433 1436 540 1474 esset
570 1433 616 1474 L.
648 1432 885 1474 Antonium
915 1433 1193 1487 praemissum
1219 1446 1315 1473 cum
1346 1432 1497 1486 equiti-

158 1493 238 1534 bus
269 1495 310 1534 et
341 1492 587 1534 cohortibus
618 1492 671 1532 ad
694 1491 853 1532 Forum
882 1490 965 1532 Iuli
990 1492 1164 1546 venisse,
1196 1491 1370 1531 fratrem
1401 1504 1496 1530 cum

160 1551 351 1605 equitum
382 1553 583 1605 quattuor
612 1550 798 1605 milibus,
829 1552 877 1591 ut
909 1552 1145 1591 occurreret
1177 1550 1231 1604 ei,
1262 1549 1359 1590 misi
1392 1563 1424 1589 a.
1459 1549 1494 1588 d.

107 1624 140 1648 ‘25
160 1622 190 1650 v
209 1608 308 1650 Idus
327 1609 442 1664 Mai.;
470 1609 559 1663 ipse
578 1609 774 1649 maximis
799 1609 1024 1649 itineribus
1044 1623 1138 1649 cum
1163 1620 1232 1649 1111
1255 1608 1496 1663 legionibus

161 1668 367 1722 expeditis
404 1670 445 1708 et
481 1667 645 1721 reliquo
683 1668 875 1721 equitatu
912 1668 1153 1722 subsequar.
1217 1665 1261 1707 Si
1297 1681 1375 1707 nos
1412 1680 1495 1706 me-

162 1727 315 1767 diocris
345 1726 472 1767 modo
503 1726 673 1766 fortuna
703 1726 764 1766 rei
788 1741 827 1779 p.
855 1726 1073 1780 adiuverit,
1105 1728 1146 1766 et
1178 1725 1374 1765 audaciae
1404 1739 1495 1778 per-

163 1786 348 1826 ditorum
379 1786 421 1825 et
450 1787 619 1824 nostrae
651 1784 948 1824 sollicitudinis
978 1784 1048 1824 hic
1074 1784 1202 1824 finem
1228 1783 1494 1837 reperiemus.

162 1843 321 1893 Quodsi
350 1843 458 1884 latro
490 1842 763 1897 praecognito
787 1845 933 1883 nostro
959 1843 1141 1883 adventu
1166 1856 1310 1882 rursus
1341 1841 1385 1881 in
1415 1839 1497 1881 Ita-

109 1917 142 1941 30
161 1903 263 1943 liam
295 1916 336 1942 se
368 1902 551 1955 recipere
578 1901 772 1954 coeperit,
804 1900 927 1941 Bruti
959 1901 1040 1941 erit
1066 1900 1254 1941 officium
1280 1913 1496 1955 occurrere

161 1962 216 2016 ei3
243 1961 310 2002 cui
336 1961 421 2001 scio
447 1974 523 2000 nec
543 1959 765 2000 consilium
789 1973 866 2000 nec
891 1959 1078 1999 animum
1105 1959 1358 1999 defuturum.
1402 1957 1495 2012 Ego

160 2022 321 2073 tamen,
362 2018 396 2059 si
434 2018 478 2059 id
509 2018 725 2071 acciderit,
763 2018 937 2058 fratrem
969 2032 1063 2058 cum
1095 2017 1285 2071 equitatu
1316 2016 1495 2068 mittam,

162 2079 234 2132 qui
274 2079 472 2132 sequatur
510 2075 760 2130 Italiamque
799 2091 823 2116 a
859 2076 1093 2117 vastatione
1137 2074 1342 2116 defendat.
1410 2073 1494 2115 Fac

161 2137 299 2178 valeas
329 2150 479 2190 meque
509 2138 658 2176 mutuo
692 2134 852 2190 diligas.

1223 2376 1288 2409 18*

1524 391 1541 419 [v
