1659 2552
606 84 748 119 LIBER
773 84 858 118 XIII
884 89 985 120 7—9.
1391 86 1476 127 375

134 180 184 221 de
222 195 266 221 re
305 180 347 222 C.
380 179 527 221 Albini
560 180 784 235 senatoris,
822 180 940 221 cuius
972 194 1023 221 ex
1060 181 1149 221 filia
1179 184 1303 223 natus
1336 185 1398 223 est
1429 182 1476 224 L.

135 238 313 292 Sestius,
355 240 540 293 optimus
578 239 838 293 adulescens,
877 239 991 280 filius
1028 238 1074 280 P.
1108 238 1228 281 Sesti.
1291 240 1384 282 Hoc
1417 242 1476 282 id-

135 298 245 339 circo
290 298 458 352 scripsi,
504 301 549 338 ut
594 298 862 354 intellegeres
904 312 990 339 non
1034 298 1171 339 solum
1212 314 1278 340 me
1316 314 1392 353 pro
1430 300 1474 341 P.

135 356 273 397 Sestio
304 357 496 397 laborare
523 356 685 411 debere,
718 357 790 397 sed
815 355 1000 398 Sestium
1025 357 1153 398 etiam
1184 372 1261 412 pro
1288 357 1475 399 Albinio.

100 415 218 456 51108
249 419 390 456 autem
423 418 485 455 est
522 415 641 456 haec:
681 414 721 456 A
751 415 807 456 M.
839 415 1019 457 Laberio
1053 415 1095 457 C.
1128 415 1329 457 Albinius
1359 432 1476 471 prae-
1503 428 1522 458 2

136 474 204 514 dia
240 474 284 514 in
322 474 658 514 aestimationem
697 475 877 529 accepit,
922 489 1027 529 quae
1064 475 1235 529 praedia
1271 475 1476 517 Laberius

135 535 293 574 emerat
318 548 342 573 a
368 532 542 573 Caesare
576 533 624 573 de
657 533 780 573 bonis
811 532 1028 574 Plotianis.
1079 533 1142 574 Ea
1168 534 1203 574 si
1230 534 1365 575 dicam
1390 550 1476 576 non

135 605 223 632 esse
255 606 276 631 e
308 605 352 631 1e
384 606 422 645 p
450 591 592 645 dividi,
627 591 773 632 docere
805 595 847 632 te
879 592 1033 646 videar,
1064 607 1151 633 non
1182 607 1342 649 1··.oga1e
1395 592 1477 634 Sed

134 652 296 703 tamen,
339 664 433 690 cum
472 648 624 690 Caesar
665 649 857 691 Sullanas
897 651 1162 692 venditiones
1203 655 1244 692 et
1284 652 1476 708 adsigna-

82 721 115 745 10
134 708 271 749 tiones
286 684 414 748 ratas
441 722 530 749 esse
555 708 669 763 velit,
702 724 785 764 quo
810 710 1019 750 firmiores
1045 710 1340 751 existimentur
1365 726 1475 765 suae,

135 767 170 807 si
208 781 256 807 ea
292 767 464 821 praedia
501 743 762 822 divideiitur,
807 783 912 822 quae
956 769 1044 822 ipse
1083 767 1235 810 Caesar
1274 770 1475 823 vendidit,

135 840 241 879 quae
272 826 442 866 tandem
475 826 518 865 in
551 826 639 866 eius
670 827 986 868 venditionibus
1018 842 1106 868 esse
1146 828 1305 881 poterit
1335 831 1477 869 aucto-

135 884 266 925 ritas?
308 883 400 937 Sed,
432 884 514 925 hoc
545 885 667 939 quale
699 886 765 939 sit,
796 888 843 926 tu
874 900 951 939 pro
984 888 1057 926 tua
1088 886 1312 940 prudentia
1343 888 1477 928 consi-

136 943 312 984 derabis.
374 942 468 998 Ego
499 945 541 983 te
572 943 696 997 plane
726 958 832 999 rogo
864 947 990 998 atque
1022 945 1092 998 ita,
1124 948 1171 985 ut
1202 945 1360 986 maiore
1392 948 1477 986 stu·
1503 957 1522 987 3

83 1014 115 1039 15
136 1001 226 1055 dio,
268 1001 443 1042 iustiore
482 1001 531 1042 de
569 1016 711 1056 causa,
751 1003 887 1058 magis
925 1018 976 1043 ex
1014 1003 1154 1044 animo
1186 1018 1336 1059 rogare
1368 1005 1477 1045 nihil

134 1060 305 1114 possim,
338 1063 385 1100 ut
410 1059 586 1101 Albinio
618 1075 775 1116 parcas,
806 1062 978 1116 praedia
1008 1061 1243 1103 Laberiana
1273 1078 1325 1103 ne
1351 1064 1477 1103 attin-

134 1133 220 1173 gas.
270 1118 427 1174 Magna
457 1134 523 1159 me
556 1119 758 1160 adfeceris
782 1134 868 1161 non
893 1120 1019 1161 modo
1045 1121 1219 1175 laetitia,
1251 1121 1324 1162 sed
1348 1122 1476 1162 etiam

136 1177 319 1231 quodam
362 1177 488 1218 modo
532 1178 686 1233 gloria,
731 1179 767 1219 si
807 1178 851 1219 P.
891 1178 1052 1220 Sestius
1091 1179 1256 1220 homini
1292 1180 1476 1221 maxime

135 1236 369 1277 necessario
407 1236 509 1276 satis
547 1237 694 1277 fecerit
729 1251 806 1291 per
835 1252 919 1292 me,
958 1240 1005 1278 ut
1037 1252 1114 1294 ego
1147 1238 1211 1278 illi
1242 1239 1315 1279 uni
1346 1239 1477 1293 pluri-

83 1306 116 1331 20
135 1309 252 1335 mum
278 1294 420 1335 debeo.
484 1294 605 1343 Quod
636 1298 684 1335 ut
714 1296 864 1350 facias,
895 1299 936 1337 te
962 1296 1232 1337 vehementer
1264 1297 1392 1338 etiam
1417 1300 1477 1338 at-

136 1367 215 1407 que
247 1353 375 1394 etiam
407 1367 523 1408 rogo.
585 1353 722 1394 Maius
753 1354 861 1395 mihi
893 1355 990 1395 dare
1027 1355 1280 1397 beneficium
1310 1356 1476 1397 nullum

99 1459 102 1462 .
134 1414 276 1466 potes,
308 1412 353 1452 id
382 1411 489 1452 mihi
521 1412 742 1468 intelleges
775 1428 862 1454 esse
894 1413 1195 1469 gratissimum.

769 1564 842 1606 IX.

185 1642 274 1685 Ser„
299 1648 339 1678 ut
363 1644 515 1686 videtur,
546 1644 653 1679 Tarsi
676 1645 730 1679 vel
755 1656 809 1679 ex.
829 1656 863 1679 a.
891 1648 914 1679 ’ἴ
915 1647 962 1679 03
985 1648 1062 1689 (51)
1088 1647 1142 1680 vel
1167 1646 1218 1680 in.
1246 1648 1317 1681 704
1339 1648 1430 1690 (50).

83 1738 116 1762 25
537 1724 706 1760 CICERO
734 1724 1010 1760 CRASSIPEDI
1040 1726 1074 1761 S.

226 1818 490 1873 Quamquam
534 1819 614 1860 tibi
662 1834 859 1874 praesens
903 1821 1216 1876 commendavi,
1267 1824 1314 1862 ut
1357 1823 1480 1876 potui
1508 1834 1524 1864 1

138 1877 479 1933 diligentissime,
521 1878 657 1919 socios
694 1878 921 1932 Bithyniae
959 1882 1084 1933 teque
1117 1894 1211 1920 cum
1243 1894 1337 1921 mea
1368 1894 1479 1921 com-

137 1936 405 1977 mendatione
443 1939 534 1976 tum
572 1937 700 1977 etiam
736 1939 810 1977 tua
847 1940 996 1991 sponte
1034 1938 1225 1979 intellexi
1258 1953 1408 1992 cupere
1440 1940 1480 1980 ei

138 1995 341 2049 societati,
374 1995 709 2060 quibuscumque
741 1995 866 2036 rebus
897 2010 1057 2050 posses,
1097 1997 1382 2051 commodare,
1419 2000 1479 2038 ta-

86 2065 119 2089 30
137 2068 246 2107 men,
278 2068 374 2094 cum
406 2054 452 2107 ii,
491 2068 672 2107 quorum
704 2068 769 2094 res
801 2054 963 2109 agitur,
994 2055 1139 2110 magni
1171 2070 1245 2096 sua
1276 2031 1478 2097 inteiesse

139 2111 446 2153 arbitrarentur
476 2126 543 2152 me
571 2112 698 2153 etiam
728 2127 804 2166 per
834 2113 997 2153 litteras
1030 2113 1240 2154 declarare
1272 2114 1364 2168 tibi,
1397 2129 1480 2169 qua

139 2184 272 2211 essem
309 2185 409 2226 erga
448 2170 561 2223 ipsos
599 2170 833 2224 voluntate,
872 2185 957 2212 non
991 2171 1181 2212 dubitavi
1218 2172 1322 2213 haec
1353 2173 1406 2213 ad
1436 2175 1479 2214 te

137 2228 330 2269 scribere.
392 2228 503 2269 Volo
542 2229 654 2269 enim
691 2231 732 2269 te
764 2229 1005 2270 existimare
1037 2245 1121 2284 me,
1155 2245 1250 2271 cum
1281 2231 1477 2273 universo
1504 2243 1524 2273 2

138 2287 276 2328 ordini
307 2287 631 2341 publicanorum
663 2302 828 2342 semper
858 2288 1138 2329 libentissime
1163 2289 1388 2331 tribuerim
1420 2291 1480 2331 id-
