1659 2552
352 75 416 109 AD
444 74 602 116 QUINT.
629 74 799 110 FRATR.
827 74 970 108 LIBER
994 74 1027 107 Π
1058 77 1111 117 14,
1140 78 1193 108 15.
1356 72 1441 113 539

188 170 323 211 Parva
355 173 471 224 sunt,
510 184 615 224 quae
649 170 816 224 desunt,
854 183 930 223 pro
963 169 1120 209 nostris
1153 169 1323 223 quidem
1355 183 1441 209 mo-

101 229 230 283 ribus5
263 232 303 270 et
336 244 383 270 ea
415 232 511 270 sunt
545 229 596 270 ad
629 228 924 282 explicandum
956 228 1282 282 expeditissima,
1314 227 1440 268 modo

100 288 324 329 valeamus.
374 288 574 329 Ambitus
600 288 709 328 redit
741 287 954 341 immanis3
984 301 1215 341 numquam
1247 286 1329 326 fuit
1353 301 1439 340 par.

101 346 206 387 Idib.
229 346 393 396 Quinct.
420 348 566 387 faenus
592 347 674 387 fuit
706 346 897 387 bessibus
929 360 980 386 ex
1010 346 1165 386 triente
1197 345 1380 386 coitione
1411 345 1441 398 †

67 405 276 446 5Memmi
319 409 381 447 est
425 420 508 459 quo
553 420 648 446 cum
688 404 897 459 Domitio3
940 404 1049 445 hanc
1089 403 1269 445 Scaurus
1309 419 1440 444 unum

102 465 278 505 vincere.
351 464 530 505 Messala
573 465 729 505 flaccet.
802 463 901 504 Non
934 463 1026 504 dico
1057 462 1324 517 ὑπερβολάς,
1375 463 1441 503 vel

101 522 173 563 HS
216 523 401 564 centiens
442 523 704 564 constituunt
742 522 786 562 in
823 522 1118 577 praerogativa
1153 522 1440 576 pronuntiare.

102 581 184 622 Res
225 582 343 622 ardet
384 582 552 622 invidia.
616 581 849 622 Tribunicii
893 581 1104 621 candidati
1145 580 1442 635 compromise-

102 643 200 681 runt
232 640 304 681 HS
337 641 561 696 quingenis
600 640 643 680 in
681 640 887 695 singulos'
909 640 1020 694 apud
1050 639 1106 680 Μ.
1140 639 1343 680 Catonem
1376 639 1442 679 de-

50 711 82 735 10
101 699 252 753 positis
290 702 433 753 petere
466 700 554 740 eius
593 699 821 752 arbitratu,
863 701 930 752 ut,
969 698 1040 752 qui
1080 701 1225 739 contra
1262 699 1441 751 fecisset,

101 758 153 798 ab
192 772 241 799 eo
283 758 643 798 condemnaretur.
706 756 820 806 Quae
859 757 1029 811 quidem
1068 757 1239 797 comitia
1277 757 1312 797 si
1349 772 1441 812 gra-

100 816 209 857 tuita
252 816 427 871 fuerint,
471 819 518 857 ut
561 818 782 870 putantur,
826 816 920 870 plus
958 830 1066 857 unus
1106 815 1209 856 Cato
1253 816 1442 869 potuerit

101 890 227 930 quam
260 890 404 916 omnes
435 875 549 931 leges
582 889 809 929 omnesque
842 874 1010 915 iudices.

628 1025 719 1067 XV.
759 1025 910 1082 [XVI]

49 1119 81 1144 15
372 1107 446 1142 Ser.
473 1107 609 1141 Romae
634 1118 686 1142 eoe.
713 1118 757 1142 m.
786 1107 878 1141 δαῖέ.
906 1119 938 1142 α.
968 1110 1040 1142 700
1068 1109 1158 1151 (54).

290 1189 507 1224 MARCUS
534 1189 562 1234 Q
571 1188 733 1223 UINTO
760 1189 973 1223 FRATRI
993 1189 1092 1223 SAL
1103 1189 1260 1224 UTEM.

192 1282 297 1324 Cum
324 1299 347 1324 a
371 1298 438 1324 me
463 1284 627 1324 litteras
657 1284 823 1324 librarii
854 1299 982 1324 manu
1014 1284 1234 1338 acceperis,
1266 1298 1317 1324 ne
1343 1298 1442 1338 pau-

100 1342 190 1383 lum
215 1344 375 1395 quidem
401 1357 467 1383 me
495 1343 572 1383 otii
596 1342 794 1383 habuisse
820 1343 1017 1396 iudicato,
1050 1357 1145 1383 cum
1171 1345 1312 1383 autem
1337 1358 1442 1396 mea,

101 1401 285 1455 paulum.
348 1400 417 1442 Sic
454 1402 565 1441 enim
602 1401 776 1456 habeto,
818 1416 1049 1455 numquam
1079 1416 1147 1442 me
1179 1417 1202 1442 a
1234 1402 1369 1442 causis
1401 1404 1442 1442 et

50 1471 83 1495 20
102 1460 269 1500 iudiciis
295 1460 597 1501 districtiorem
622 1460 762 1513 fuisse,
789 1462 914 1514 atque
941 1460 984 1500 id
1010 1461 1108 1500 anni
1134 1463 1324 1514 tempore
1350 1475 1442 1516 gra-

102 1518 275 1558 vissimo
308 1521 348 1559 et
380 1519 591 1559 caloribus
621 1519 828 1559 maximis.
892 1518 974 1560 Sed
1004 1519 1123 1572 haec,
1163 1519 1363 1573 quoniam
1394 1521 1442 1559 tu

102 1576 162 1616 ita
193 1577 454 1630 praescribis,
486 1577 657 1617 ferenda
689 1580 797 1631 sunt,
828 1592 963 1631 neque
996 1578 1363 1631 committendum,
1396 1580 1442 1617 ut

103 1638 175 1675 aut
216 1635 305 1688 spei
344 1638 416 1676 aut
456 1635 705 1690 cogitationi
745 1638 908 1676 vestrae
949 1650 1026 1691 ego
1064 1636 1209 1676 videar
1250 1636 1442 1689 defuisse,

102 1694 351 1747 praesertim
383 1707 498 1747 cum,
531 1694 564 1733 si
598 1694 641 1733 id
673 1694 887 1734 difficilius
919 1694 1047 1734 fuerit
1057 1727 1067 1747 ‚
1105 1697 1247 1734 tamen
1279 1708 1330 1734 ex
1361 1694 1441 1734 hoc

51 1762 84 1787 ⁴25
103 1752 248 1792 labore
288 1766 486 1806 magnam
526 1752 707 1806 gratiam
746 1766 1027 1806 magnamque
1069 1752 1335 1807 dignitatem·
1362 1752 1441 1792 sim

105 1810 379 1851 conlecturus.
429 1808 589 1863 Itaque,
622 1812 668 1850 ut
699 1810 780 1850 tibi
810 1810 959 1864 placet,
992 1810 1138 1850 damus
1170 1825 1358 1864 operam,
1389 1825 1441 1850 ne

105 1869 222 1909 cuius
243 1869 430 1908 animum
445 1868 715 1921 offendamus,
736 1871 861 1922 atque
881 1871 927 1909 ut
942 1868 1069 1908 etiam
1089 1868 1140 1908 ab
1163 1868 1213 1908 iis
1234 1868 1348 1923 ipsis,
1368 1869 1441 1922 qui

103 1941 180 1967 nos
212 1941 306 1967 cum
340 1925 513 1967 Caesare
544 1930 631 1966 tam
658 1927 904 1967 coniunctos
931 1927 1084 1980 dolent,
1118 1927 1356 1982 diligamur,
1388 1927 1440 1967 ab

104 1986 247 2039 aequis
274 1999 372 2025 vero
405 1987 475 2025 aut
503 1985 629 2025 etiam
655 2000 677 2025 a
702 1986 922 2039 propensis
948 1985 991 2025 in
1010 1985 1118 2025 hanc
1136 1988 1300 2039 partem
1319 1985 1440 2026 vehe-

51 2055 85 2080 30
103 2046 267 2084 menter
299 2046 339 2084 et
372 2043 558 2083 colamur
585 2046 625 2083 et
660 2058 857 2084 amemur.
913 2044 976 2084 De
1010 2043 1172 2084 ambitu
1205 2059 1299 2084 cum
1332 2046 1440 2085 atro-

105 2102 270 2143 cissime
297 2104 492 2157 ageretur
523 2102 567 2141 in
599 2104 745 2142 senatu
775 2103 933 2143 multos
960 2102 1058 2155 dies,
1092 2103 1204 2156 quod
1236 2103 1295 2142 ita
1321 2106 1440 2143 erant

103 2161 316 2216 progressi
348 2160 557 2200 candidati
591 2161 840 2214 consulares,
875 2164 922 2201 ut
953 2175 1038 2201 non
1070 2164 1177 2201 esset
1209 2161 1440 2215 ferendum,

103 2219 148 2258 in
173 2222 319 2259 senatu
350 2233 435 2259 non
467 2219 548 2272 fui3
581 2219 709 2259 statui
735 2219 788 2259 ad
811 2219 972 2259 nullam
1002 2219 1254 2259 medicinam
1281 2219 1340 2259 rei
1366 2234 1441 2273 pu-

103 2276 237 2318 blicae
268 2278 357 2318 sine
388 2291 542 2332 magno
574 2277 784 2330 praesidio
817 2277 1021 2318 accedere.

1471 1294 1483 1321 1

1467 2056 1485 2084 Ν.)
