1659 2552
442 32 470 68 z*

647 106 790 142 LIBER
814 107 865 141 VI
891 110 923 150 3,
949 110 982 142 4.
1403 106 1486 148 145

139 201 404 256 senserimus,
436 203 695 256 eventusque
721 201 857 258 magis
882 202 1018 243 nostri
1045 201 1211 242 consilii
1238 216 1364 256 quam
1391 216 1486 242 con-

139 261 282 302 silium
319 260 670 316 reprehendatur,
712 263 754 302 et
792 260 992 315 quoniam
1023 260 1331 315 praestitimus,
1373 261 1487 315 quod

140 319 381 374 debuimus,
418 319 652 374 moderate,
685 319 799 374 quod
830 319 988 374 evenit,
1026 319 1222 360 feramus.
1287 318 1368 360 Sed
1405 320 1485 360 hoc

137 377 245 419 mihi
275 380 418 418 tamen
448 392 535 418 non
567 392 705 432 sumo,
737 380 785 419 ut
809 380 851 419 te
883 378 1076 419 consoler
1107 378 1156 419 de
1189 378 1485 418 communibus

103 436 340 491 5miseriis,
381 450 487 490 quae
526 436 578 477 ad
616 437 919 478 consolandum
955 436 1129 478 maioris
1166 436 1329 492 ingenii
1361 440 1402 477 et
1434 437 1487 477 ad

139 495 365 536 ferundum
391 495 618 550 singularis
637 495 809 536 virtutis
834 495 1045 551 indigent,
1077 495 1184 536 illud
1203 495 1337 536 cuivis
1363 496 1485 536 facile

140 556 204 594 est
230 553 390 607 docere,
423 568 497 594 cur
527 554 751 608 praecipue
782 557 830 594 tu
862 554 1003 595 dolere
1034 554 1143 595 nihil
1172 554 1334 595 debeas.
1380 554 1485 594 Eius

140 613 270 667 enim,
309 612 382 666 qui
413 612 575 653 tardior
606 612 651 653 in
682 616 724 653 te
755 612 933 654 levando
965 613 1059 667 fuit,
1092 628 1218 667 quam
1243 613 1334 654 fore
1366 615 1486 667 puta-

139 685 292 724 remus,
322 685 408 711 non
434 673 497 711 est
521 671 628 711 mihi
661 671 789 712 dubia
822 671 870 712 de
902 674 976 712 tua
1007 672 1141 712 salute
1173 671 1401 726 sententia,
1436 671 1484 712 de

88 744 121 768 10
141 729 226 770 illis
259 732 399 770 autem
429 744 516 770 non
547 729 733 770 arbitror
764 732 805 770 te
838 733 1078 785 exspectare
1105 731 1209 784 quid
1233 730 1424 772 sentiam.

228 787 458 841 Reliquum
490 790 569 842 est,
602 790 649 829 ut
680 791 722 829 te
754 791 907 844 angat,
935 789 1048 843 quod
1080 789 1193 830 absis
1224 804 1248 829 a
1278 789 1363 830 tuis
1396 791 1483 829 tam

143 846 224 887 diu.
286 845 371 887 Res
407 846 603 901 molesta,
647 847 897 901 praesertim
935 848 987 888 ab
1028 848 1081 888 iis
1121 848 1283 903 pueris,
1329 848 1484 902 quibus

141 905 249 945 nihil
279 907 420 959 potest
452 919 540 946 esse
571 905 786 960 festivius3
819 906 902 960 sed,
934 909 981 947 ut
1012 907 1065 947 ad
1095 908 1136 947 te
1169 906 1319 961 scripsi
1350 909 1484 960 antea,

140 967 307 1018 tempus
339 965 402 1004 est
432 963 560 1004 huius
590 963 719 1018 modi,
752 967 800 1004 ut
831 979 950 1005 suam
982 965 1160 1019 quisque
1193 965 1485 1006 condicionem

88 1035 122 1061 15
139 1022 421 1063 miserrimam
451 1024 573 1076 putet
605 1025 657 1077 et,
689 1022 763 1063 ubi
796 1023 973 1077 quisque
1005 1024 1071 1078 sit,
1104 1023 1164 1064 ibi
1196 1038 1285 1064 esse
1309 1023 1484 1064 minime

140 1081 254 1122 velit.
315 1080 527 1134 Equidem
562 1094 657 1135 nos,
704 1081 777 1135 qui
819 1082 980 1122 Romae
1024 1097 1186 1136 sumus,
1223 1082 1485 1123 miserrimos

141 1153 230 1180 esse
263 1139 381 1193 duco,
412 1153 499 1180 non
531 1139 669 1180 solum
701 1139 815 1193 quod
845 1140 889 1180 in
920 1140 1044 1181 malis
1070 1141 1267 1181 omnibus
1293 1141 1485 1181 acerbius

142 1200 205 1238 est
235 1197 377 1238 videre
409 1212 536 1252 quam
568 1198 726 1252 audire,
759 1199 832 1239 sed
863 1199 991 1239 etiam
1024 1200 1138 1253 quod
1169 1200 1222 1240 ad
1253 1200 1390 1240 omnis
1423 1213 1485 1240 oa-

142 1270 212 1297 sus
244 1256 483 1297 subitorum
514 1256 801 1311 periculorum
826 1258 962 1313 magis
989 1258 1145 1298 obiecti
1170 1272 1326 1312 sumus,
1359 1272 1485 1312 quam

89 1329 123 1354 20
143 1315 177 1355 si
204 1314 454 1356 abessemus.
516 1315 612 1356 Etsi
642 1329 710 1356 me
741 1316 881 1370 ipsum
907 1316 1216 1357 consolatorem
1246 1319 1369 1357 tuum
1399 1330 1485 1357 non

141 1375 308 1414 tantum
344 1374 529 1428 litterae,
567 1373 722 1428 quibus
760 1389 924 1429 semper
961 1375 1121 1429 studui,
1159 1378 1366 1429 quantum
1396 1375 1485 1415 lon-

141 1432 358 1487 ginquitas
394 1432 599 1487 temporis
642 1432 868 1488 mitigavit.
931 1432 1098 1482 Quanto
1135 1434 1289 1474 fuerim
1329 1434 1485 1487 dolore,

141 1490 383 1531 meministi.
444 1489 495 1531 In
533 1505 616 1545 quo
654 1491 792 1545 prima
829 1492 903 1532 illa
941 1493 1174 1533 consolatio
1207 1495 1287 1546 est,
1330 1492 1484 1533 vidisse

142 1563 209 1589 me
240 1549 335 1603 plus
367 1564 494 1603 quam
526 1552 703 1604 ceteros,
737 1564 832 1591 cum
864 1551 1085 1605 cupiebam
1118 1551 1309 1605 quamvis
1341 1551 1487 1604 iniqua

90 1620 124 1645 25
144 1607 388 1648 condicione
412 1622 578 1663 pacem,
612 1608 726 1662 quod
750 1609 829 1649 etsi
856 1624 964 1664 casu,
995 1624 1082 1651 non
1108 1610 1368 1650 divinatione
1394 1624 1487 1650 mea

144 1665 304 1706 factum
342 1668 422 1720 est,
462 1669 605 1707 tamen
642 1667 687 1707 in
725 1666 805 1708 hac
836 1667 952 1708 inani
983 1668 1232 1723 prudentiae
1263 1668 1387 1708 laude
1421 1668 1487 1708 de-

144 1724 287 1764 lector.
348 1723 522 1779 Deinde,
555 1725 669 1779 quod
693 1725 799 1766 mihi
826 1727 879 1766 ad
904 1727 1237 1768 consolationem
1264 1741 1485 1767 commune

145 1784 285 1823 tecum
322 1784 401 1836 est,
442 1783 477 1823 si
514 1783 599 1824 iam
629 1797 755 1824 vocer
792 1784 845 1825 ad
875 1785 1037 1826 exitum
1068 1786 1198 1839 vitae,
1235 1799 1322 1826 non
1354 1785 1406 1825 ab
1439 1798 1486 1824 ea

146 1855 189 1881 re
220 1856 259 1895 p.
292 1840 465 1895 avellar,
503 1856 586 1894 qua
623 1842 849 1883 carendum
886 1857 974 1884 esse
1014 1844 1195 1895 doleam,
1236 1843 1487 1897 praesertim

92 1914 126 1938 :30
146 1913 241 1940 cum
279 1899 323 1940 id
360 1899 448 1940 sine
486 1900 573 1940 ullo
612 1914 735 1940 sensu
773 1901 965 1941 futurum
1006 1902 1071 1942 sit.
1133 1901 1488 1956 Adiuvatetiam

145 1961 259 1999 aetas
291 1960 332 1998 et
364 1960 456 1998 acta
487 1958 571 1998 iam
602 1959 701 2012 vita,
734 1973 839 2012 quae
872 1973 967 2000 cum
999 1974 1124 2001 cursu
1150 1974 1225 2001 suo
1251 1960 1359 2000 bene
1393 1973 1488 2000 con-

143 2017 254 2058 fecto
294 2016 473 2057 delectat
510 2019 601 2057 tum
638 2019 753 2057 vetat
794 2017 838 2057 in
875 2032 924 2058 eo
956 2018 1043 2058 vim
1081 2018 1252 2071 timere,
1294 2032 1378 2071 quo
1410 2032 1487 2059 nos

144 2075 229 2116 iam
268 2078 419 2116 natura
458 2075 550 2129 ipsa
589 2089 720 2129 paene
760 2075 1016 2129 perduxerit.
1083 2076 1304 2117 Postremo
1346 2076 1382 2116 is
1422 2075 1489 2117 vir

144 2134 212 2175 vel
243 2134 371 2175 etiam
408 2134 439 2174 ii
470 2134 551 2174 viri
588 2134 669 2174 hoc
700 2133 813 2174 bello
847 2135 1107 2189 occiderunt,
1145 2137 1192 2176 ut
1223 2134 1488 2188 impudentia

93 2202 126 2228 35
146 2192 339 2233 videatur
364 2193 538 2233 eandem
564 2193 791 2246 fortunam,
818 2192 853 2233 si
873 2207 938 2233 res
960 2196 1095 2249 cogat,
1122 2207 1324 2234 recusare.
1357 2192 1489 2247 Equi-

146 2251 240 2292 dem
271 2251 378 2292 mihi
410 2252 551 2292 omnia
581 2265 792 2305 proponO,
830 2265 907 2292 nec
944 2252 1078 2292 ullum
1111 2254 1173 2292 est
1204 2254 1372 2292 tantum
1402 2267 1489 2293 ma-

144 2309 251 2364 lum,
290 2310 404 2364 quod
439 2325 525 2351 non
561 2312 707 2365 putem
744 2309 982 2364 inpendere.
1046 2309 1145 2365 Sed,
1185 2324 1279 2351 cum
1316 2310 1412 2364 plus
1443 2311 1489 2351 in

216 2383 368 2410 Ciceronis
388 2385 475 2416 epist.
494 2386 518 2410 Ι.
1224 2382 1266 2413 10
