1659 2552
619 90 762 125 LIBER
782 90 813 124 x
841 93 988 125 18—20.
1399 90 1484 130 ‘279

147 190 300 242 tamen,
333 201 458 242 quem
489 187 532 227 in
563 185 677 227 Isara
709 188 900 240 feceram,
933 185 1114 226 castellis
1145 184 1308 225 duobus
1341 185 1392 225 ad
1424 200 1486 226 ca-

147 247 237 301 pita
276 246 427 301 positis
467 246 620 300 reliqui
660 245 951 300 praesidiaque
992 244 1053 285 ibi
1094 244 1217 284 firma
1255 244 1398 298 posui,
1440 246 1485 284 ut

148 305 333 346 venienti
370 304 504 345 Bruto
543 304 827 358 exercituique
866 304 954 344 eius
996 303 1084 343 sine
1124 316 1243 343 mora
1283 302 1484 342 transitus

148 366 256 405 esset
286 366 468 418 paratus.
500 362 611 418 Ipse,
650 365 696 403 ut
729 376 867 417 spero,
909 361 1056 402 diebus
1087 372 1187 415 VIII,
1227 360 1379 414 quibus
1410 360 1485 400 has

113 433 129 459 5
148 423 310 464 litteras
343 422 505 476 dabam,
538 436 633 462 cum
664 421 812 476 Lepidi
845 420 977 475 copiis
1008 434 1075 461 me
1102 420 1367 474 coniungam.

762 572 873 614 XIX.

359 654 433 689 Ser.
460 655 595 689 Romae
623 655 704 689 circ.
738 654 819 687 VH
841 653 887 688 K.
914 653 998 687 Ilm.
1027 664 1059 687 a.
1092 655 1159 686 711
1189 654 1278 695 (43).

616 733 783 769 CICERO
815 733 1015 769 PLANCO.

236 831 499 885 Quamquam
530 831 763 886 gratiarum
795 829 1003 870 actionem
1035 844 1058 870 a
1089 832 1130 870 te
1162 843 1248 870 non
1281 828 1485 869 desidera-
1514 839 1529 869 1

95 904 128 928 10
147 890 256 945 bam,
289 905 383 931 cum
414 892 456 930 te
482 904 526 930 re
551 890 642 944 ipsa
673 892 798 942 atque
830 888 970 929 animo
1003 888 1152 929 scirem
1179 902 1266 928 esse
1298 886 1485 942 gratissi-

146 964 274 1003 mum,
306 952 447 990 tamen
480 946 716 1003 (fatendum
747 949 809 987 est
841 946 977 1002 enim)
1019 947 1101 987 fuit
1133 961 1180 987 ea
1210 945 1317 986 mihi
1347 946 1484 1000 periu-

147 1008 299 1063 cunda3
331 1008 390 1048 sic
421 1007 533 1048 enim
565 1007 669 1061 vidi,
702 1006 820 1060 quasi
852 1020 910 1060 ea,
943 1020 1049 1059 quae
1081 1005 1212 1046 oculis
1245 1007 1483 1058 cernuntur,

146 1081 213 1107 me
239 1082 262 1107 a
288 1069 329 1107 te
355 1066 497 1107 amari.
535 1065 677 1106 Dices:
710 1064 835 1119 ‘quid
859 1064 1030 1105 antea‘?'
1072 1063 1246 1117 Semper
1277 1063 1483 1117 equidem,

147 1125 220 1166 sed
250 1139 480 1179 numquam
511 1124 743 1165 inlustrius.
780 1123 966 1164 Litterae
992 1126 1088 1163 tuae
1113 1122 1366 1163 mirabiliter
1390 1136 1483 1176 gra-

95 1196 128 1220 15
147 1186 214 1225 tae
247 1186 345 1224 sunt
377 1183 540 1224 senatui
572 1197 667 1223 cum
698 1182 824 1223 rebus
855 1182 969 1236 ipsis,
1002 1195 1107 1235 quae
1139 1182 1258 1221 erant
1288 1180 1483 1236 gravissi-

146 1257 238 1283 mae
277 1245 318 1283 et
354 1242 578 1295 maximae,
616 1241 837 1281 fortissimi
876 1240 1006 1280 animi
1038 1240 1274 1293 summique
1306 1238 1483 1292 consilii,

146 1304 238 1342 tum
288 1301 415 1342 etiam
464 1301 672 1356 gravitate
721 1299 1025 1340 sententiarum
1074 1300 1199 1352 atque
1244 1297 1481 1338 verborum.

148 1358 247 1413 Sed,
286 1359 346 1400 mi
382 1358 552 1413 Plance,
593 1358 805 1412 incumbe,
845 1360 891 1398 ut
923 1357 1025 1398 belli
1056 1359 1243 1397 extrema
1278 1355 1482 1409 perficias.

145 1417 197 1459 In
226 1418 308 1459 hoc
339 1418 419 1459 erit
451 1432 614 1458 summa
645 1419 685 1457 et
723 1416 861 1472 gratia
892 1419 933 1457 et
963 1416 1110 1472 gloria.
1174 1414 1309 1468 Cupio
1342 1413 1483 1455 omnia

94 1489 128 1514 20
148 1476 209 1518 rei
245 1492 283 1531 p.
317 1491 456 1531 causa3
497 1476 569 1517 sed
607 1475 866 1516 mehercules
907 1474 951 1515 in
992 1489 1039 1515 ea
1076 1472 1359 1515 conservanda
1399 1472 1483 1512 iam

148 1535 401 1591 defetigatus
438 1549 524 1575 non
559 1535 695 1575 multo
732 1534 828 1588 plus
867 1533 1027 1587 patriae
1065 1533 1185 1573 faveo
1224 1547 1350 1585 quam
1386 1534 1482 1571 tuae

147 1593 324 1649 gloriae,
369 1593 486 1634 cuius
529 1593 758 1633 maximam
800 1592 1045 1632 facultatem
1087 1591 1167 1632 tibi
1212 1590 1270 1631 dii
1314 1590 1483 1630 immor-

147 1652 272 1706 tales,
313 1654 360 1692 ut
401 1666 543 1706 spero,
588 1651 754 1706 dedere,
795 1665 921 1704 quam
962 1650 1257 1704 complectere,
1299 1662 1482 1702 opsecro.

148 1709 229 1759 Qui
262 1710 374 1751 enim
398 1710 635 1751 Antonium
667 1709 932 1763 oppresserit,
967 1708 1002 1748 is
1033 1708 1113 1749 hoc
1144 1707 1304 1748 bellum
1334 1709 1485 1747 taeter-

95 1782 128 1806 :25
149 1769 304 1810 rimum
335 1768 821 1823 periculosissimumque
854 1766 1092 1808 confecerit.

1508 1366 1527 1396 Ν)

770 1919 859 1959 XX.

424 2000 499 2036 Ser.
527 2000 664 2034 Romae
689 1999 753 2033 IV
774 1999 821 2033 K.
848 1999 932 2032 Iun.
967 2010 998 2032 α.
1028 2000 1095 2031 711
1125 1998 1214 2040 (43).

619 2079 786 2114 CICERO
816 2078 1014 2113 PLANCO.

236 2175 302 2218 Ita
333 2180 452 2218 erant
484 2176 641 2230 omnia,
683 2189 788 2230 quae
820 2174 936 2214 istim
967 2173 1282 2227 adferebantur,
1314 2173 1485 2227 incerta,
1514 2184 1529 2214 1

96 2247 130 2272 30
149 2238 208 2290 ut,
240 2236 343 2290 quid
373 2236 426 2277 ad
456 2238 497 2276 te
529 2234 767 2287 scriberem,
798 2247 884 2274 non
917 2234 1163 2273 occurreret.
1206 2231 1334 2272 Modo
1361 2231 1484 2285 enim,

150 2308 255 2348 quae
286 2294 499 2349 vellemus,
533 2293 581 2334 de
612 2292 790 2346 Lepido,
827 2291 953 2332 modo
986 2293 1131 2332 contra
1161 2290 1484 2344 nuntiabantur-3
