1659 2552
175 100 231 141 32
675 97 1014 133 EPISTULARUM

175 196 331 250 plicere
362 194 443 236 tibi
474 196 597 235 tuum
630 194 853 235 consilium
886 193 1087 247 coeperit,
1118 193 1254 247 possis
1285 208 1426 235 meum
1457 208 1519 236 re-

177 254 351 296 cordari.
413 253 540 294 Brevi
572 255 713 294 tamen
746 253 805 293 sic
835 251 1004 305 habeto,
1036 251 1080 292 in
1112 266 1207 292 eum
1233 254 1390 294 statum
1415 256 1518 294 tem-

176 328 329 369 porum
360 315 481 353 tuum
514 311 697 352 reditum
730 311 931 365 incidere,
964 314 1011 350 ut
1043 310 1095 351 iis
1127 310 1268 365 bonis,
1301 325 1406 364 quae
1437 311 1517 352 tibi

175 375 339 426 natura,
371 371 523 425 studio,
556 370 726 411 fortuna
759 370 855 410 data
886 372 995 424 sunt,
1031 369 1195 409 facilius
1228 369 1380 424 omnia,
1413 385 1518 424 quae

177 433 274 472 sunt
312 429 572 484 amplissima
609 429 653 469 in
691 443 735 469 re
766 428 952 483 publica,
995 428 1193 482 consequi
1224 428 1361 483 possis
1392 443 1519 483 quam
1555 441 1572 466 5

175 489 433 531 muneribus.
497 487 686 537 Quorum
726 501 861 541 neque
900 487 1145 527 facultatem
1187 487 1410 542 quisquam
1451 487 1519 529 ad-

176 549 356 590 miratur
387 546 469 604 (est
501 547 613 587 enim
643 546 870 600 copiarum,
902 560 988 586 non
1013 544 1216 601 virtutis),
1246 560 1382 600 neque
1408 546 1520 600 quis-

178 621 304 662 quam
337 609 416 660 est‚
450 606 552 659 quin
584 605 776 646 satietate
809 605 892 645 iam
925 605 1110 645 defessus
1142 604 1207 645 sit.
1271 603 1353 646 Sed
1385 605 1518 660 aliter,

177 669 303 720 atque
336 665 612 718 ostenderam,
645 664 766 718 facio,
799 663 871 718 qui
904 663 1118 719 ingrediar
1149 663 1202 704 ad
1227 664 1518 718 explicandam

176 725 384 766 rationem
423 723 655 764 sententiae
691 737 826 778 meae3
868 737 996 776 quare
1035 736 1202 763 omnem
1239 722 1347 764 hanc
1380 723 1519 778 dispu-
1539 736 1572 761 10

175 784 382 824 tationem
414 783 457 823 in
490 783 718 823 adventum
748 784 871 822 tuum
912 781 1071 822 differo.
1133 780 1307 822 Summa
1347 782 1452 823 scito
1485 786 1520 824 te

176 843 220 883 in
253 841 564 897 exspectatione
605 854 693 881 esse
735 854 866 894 eaque
907 855 930 880 a
969 842 1011 881 te
1053 840 1305 895 exspectari,
1349 855 1454 895 quae
1495 855 1519 882 a

177 916 340 942 summa
382 900 540 941 virtute
582 913 831 953 summoque
872 898 1043 955 ingenio
1087 899 1365 953 exspectanda
1409 902 1517 940 sunt.

176 959 245 1001 Ad
277 974 382 1014 quae
415 959 450 999 si
483 973 543 1013 es,
583 961 630 999 ut
664 957 806 1012 debes,
847 960 1035 1012 paratus,
1069 958 1183 1012 quod
1213 958 1273 998 ita
1303 972 1392 999 esse
1423 972 1518 999 con-

176 1019 279 1072 fido,
317 1018 512 1073 plurimis
550 1017 831 1071 maximisque
874 1016 1120 1057 muneribus
1159 1019 1199 1057 et
1238 1031 1315 1058 nos
1359 1017 1516 1059 amicos
1537 1030 1569 1056 15

177 1080 217 1118 et
250 1077 353 1118 civis
384 1080 481 1118 tuos
507 1076 726 1117 universos
759 1078 799 1116 et
831 1090 920 1116 rem
944 1075 1159 1130 publicam
1185 1075 1365 1117 adficies.
1405 1074 1518 1117 Illud

177 1150 403 1191 cognosces
434 1135 644 1190 profecto,
675 1134 782 1175 mihi
814 1136 856 1175 te
887 1148 1022 1189 neque
1055 1134 1259 1176 cariorem
1290 1149 1425 1190 neque
1456 1135 1517 1176 iu-

175 1195 420 1236 cundiorem
453 1208 541 1235 esse
573 1208 838 1248 quemquam.

805 1344 879 1386 IV.

591 1426 665 1461 Ser.
694 1426 828 1461 Romae
854 1438 886 1460 α.
917 1428 986 1460 701
1009 1427 1098 1469 (53).
1533 1429 1567 1454 20

544 1507 710 1542 CICERO
739 1507 772 1542 S.
798 1507 840 1542 D.
869 1506 904 1541 C.
933 1506 1138 1541 CURIONI.

262 1603 552 1659 Epistolarum
592 1618 747 1659 genera
787 1602 921 1643 multa
961 1602 1049 1643 esse
1089 1616 1175 1643 non
1212 1602 1400 1658 ignoraS‚
1441 1603 1515 1644 sed

173 1678 305 1704 unum
343 1663 450 1703 illud
481 1662 780 1716 certissimum,
822 1661 939 1702 cuius
972 1675 1094 1701 causa
1126 1661 1296 1702 inventa
1327 1676 1392 1703 res
1422 1661 1514 1716 ipsa

174 1725 248 1776 est,
280 1724 327 1763 ut
353 1721 552 1762 certiores
579 1721 810 1761 faceremus
836 1720 1033 1773 absentis,
1065 1719 1100 1760 si
1127 1720 1229 1774 quid
1254 1723 1373 1775 esset,
1399 1721 1514 1774 quod

174 1796 245 1822 eos
277 1781 381 1821 scire
414 1783 485 1820 aut
517 1782 661 1820 nostra
693 1782 765 1820 aut
797 1779 986 1833 ipsorum
1011 1778 1242 1819 interesset.
1286 1778 1424 1820 Huius
1442 1794 1512 1835 ge·
1532 1790 1565 1816 25

172 1840 285 1881 neris
309 1839 473 1880 litteras
499 1853 522 1878 a
546 1852 613 1879 me
638 1838 829 1892 profecto
857 1852 943 1878 non
968 1839 1179 1892 expectas3
1206 1840 1373 1878 tuarum
1399 1838 1511 1878 enim

173 1913 314 1940 rerum
346 1897 671 1938 domesticarum
701 1896 832 1938 habes
863 1899 905 1937 et
936 1896 1162 1950 scriptores
1188 1898 1229 1937 et
1253 1896 1435 1950 nuntios,
1467 1896 1511 1937 in

172 1958 277 1999 meis
315 1959 455 1997 autem
493 1955 619 1997 rebus
655 1955 764 1996 nihil
802 1958 865 1996 est
902 1969 999 1996 sane
1031 1955 1141 1996 novi.
1203 1954 1382 2009 Reliqua
1413 1958 1511 1995 sunt

173 2016 447 2071 epistolarum
478 2029 632 2071 genera
659 2015 753 2069 duo7
786 2028 891 2068 quae
917 2028 983 2054 me
1009 2027 1265 2069 magnopere
1292 2013 1510 2068 delectant,

172 2090 303 2116 unum
335 2074 542 2115 familiare
574 2077 615 2114 et
646 2073 847 2128 iocosum,
880 2072 1058 2114 alterum
1087 2086 1278 2113 severum
1303 2074 1345 2112 et
1369 2086 1508 2127 grave.
1529 2084 1563 2110 30

170 2132 280 2175 Utro
312 2147 378 2174 me
410 2133 550 2174 minus
583 2133 724 2173 deceat
756 2132 831 2186 uti,
861 2146 946 2172 non
978 2130 1189 2186 intellego.
1249 2128 1421 2171 Iocerne
1452 2133 1510 2172 te-

173 2206 267 2233 cum
308 2207 383 2246 per
422 2192 616 2232 litteras?
679 2190 824 2232 Civem
863 2189 1101 2231 mehercule
1141 2202 1226 2229 non
1266 2191 1370 2242 puto
1410 2203 1510 2244 esse,

173 2250 245 2303 qui
276 2250 540 2304 temporibus
571 2250 638 2291 his
670 2250 805 2290 ridere
836 2248 981 2303 possit.
1042 2247 1110 2288 An
1145 2247 1317 2302 gravius
1349 2247 1511 2302 aliquid

172 2307 383 2349 scribam?
446 2308 556 2357 Quid
593 2311 672 2363 est,
713 2308 826 2362 quod
862 2306 995 2362 possit
1033 2305 1220 2361 graviter
1252 2321 1275 2346 a
1309 2304 1510 2348 Cicerone
