1659 2552
357 115 421 149 AD
450 114 607 157 QUINT.
634 115 805 152 FRATR.
832 116 974 150 LIBER
999 117 1049 150 ΙΙΙ
1076 121 1106 161 1,
1133 121 1163 152 ⁶2.
1356 117 1441 158 549

99 211 283 265 litteras,
327 226 430 265 quas
470 226 547 266 ego
587 212 726 266 accepi
771 227 804 253 a.
843 212 878 253 d.
920 224 988 252 1111
1030 212 1079 253 K.
1119 211 1301 266 Octobr„
1339 213 1441 253 satis

101 270 342 311 commodas
383 270 431 311 de
469 270 726 311 Britannicis
764 271 906 325 rebus,
948 271 1120 325 quibus,
1157 286 1208 312 ne
1247 271 1441 326 admirer,

101 329 214 382 quod
246 343 270 369 a
300 331 341 370 te
378 329 515 370 nullas
553 330 802 383 acceperim,
840 330 988 370 scribit
1025 344 1068 370 se
1106 330 1194 370 sine
1226 333 1268 371 te
1299 331 1441 384 fuisse,

101 401 196 428 cum
227 387 280 428 ad
310 402 424 428 mare
457 388 687 428 accesserit.
750 388 819 429 Ad
850 403 918 429 eas
950 403 1028 444 ego
1061 388 1099 429 ei
1135 389 1300 429 litteras
1332 389 1440 429 nihil

64 458 79 481 5
100 446 295 500 rescripsi
327 460 379 487 ne
410 447 651 501 gratulandi
679 447 848 500 quidem
882 461 1005 488 causa
1035 450 1210 501 propter
1241 448 1330 488 eius
1355 448 1440 488 luc-

46 927 79 950 10

48 1512 81 1536 20

49 1802 82 1827 25

49 2094 83 2119 30

99 507 202 545 tum.
259 504 316 545 Te
350 519 424 545 oro
458 505 585 546 etiam
618 508 743 559 atque
776 506 915 561 etiam,
946 506 1006 546 mi
1037 506 1179 561 frater,
1210 508 1258 547 ut
1289 506 1439 547 valeas.

740 656 793 698 H.

264 736 337 771 Ser.
365 737 502 772 Romae
527 749 560 772 α.
587 738 620 773 d.
655 738 690 773 V
709 738 801 773 Idus
830 737 991 773 Octobres
1023 750 1055 773 α.
1084 741 1156 773 700
1183 740 1273 781 (54).

287 818 506 854 MARCUS
533 820 562 865 Q
571 819 733 854 UINTO
753 819 862 854 FRA
870 819 963 854 ΤΗΙ
983 818 1081 854 SAL
1090 820 1250 855 UTEM.

187 911 237 954 A.
271 913 306 954 d.
338 926 387 955 VI
416 913 517 955 Idus
549 914 718 955 Octobr.
753 914 919 956 Salvius
952 914 1114 956 Ostiam
1146 915 1310 969 vesperi
1341 915 1439 955 navi

97 972 313 1026 profectus
344 976 434 1014 erat
464 987 559 1014 cum
590 974 642 1014 iis
674 974 810 1028 rebus,
843 989 946 1028 qua-s
970 974 1051 1015 tibi
1079 975 1204 1015 domo
1229 974 1344 1014 mitti
1369 988 1440 1015 vo-

98 1031 247 1072 lueras.
308 1031 471 1072 Eodem
513 1032 578 1073 die
621 1031 848 1073 Gabinium
890 1033 942 1073 ad
980 1033 1186 1087 populum
1225 1033 1439 1073 luculente

101 1089 346 1130 calefecerat
369 1090 607 1144 Memmius,
639 1091 698 1131 sic
729 1094 776 1131 ut
803 1090 965 1132 Calidio
991 1092 1169 1132 verbum
1199 1092 1335 1132 facere
1360 1105 1438 1145 pro

100 1162 148 1189 eo
186 1163 271 1189 non
308 1149 486 1190 licuerit.
547 1149 757 1190 Postridie
795 1153 936 1191 autem
973 1150 1062 1191 eius
1101 1150 1203 1204 diei,
1245 1151 1317 1204 qui
1350 1152 1439 1190 erat

65 1218 80 1243 5
100 1209 192 1247 tum
229 1207 414 1261 futurus,
455 1222 550 1248 cum
587 1208 689 1248 haec
726 1209 962 1249 scribebam
1000 1212 1095 1249 ante
1132 1209 1287 1263 lucem,
1327 1209 1440 1263 apud.

102 1264 305 1306 Catonem
331 1269 419 1307 erat
445 1267 649 1307 divinatio
676 1267 719 1307 in
747 1266 974 1308 Gabinium
1005 1268 1149 1308 futura
1173 1268 1285 1308 inter
1308 1267 1439 1308 Mem-

99 1324 233 1365 mium
274 1327 315 1365 et
355 1324 416 1365 Ti.
477 1324 691 1366 Neronem
732 1328 773 1366 et
814 1325 856 1367 C.
898 1329 939 1366 et
978 1325 1023 1366 L.
1062 1326 1274 1367 Antonios
1313 1325 1368 1366 M.
1411 1326 1437 1366 f.

98 1381 358 1423 Putabamus
389 1384 479 1424 fore
511 1386 558 1424 ut
582 1383 784 1425 Memmio
811 1385 997 1439 daretur,
1031 1385 1109 1426 etsi
1141 1388 1230 1426 erat
1254 1384 1439 1426 Neronis

99 1441 208 1482 mira
247 1442 473 1482 contentio.
536 1441 647 1491 Quid
687 1443 882 1497 quaeris?
922 1443 1054 1497 probe
1091 1444 1315 1498 premitur,
1356 1443 1438 1483 nisi

100 1502 244 1540 noster
282 1499 508 1554 Pompeius
553 1501 616 1542 dis
658 1501 986 1556 hominibusque
1029 1502 1175 1543 invitis
1218 1502 1439 1558 negotium

102 1558 310 1599 everterit.
361 1558 577 1614 Cognosce
602 1574 714 1600 nunc
744 1560 929 1601 hominis
961 1561 1178 1602 audaciam
1204 1564 1245 1602 et
1277 1561 1439 1615 aliquid

100 1616 144 1656 in
176 1630 220 1656 re
251 1617 421 1669 publica
451 1618 616 1671 perdita
652 1618 867 1660 dele-ctare.
929 1618 1035 1659 Cum
1072 1619 1298 1673 Gabinius,
1339 1633 1438 1673 qua*

101 1688 279 1728 cumque
322 1675 537 1729 veniebat,
587 1677 852 1730 triumphum
895 1691 938 1718 se
986 1678 1201 1731 postulare
1252 1678 1438 1731 dixisset,

102 1733 326 1786 subitoque
365 1733 503 1774 bonus
543 1734 773 1787 imperator
811 1738 940 1775 noctu
977 1735 1021 1775 in
1062 1736 1211 1776 urbem
1249 1736 1439 1776 hostium

101 1791 269 1845 plenam
311 1791 552 1845 invasisset,
598 1793 642 1832 in
686 1796 877 1833 senatum
920 1808 963 1834 se
1005 1808 1091 1834 non
1135 1794 1437 1834 committebat.

100 1848 278 1890 Interim
310 1850 401 1903 ipso
435 1850 594 1891 decimo
628 1850 705 1905 die,
737 1866 820 1906 quo
853 1866 948 1892 eum
981 1852 1203 1906 oportebat
1228 1853 1258 1905 ἦ·
1283 1852 1439 1893 hostia-

102 1923 196 1948 rum
226 1922 449 1949 numerum
481 1912 522 1949 et
552 1909 737 1950 militum
769 1910 1027 1964 renuntiare,
1067 1911 1245 1965 inrepsit
1276 1925 1440 1951 summa

102 1967 395 2020 infrequentia.
458 1965 564 2007 Cum
595 1968 722 2008 vellet
754 1969 888 2023 exire,
920 1984 943 2009 a
975 1970 1218 2010 consulibus
1250 1972 1439 2009 retentus

102 2027 182 2079 est3
225 2025 456 2081 introducti
498 2026 724 2079 publicani.
786 2026 926 2068 Homo
965 2028 1150 2082 undique
1181 2029 1211 2082 †
1243 2028 1353 2068 atius
1385 2030 1438 2082 et,

103 2097 198 2124 cum
229 2098 253 2124 a
283 2098 350 2124 me
381 2084 563 2124 maxime
593 2085 902 2140 vulneraretur,
940 2101 1024 2127 non
1056 2087 1156 2126 tulit
1188 2089 1229 2127 et
1259 2101 1326 2127 me
1357 2089 1439 2127 tre-

101 2141 234 2182 menti
265 2156 366 2182 voce
398 2143 584 2183 exsulem
616 2143 853 2197 appellavit.
914 2144 996 2185 Hic
1029 2144 1072 2200 (o
1101 2145 1178 2185 dii!
1210 2144 1319 2185 nihil
1350 2159 1438 2185 um-

103 2214 228 2254 quam
258 2200 606 2241 honorificentius
630 2202 754 2242 nobis
779 2202 949 2257 accidit)
982 2203 1246 2244 consurrexit
1271 2206 1440 2244 senatus

103 2271 198 2299 cum
229 2259 410 2300 clamore
442 2259 494 2299 ad
524 2273 672 2314 unum,
713 2260 772 2300 sic
809 2263 857 2301 ut
888 2261 941 2301 ad
972 2275 1122 2315 corpus
1155 2261 1243 2302 eius
1276 2261 1440 2302 accede-

102 2319 183 2372 ret,
212 2318 305 2371 pari
326 2317 506 2358 clamore
527 2320 652 2372 atque
672 2318 833 2373 impetu
851 2319 1079 2373 publicani.
1113 2319 1224 2368 Quid
1244 2320 1439 2374 quaeris?
