1659 2552
658 96 801 130 LIBER
825 95 874 129 ix
902 100 955 130 16.
1396 97 1481 138 245

143 192 178 233 si
210 192 323 246 quod
355 192 571 232 adferatur
602 191 653 231 ad
686 205 781 232 eum
818 206 896 246 pro
929 205 1040 245 meo,
1083 190 1197 245 quod
1226 206 1367 232 meum
1399 207 1484 232 non

142 250 208 305 sit,
243 250 398 292 reicere
431 250 583 304 solere3
616 251 729 304 quod
761 264 810 291 eo
842 264 953 291 nunc
984 250 1119 305 magis
1151 250 1263 304 facit,
1297 251 1395 303 quia
1426 251 1484 291 vi-

142 312 247 350 vunt
290 324 455 350 mecum
496 309 582 349 :fere
625 309 778 350 cotidie
820 309 935 349 illius
976 308 1215 349 familiares,
1287 307 1485 350 Incidunt

143 371 283 409 autem
310 368 354 408 in
379 382 571 408 sermone
597 368 714 409 vario
746 368 891 420 multa,
924 381 1029 422 quae
1061 367 1239 408 fortasse
1266 367 1362 421 illis,
1390 382 1484 408 cum

108 427 249 479 ulixi,
289 441 366 468 nec
398 426 631 467 inlitterata
661 441 738 467 nec
778 427 936 467 insulsa
977 440 1065 467 esse
1103 426 1343 479 videantur3
1383 426 1484 466 haec

92 734 125 757 10

93 1027 126 1053 15

94 1321 127 1346 20

98 1907 130 1931 30

98 2199 131 2223 35

144 486 196 526 ad
227 486 349 526 illum
382 500 476 526 cum
509 485 683 539 reliquis
716 485 820 526 actis
851 485 1140 539 perferuntur,
1172 484 1232 525 ita
1258 485 1370 525 enim
1397 485 1486 538 ipse

143 545 370 585 mandavit.
434 543 504 584 Sic
534 544 594 597 fit,
627 547 686 597 ut,
718 544 753 584 si
786 544 888 597 quid
919 546 1136 598 praeterea
1162 544 1212 584 de
1237 558 1304 584 me
1331 543 1485 597 audiat,

144 618 229 643 non
267 603 522 644 audiendum
562 605 694 656 putet.
763 601 897 651 Quam
937 602 990 643 ob
1028 616 1117 643 rem
1155 600 1370 643 Oenomao
1411 604 1485 642 tuo

144 662 252 702 nihil
293 665 410 713 utor;
454 661 532 701 etsi
576 661 755 715 posuisti
798 662 891 702 loco
936 675 1082 701 versus
1124 659 1342 701 Accianos,
1405 659 1486 701 Sed

145 735 250 774 quae
283 724 346 761 est
378 720 633 773 ‘invidia’,
665 723 738 760 aut
770 720 871 773 quid
902 719 1008 760 mihi
1040 733 1153 760 nunc
1183 719 1364 760 invideri
1395 722 1486 773 pot-

145 783 207 820 est
221 780 241 819 Ῥ
315 778 476 819 Verum
517 779 582 819 fac
623 793 711 819 esse
753 779 916 840 omnia,
957 778 1016 819 sic
1056 778 1179 818 video
1220 778 1486 832 philosophis

145 838 351 892 placuisse
377 838 440 891 iis,
467 837 540 891 qui
565 837 671 878 mihi
698 837 777 877 soli
804 837 1001 878 videntur
1026 837 1113 877 vim
1135 836 1306 877 virtutis
1332 839 1487 890 tenere,

145 897 253 937 nihil
290 911 378 938 esse
417 896 618 950 sapientis
655 899 868 949 praestare
905 896 987 936 nisi
1020 895 1197 949 culpam.
1260 894 1350 944 Qua
1381 895 1487 935 mihi

145 956 293 996 videor
330 955 556 1008 dupliciter
593 969 753 1009 carere,
795 957 836 995 et
877 954 990 1008 quod
1031 969 1077 995 ea
1119 954 1340 1008 senserim,
1382 968 1487 1007 quae

146 1014 379 1055 rectissima
403 1014 586 1067 fuerunt,
618 1016 659 1053 et
691 1013 815 1067 quod,
847 1027 941 1053 cum
968 1013 1153 1053 viderem
1178 1012 1377 1066 praesidii
1402 1027 1487 1053 non

146 1073 248 1114 satis
280 1087 367 1113 esse
400 1072 452 1112 ad
483 1086 531 1112 ea
563 1072 802 1126 optinenda,
834 1072 996 1112 viribus
1029 1072 1274 1112 certandum
1300 1086 1395 1111 cum
1421 1086 1488 1111 va-

145 1131 398 1172 lentioribus
436 1145 521 1171 non
557 1131 754 1184 putarim.
816 1130 932 1185 Ergo
974 1131 1018 1170 in
1059 1130 1200 1170 officio
1242 1130 1343 1170 boni
1385 1130 1488 1170 civis

148 1193 258 1231 certe
289 1204 374 1230 non
406 1204 499 1230 sum
524 1189 902 1243 reprehendendus.
947 1188 1176 1242 Reliquum
1203 1191 1276 1241 est,
1307 1203 1359 1228 ne
1387 1188 1488 1242 quid

147 1249 292 1303 stulte,
332 1263 385 1289 ne
426 1248 528 1302 quid
567 1251 724 1288 temere
766 1248 901 1288 dicam
940 1250 1012 1288 aut
1050 1247 1201 1287 faciam
1234 1250 1380 1287 contra
1416 1261 1488 1300 po-

146 1310 293 1348 tentes.
354 1305 404 1347 Id
442 1321 609 1361 quoque
646 1309 750 1360 puto
789 1320 877 1347 esse
915 1306 1127 1360 sapientis.
1191 1304 1340 1346 Cetera
1377 1320 1488 1359 vero,

148 1366 250 1420 quid
281 1366 458 1420 quisque
489 1379 556 1406 me
589 1365 744 1406 dixisse
777 1365 904 1418 dicat,
943 1367 1016 1405 aut
1048 1379 1130 1418 quo
1163 1364 1289 1404 modo
1323 1364 1393 1404 ille
1426 1378 1489 1404 ac.-

148 1425 293 1479 cipiat,
331 1428 403 1465 aut
435 1439 517 1478 qua
547 1424 629 1464 fide
660 1438 826 1464 mecum
858 1424 1003 1464 vivant
1035 1424 1082 1476 ii,
1122 1423 1195 1476 qui
1225 1437 1292 1463 me
1325 1423 1489 1463 assidue

148 1484 292 1524 colunt
324 1486 365 1524 et
397 1483 634 1537 observant,
666 1485 878 1536 praestare
904 1497 990 1522 non
1015 1496 1199 1535 possum.
1260 1480 1325 1521 Ita
1350 1482 1410 1535 fit,
1442 1484 1490 1521 ut

149 1545 190 1583 et
211 1542 485 1583 consiliorum
506 1541 771 1595 superiorum
792 1541 1048 1581 conscientia
1068 1543 1110 1581 et
1134 1540 1368 1594 praesentis
1387 1542 1491 1580 tem-

115 1615 128 1635 ·»
148 1601 264 1654 poris
307 1600 596 1641 moderatione
639 1614 706 1640 me
751 1600 942 1640 consoler
985 1602 1026 1640 et
1070 1599 1187 1639 illam
1230 1598 1334 1639 Acci
1377 1598 1491 1639 simi-

148 1659 372 1699 litudinem
421 1673 507 1698 non
537 1658 700 1712 [modo]
737 1658 822 1698 iam
866 1658 918 1698 ad
961 1658 971 1675 ³

150 1718 364 1758 fortunam
396 1717 659 1771 transferam,
692 1731 818 1770 quam
851 1715 1046 1756 existimo
1078 1716 1215 1756 levem
1247 1718 1288 1756 et
1320 1715 1491 1756 inbecil-

149 1777 234 1816 lam
266 1776 318 1816 ab
351 1775 491 1815 animo
524 1775 647 1815 firmo
680 1777 722 1815 et
752 1774 873 1830 gravi
915 1774 1190 1827 ‘tamquam
1222 1774 1435 1814 fluctum
1468 1788 1492 1813 a

151 1849 267 1875 saxo
300 1834 489 1889 frangi’
523 1836 728 1887 oportere.
791 1832 974 1886 Etenim,
1007 1846 1102 1872 cum
1133 1832 1257 1885 plena
1289 1832 1373 1872 sint
1404 1846 1491 1871 mo-

150 1896 352 1934 numenta
397 1891 670 1945 Graecorum,
715 1905 838 1944 quem
883 1891 935 1931 ad
975 1891 1149 1931 modum
1190 1889 1491 1944 sapientissimi

150 1952 231 1992 viri
272 1965 401 2006 regna
448 1950 625 1991 tulerint
670 1950 737 1990 vel
782 1949 964 1989 Athenis
1006 1949 1074 1989 vel
1113 1948 1354 2002 Syracusis,
1396 1962 1491 1988 cum

150 2009 432 2052 servientibus
464 2008 550 2049 suis
583 2008 826 2049 civitatibus
858 2007 1017 2048 fuerint
1042 2007 1124 2061 ipsi
1151 2007 1333 2061 quodam
1364 2006 1490 2046 modo

150 2069 286 2122 liberi,
318 2082 396 2124 ego
423 2082 490 2108 me
515 2081 601 2107 non
626 2070 771 2120 putem
791 2066 900 2107 tueri
924 2080 1065 2106 meum
1092 2068 1249 2105 statum
1275 2066 1334 2105 sic
1358 2079 1492 2118 posse,

151 2130 198 2168 ut
234 2141 370 2181 neque
415 2126 625 2167 offendam
663 2125 851 2165 animum
890 2124 1137 2178 cuiusquam
1180 2138 1257 2164 nec
1299 2124 1493 2178 frangam

152 2186 403 2242 dignitatem
434 2184 600 2225 meam?

237 2244 362 2285 Nunc
394 2244 517 2284 venio
551 2243 602 2282 ad
633 2241 864 2282 iocationes
895 2243 1006 2295 tuas,
1040 2241 1241 2295 quoniam
1272 2243 1320 2280 tu
1352 2254 1493 2280 secun-

151 2302 250 2343 dum
277 2302 538 2343 Oenomaum
564 2301 665 2341 Acci
697 2314 794 2355 non,
825 2302 873 2340 ut
905 2300 1007 2340 olim
1035 2299 1209 2354 solebat,
1241 2298 1493 2353 Atellanam,

982 1657 1267 1710 invidiam’,
1318 1657 1390 1697 sed
1439 1657 1491 1697 ad

1513 671 1532 701 ⁸27¹

1521 2252 1539 2282 7
