1659 2552
121 2070 140 2100 10

171 83 257 124 370
669 82 1009 118 EPISTULARUM

168 179 472 220 Volaterranos
499 179 696 220 omnibus
723 178 849 219 rebus
875 178 1065 234 integros
1091 177 1399 233 incolumisque
1426 193 1515 220 esse

167 238 364 279 volueris.
426 238 588 279 Eorum
626 252 704 293 ego
739 237 971 291 domicilia,
1003 236 1139 291 sedeS,
1171 251 1277 291 rem,
1310 238 1514 292 fortunas,

169 311 276 351 quae
313 299 355 338 et
392 312 416 337 a
453 297 517 337 dis
560 295 873 337 immortalibus
914 298 956 336 et
993 310 1017 336 a
1057 296 1432 349 praestantissimis
1470 297 1514 337 in

168 358 314 397 nostra
345 371 388 396 re
421 371 458 409 p.
493 356 656 396 civibus
688 369 854 395 summo
888 357 1058 395 senatus
1089 354 1321 408 populique
1347 353 1396 395 R.
1430 357 1515 396 stu-

169 414 238 455 dio
278 418 547 455 conservatae
585 416 699 468 sunt,
738 416 835 454 tuae
867 413 983 467 fidei,
1021 413 1208 453 iustitiae
1246 413 1514 468 bonitatique

169 474 428 514 commendo.
492 472 534 514 Si
577 486 654 526 pro
692 472 797 513 meis
841 471 1034 526 pristinis
1073 471 1225 525 opibus
1268 471 1513 513 facultatem

168 532 274 572 mihi
308 547 373 572 res
404 532 483 572 hoc
521 534 712 585 tempore
745 531 880 584 daret,
921 533 969 571 ut
1001 531 1060 571 ita
1093 530 1314 571 defendere
1346 545 1513 585 possem

167 590 489 644 Volaterranos,
533 604 658 644 quem
696 589 748 630 ad
788 589 963 630 modum
1001 589 1199 630 consuevi
1237 589 1347 630 tueri
1385 604 1513 644 meos,

168 650 333 690 nullum
361 649 561 703 officium,
593 648 758 689 nullum
785 648 965 702 denique
991 650 1214 701 certamen,
1247 648 1290 688 in
1317 662 1401 702 quo
1427 648 1513 688 illis

166 708 365 762 prodesse
396 722 575 762 possem,
607 707 1009 762 praetermitterem3
1047 707 1136 760 sed,
1169 706 1369 761 quoniam
1401 707 1513 761 apud

167 770 209 808 te
240 767 375 808 nihilo
407 767 548 807 minus
578 766 660 807 hoc
690 769 881 820 tempore
907 765 1045 806 valere
1076 779 1144 806 me
1167 765 1354 819 confido,
1386 780 1514 819 quam

166 826 372 867 valuerim
410 840 576 879 semper
613 825 725 879 apud
757 839 919 879 omneS,
956 839 1035 879 pro
1072 827 1218 865 nostra
1250 838 1414 864 summa
1444 839 1512 865 ne-

167 884 419 926 cessitudine
460 884 636 939 parique
680 884 792 924 inter
831 898 908 924 nos
949 886 992 924 et
1034 885 1183 924 mutua
1225 883 1514 924 benivolentia

166 958 240 998 aps
272 946 313 984 te
344 946 456 998 peto,
488 946 535 984 ut
566 944 626 984 ita
659 942 708 983 de
738 942 1030 983 Volaterranis
1062 956 1260 995 mereare,
1292 944 1339 982 ut
1372 942 1513 982 existi-

165 1005 283 1043 ment
321 1016 417 1043 eum
455 1002 574 1057 quasi
614 1002 756 1042 divino
796 1001 973 1042 consilio
1014 1001 1085 1042 isti
1124 1001 1297 1056 negotio
1338 1014 1513 1055 praepo-

166 1062 295 1102 situm
328 1076 433 1115 esse,
466 1061 577 1115 apud
610 1075 735 1115 quem
767 1074 900 1101 unum
930 1074 1008 1101 nos
1040 1074 1187 1100 eorum
1218 1059 1413 1114 perpetui
1446 1059 1513 1100 de-

165 1121 353 1161 fensores
383 1120 616 1174 plurimum
647 1119 787 1161 valere
819 1133 1050 1173 possemus.

813 1270 865 1313 V.

331 1352 405 1387 Ser.
432 1352 569 1387 Romae
593 1363 667 1386 non
692 1356 775 1386 ante
800 1352 887 1387 med.
914 1363 958 1386 m.
990 1351 1063 1386 Oct.
1090 1363 1123 1385 a.
1152 1353 1225 1386 709
1252 1353 1342 1393 (45).

374 1432 542 1467 CICERO
570 1432 603 1467 S.
630 1432 673 1468 D.
702 1432 741 1474 Q.
769 1432 978 1467 VALERIO
1006 1431 1108 1466 LEG.
1135 1431 1304 1466 PROPR.

252 1529 352 1572 Non
389 1529 566 1569 moleste
603 1529 693 1569 fero
732 1543 824 1569 eam
855 1527 1228 1581 necessitudinem,
1267 1541 1374 1581 quae
1406 1526 1513 1568 mihi

164 1592 305 1630 tecum
336 1590 410 1642 est,
442 1590 587 1628 notam
619 1602 707 1628 esse
735 1602 861 1641 quam
893 1587 1089 1641 plurimis
1120 1600 1256 1640 neque
1289 1589 1431 1626 tamen
1458 1585 1512 1626 ob

165 1662 258 1688 eam
290 1661 457 1688 causam
491 1645 624 1701 (quod
656 1649 703 1687 tu
731 1646 889 1700 optime
917 1645 1159 1687 existimare
1190 1643 1331 1701 potes)
1364 1647 1405 1685 te
1438 1644 1514 1685 im-

164 1706 301 1760 pedio,
334 1720 416 1759 quo
449 1705 589 1746 minus
621 1707 863 1759 susceptum
894 1704 1117 1760 negotium
1147 1718 1226 1758 pro
1259 1706 1334 1744 tua
1363 1702 1447 1744 fide
1473 1705 1515 1744 et

166 1765 387 1820 diligentia
419 1779 470 1804 ex
495 1763 713 1804 voluntate
741 1763 941 1818 Caesaris,
975 1763 1048 1817 qui
1079 1762 1161 1804 tibi
1194 1776 1283 1803 rem
1315 1776 1514 1818 magnam
1534 1774 1548 1798 2

166 1824 467 1877 difficilemque
499 1823 723 1877 commisit,
755 1836 901 1878 gerere
933 1822 1080 1876 possis.
1111 1820 1236 1875 Nam,
1269 1835 1364 1862 cum
1389 1820 1515 1861 multi

165 1898 189 1923 a
226 1897 293 1923 me
330 1884 477 1936 petant
514 1882 667 1936 multa,
709 1881 823 1935 quod
861 1881 910 1921 de
948 1883 1021 1921 tua
1059 1895 1160 1936 erga
1196 1894 1263 1920 me
1295 1879 1514 1920 voluntate

165 1956 251 1982 non
278 1941 485 1994 dubitent,
517 1954 603 1981 non
630 1940 863 1994 committo,
895 1942 943 1980 ut
969 1939 1203 1980 ambitione
1228 1952 1322 1979 mea
1347 1940 1514 1978 contur-

167 2001 265 2041 bem
298 1999 488 2041 offic-ium
521 2001 654 2040 tuum.

260 2057 302 2100 C.
331 2058 479 2100 Curtio
501 2058 553 2098 ab
574 2058 746 2099 ineunte
772 2059 908 2098 aetate
928 2056 1257 2097 familiarissime
1283 2068 1376 2095 sum
1402 2068 1513 2095 usus.

167 2117 273 2158 Eius
306 2120 348 2158 et
380 2116 543 2158 Sullani
575 2116 779 2170 temporis
818 2115 1097 2156 iniustissima
1129 2113 1365 2155 calamitate
1399 2112 1515 2153 dolui

169 2179 221 2226 et,
256 2190 350 2216 cum
383 2176 452 2229 iis,
492 2175 564 2229 qui
604 2175 785 2216 similem
823 2174 1023 2215 iniuriam
1061 2175 1318 2228 acceperant,
1351 2171 1516 2212 amissis

169 2235 366 2275 omnibus
404 2234 588 2275 fortunis
625 2233 786 2274 reditus
823 2236 964 2274 tamen
1003 2233 1047 2273 in
1083 2231 1265 2287 patriam
1296 2230 1516 2271 voluntate

171 2294 361 2334 omnium
403 2293 574 2334 concedi
616 2293 850 2347 videretur,
892 2292 1060 2333 adiutor
1100 2289 1405 2332 incolumitatis
1442 2288 1516 2330 fui.

1533 720 1566 745 10

1534 1011 1566 1037 15

1535 2066 1569 2091 30
