1659 2552
129 1962 148 1992 [θ

167 91 253 132 552
664 89 1001 125 EPISTULARUM

168 187 249 228 diri
294 186 508 229 Ciceronis
551 187 633 228 iter
676 189 802 240 atque
846 185 963 226 illam
1004 184 1270 239 disciplinam
1309 183 1427 239 volo,
1468 186 1511 226 et

167 247 256 300 ipse
293 260 399 300 puer
435 246 571 301 magis
613 245 687 286 illo
727 243 1026 285 declamatorio
1058 257 1211 299 genere
1244 243 1339 284 duci
1371 246 1413 284 et
1444 243 1510 284 de-

166 305 314 346 lectari
346 305 524 346 videtur.
586 303 635 344 In
669 317 752 357 quo
791 303 991 357 quoniam
1029 302 1109 357 ipsi
1143 316 1310 356 quoque
1341 302 1511 356 fuimus,

166 364 380 418 patiamur
405 363 527 404 illum
553 363 613 404 ire
640 362 797 403 nostris
823 361 1065 415 itineribus3
1098 361 1244 402 eodem
1277 360 1389 402 enim
1419 375 1511 415 per-

169 426 394 464 venturum
436 437 523 463 esse
565 421 826 462 confidimus.
890 419 972 462 Sed
1011 423 1173 474 tamen,
1214 419 1248 460 si
1288 419 1508 461 nobiscum
1547 431 1564 456 5

168 496 264 523 eum
296 496 368 522 rus
399 481 541 535 aliquo
568 480 848 534 eduxerimus,
882 479 924 520 in
955 479 1063 519 hanc
1088 481 1278 519 nostram
1303 479 1509 520 rationem

169 540 599 594 consuetudinemque
643 539 900 580 inducemus.
967 537 1124 593 Magna
1167 537 1279 578 enim
1322 537 1446 578 nobis
1487 551 1511 578 a

167 602 209 640 te
239 599 459 654 proposita
490 612 649 639 merces
676 601 754 651 est,
788 612 914 652 quam
941 599 1051 637 certe
1076 599 1221 637 nostra
1247 596 1370 650 culpa
1394 610 1511 637 num-

168 673 295 712 quam
327 658 468 698 minus
500 657 789 711 adsequemur.
853 655 1016 705 Quibus
1048 655 1092 696 in
1117 655 1222 696 locis
1254 658 1296 696 et
1328 669 1410 709 qua
1440 668 1510 709 spe

166 717 431 758 hiematurus
475 716 554 771 sis,
605 716 656 756 ad
699 730 766 756 me
817 729 943 768 quam
988 713 1310 771 diligentissime
1354 713 1511 755 scribas
1531 724 1565 749 10

167 776 306 817 velim.

803 878 877 920 iv.

439 960 513 996 Ser.
540 961 676 996 Romae
700 960 766 994 IX
789 960 836 994 K.
865 959 957 994 Nov.
992 971 1025 993 a.
1053 961 1125 994 700
1152 961 1242 1003 (54).

404 1041 598 1076 MARCUS
625 1040 807 1083 QUINTO
834 1040 1012 1074 FRATRI
1045 1039 1278 1074 SALUTEM.

263 1126 468 1169 Gabinius
506 1125 726 1167 absolutus
764 1128 837 1166 est.
906 1123 1090 1165 Omnino
1127 1123 1237 1164 nihil
1274 1125 1514 1164 accusatore
1533 1135 1567 1160 15

170 1186 352 1228 Lentulo
397 1185 841 1239 subscriptoribusque
885 1183 974 1224 eius
1018 1182 1242 1236 infantius,
1288 1181 1396 1222 nihil
1440 1181 1513 1222 illo

172 1245 349 1287 consilio
389 1244 611 1286 sordidius.
675 1242 757 1284 Sed
796 1246 958 1296 tamen,
1000 1242 1081 1282 nisi
1123 1240 1382 1282 incredibilis
1419 1254 1515 1281 con-

171 1304 324 1357 tentio,
361 1317 506 1357 preces
537 1302 732 1356 Pompei,
765 1301 998 1342 dictaturae
1031 1300 1158 1341 etiam
1190 1313 1336 1340 rumor
1365 1298 1514 1353 plenus

172 1363 338 1404 timoris
358 1363 518 1415 fuisset,
545 1361 626 1414 ipsi
644 1360 826 1401 Lentulo
846 1374 932 1400 non
958 1358 1254 1412 respondisset,
1279 1357 1353 1411 qui
1373 1359 1514 1398 tamen

172 1422 246 1462 illo
279 1423 520 1462 accusatore
552 1419 710 1472 illoque
748 1418 924 1459 consilio
962 1416 1181 1458 sententiis
1213 1415 1514 1456 condemnatus
1533 1427 1567 1452 20

173 1480 228 1522 sit
260 1491 407 1533 XXXII,
441 1493 535 1519 cum
567 1489 661 1518 Lxx
693 1477 899 1517 tulissent.
962 1475 1040 1516 Est
1073 1475 1244 1515 omnino
1276 1477 1363 1514 tam
1394 1473 1514 1530 gravi

172 1539 285 1580 fama
315 1538 397 1579 hoc
433 1537 655 1590 iudicium,
696 1538 743 1576 ut
774 1535 967 1576 videatur
1005 1533 1178 1587 reliquis
1210 1532 1376 1573 iudiciis
1407 1532 1515 1586 peri-

173 1600 311 1651 turus,
353 1599 394 1637 et
430 1595 613 1636 maxime
653 1594 701 1635 de
742 1594 931 1648 pecuniis
970 1592 1223 1647 repetundis.
1286 1590 1369 1632 Sed
1399 1591 1515 1632 vides

173 1656 335 1697 nullam
367 1669 455 1695 esse
488 1668 576 1694 rem
607 1653 839 1707 publicam,
870 1652 1035 1692 nullum
1067 1653 1277 1703 senatum,
1307 1649 1425 1690 nulla
1455 1649 1516 1690 iu·

175 1715 300 1769 dicia,
332 1714 492 1754 nullam
519 1713 562 1753 in
589 1712 676 1753 ullo
708 1715 901 1752 nostrum
929 1710 1190 1765 dignitatem.
1254 1708 1365 1758 Quid
1394 1708 1517 1763 plura
1534 1720 1568 1745 25

175 1774 223 1814 de
256 1772 496 1814 iudicibus?
557 1770 654 1812 Duo
691 1770 893 1824 praetorii
925 1770 1140 1822 sederunt,
1177 1767 1393 1808 Domitius
1426 1766 1517 1809 Cal-

173 1833 296 1873 vinus
329 1830 384 1887 (is
416 1833 559 1885 aperte
592 1829 795 1883 absolvit,
828 1831 874 1869 ut
907 1842 1050 1869 omnes
1083 1825 1293 1881 viderent)
1326 1828 1367 1867 et
1400 1824 1515 1866 Cato.

173 1890 214 1932 Is
247 1890 433 1931 diribitis
464 1889 633 1930 tabellis
667 1888 716 1928 de
749 1887 905 1928 circulo
937 1901 980 1927 se
1012 1885 1215 1928 subduxit
1247 1887 1289 1925 et
1312 1883 1516 1939 Pompeio

174 1950 337 2005 primus
375 1947 598 1989 nuntiavit.
660 1946 796 1988 Aiunt
832 1960 918 1987 non
958 1944 1064 1986 nulli
1102 1947 1150 1985 ut
1188 1942 1414 1985 Sallustius
1449 1956 1516 1983 me

177 2008 414 2063 oportuisse
447 2020 650 2047 accusare.
712 2004 792 2045 His
825 2018 903 2060 ego
936 2003 1146 2045 iudicibus
1179 2000 1514 2043 committerem?
1535 2012 1569 2037 30

176 2067 288 2116 Quid
319 2081 464 2120 essem,
497 2065 531 2105 si
563 2079 630 2105 me
662 2066 812 2119 agente
845 2066 953 2104 esset
985 2061 1179 2116 elapsus?
1224 2059 1307 2101 Sed
1336 2073 1402 2100 me
1435 2058 1516 2099 alia

175 2127 410 2167 moverunt.
471 2123 570 2165 Non
608 2124 798 2177 putasset
835 2121 916 2162 sibi
955 2120 1182 2174 Pompeius
1221 2119 1270 2160 de
1311 2117 1425 2159 illius
1456 2132 1516 2158 sa-

174 2184 281 2238 lute,
322 2183 395 2225 sed
433 2182 482 2223 de
521 2196 594 2223 sua
633 2181 839 2236 dignitate
876 2193 1042 2220 mecum
1079 2192 1167 2219 esse
1205 2179 1432 2230 certamen3
1473 2176 1516 2216 in

176 2243 325 2283 urbem
357 2241 592 2294 introisset,
630 2240 681 2280 ad
714 2238 957 2279 inimicitias
989 2251 1054 2278 res
1086 2236 1286 2289 venisset3
1317 2248 1412 2276 cum
1438 2233 1517 2275 Ae-
1560 2277 1563 2279 ,

176 2301 344 2342 sernino
378 2299 566 2341 Samnite
597 2297 873 2339 Pacideianus
905 2298 1171 2350 comparatus
1197 2293 1377 2347 viderer3
1410 2292 1517 2333 auri·
1535 2302 1569 2328 ³5
