1659 2552
141 109 160 147 1
169 106 225 147 20
646 97 873 135 EPISTULA
880 97 985 132 RUM

139 200 332 243 historiis
364 214 429 253 ea,
462 211 568 253 quae
601 196 705 250 dixi,
738 194 850 236 bella
881 194 1198 247 separaverunt,
1239 193 1287 232 tu
1318 205 1487 246 quoque

143 261 244 301 item
283 258 451 299 civilem
490 255 824 298 coniurationem
863 252 916 292 ab
956 250 1187 292 hostilibus
1218 250 1487 304 externisque

144 318 266 360 bellis
305 317 556 371 seiungeres.
625 313 834 367 Equidem
876 310 928 351 ad
968 312 1157 351 nostram
1197 308 1364 350 laudem
1400 323 1488 350 non

143 377 326 418 multum
363 375 485 416 video
524 374 741 426 interesse,
783 370 855 411 sed
893 369 945 410 ad
975 367 1319 423 properationem
1348 381 1487 409 meam

145 435 344 490 quiddam
379 434 553 474 interest
583 446 668 472 non
700 433 741 471 te
774 430 1006 482 expectare,
1038 427 1139 468 dum
1171 426 1224 467 ad
1253 426 1396 468 locum
1420 440 1488 467 ve·
1524 437 1542 463 ⁵

145 495 255 548 nias,
296 508 343 534 ac
384 492 528 533 statim
569 504 735 531 causam
777 488 894 528 illam
935 489 1071 527 totam
1109 488 1151 526 et
1187 488 1355 540 tempus
1387 484 1489 525 arri-

145 567 263 607 pere,
295 555 336 593 et
362 551 499 604 simul,
532 549 566 589 si
593 563 676 589 uno
702 548 746 588 in
772 548 1022 602 argumento
1048 558 1215 598 unaque
1241 543 1286 585 in
1309 557 1491 598 persona

144 626 263 653 mens
303 614 376 651 tua
417 612 507 649 tota
547 606 802 659 versabitur,
843 619 968 645 cerno
1006 604 1091 644 iam
1129 603 1288 658 animo,
1329 605 1489 657 quanto

148 670 289 711 omnia
332 667 529 709 uberiora
571 669 696 720 atque
741 663 958 705 ornatiora
1000 663 1145 703 futura
1182 662 1278 702 sint.
1338 660 1490 716 Neque

148 733 287 769 tamen
322 727 488 781 ignoro,
527 739 653 778 quam
690 723 944 777 inpudenter
979 721 1149 775 faciam,
1193 720 1267 775 qui
1303 720 1490 775 primum
1510 733 1544 758 10

148 787 227 827 tibi
265 780 430 826 tantum
470 784 609 825 oneris
647 783 863 836 imponam
895 779 1055 835 (potest
1085 780 1199 821 enim
1230 779 1338 820 mihi·
1369 779 1491 820 dene-

148 860 247 901 gare
281 843 499 897 occupatio
532 840 636 898 tua),
669 841 818 882 deinde
844 840 984 894 etiam,
1016 841 1064 880 ut
1089 853 1212 880 ornes
1237 852 1316 893 1116,
1347 839 1491 892 postu-

149 905 242 945 lem.
306 902 432 956 Quid,
470 901 505 941 si
544 901 617 941 illa
653 899 734 940 tibi
772 913 858 940 non
888 901 1008 939 tanto
1041 911 1167 952 opere
1197 897 1396 938 videntur
1427 910 1492 938 or-

103 995 109 1003 .
148 962 313 1003 nanda?
341 960 422 1001 Sed
441 962 594 1013 tamen,
615 959 687 1013 qui
709 958 838 999 semel
850 957 1126 999 verecundiae
1145 956 1243 996 finis
1262 955 1492 1010 transierit,

149 1036 243 1062 eum
276 1020 381 1060 bene
414 1021 456 1059 et
486 1018 652 1059 naviter
683 1019 851 1071 oportet
882 1030 970 1057 esse
1002 1015 1302 1070 impudentem.
1341 1013 1492 1069 Itaque
1512 1025 1546 1052 1⁵

149 1084 189 1120 te
221 1079 344 1133 plane
376 1078 504 1118 etiam
537 1079 663 1130 atque
695 1076 823 1116 etiam
854 1089 978 1131 rogo,
1015 1077 1063 1115 ut
1100 1077 1141 1115 et
1180 1087 1303 1115 ornes
1338 1087 1386 1114 ea
1422 1087 1490 1115 ve—

148 1138 332 1179 mentius
372 1136 519 1190 etiam,
565 1150 691 1190 quam
729 1136 907 1175 fortasse
945 1133 1096 1187 sentis,
1135 1135 1176 1174 et
1214 1133 1258 1173 in
1296 1146 1345 1173 eo
1376 1131 1493 1188 leges

148 1196 351 1237 historiae
376 1195 576 1251 neglegas
601 1194 867 1249 gratiamque
893 1192 1021 1246 illam,
1049 1192 1098 1232 de
1125 1206 1208 1246 qua
1232 1191 1492 1232 suavissume

151 1255 334 1309 quodam
365 1254 409 1294 in
439 1253 658 1307 prooemio
685 1252 902 1306 scripsisti,
935 1266 958 1291 a
984 1265 1067 1304 qua
1091 1253 1133 1291 te
1157 1250 1272 1291 flecti
1296 1263 1382 1290 non
1407 1264 1494 1290 ma—

150 1314 215 1369 gis
239 1312 428 1368 potuisse
454 1312 716 1352 demonstras
742 1325 868 1365 quam
892 1309 1120 1350 Herculem
1143 1307 1494 1362 Xenophontium
1512 1319 1547 1345 ω

155 1372 273 1412 11111111
313 1386 337 1411 a
368 1370 618 1424 Voluptate,
659 1384 768 1423 eam,
809 1369 844 1409 si
884 1382 951 1409 me
991 1368 1073 1408 tibi
1104 1367 1341 1408 vementius
1382 1380 1494 1407 com-

151 1429 388 1483 mendabit,
437 1443 489 1469 ne
533 1442 754 1482 aspernere
803 1427 1021 1480 amorique
1063 1428 1210 1467 nostro
1253 1425 1494 1480 plusculum

153 1489 292 1542 etiam,
325 1502 451 1542 quam
483 1487 683 1527 concedet
713 1486 880 1539 veritas,-
910 1485 1102 1540 largiare.

241 1546 401 1596 Quodsi
426 1549 467 1586 te
494 1546 759 1598 adducemus,
785 1547 833 1585 ut
857 1544 937 1584 hoc
963 1543 1178 1597 suscipias,
1203 1543 1295 1598 erit,
1321 1544 1369 1583 ut
1386 1541 1495 1583 mihi

153 1605 401 1659 persuadeo,
445 1604 641 1645 materies
680 1603 808 1659 digna
844 1602 1044 1643 facultate
1082 1605 1123 1642 et
1161 1601 1283 1656 copia
1321 1603 1405 1642 tua.
1454 1600 1548 1642 Ass

154 1664 362 1718 principio
389 1663 501 1704 enim
528 1662 832 1703 coniurationis
857 1675 989 1715 usque
1015 1661 1067 1701 ad
1092 1660 1275 1701 reditum
1300 1662 1495 1701 nostrum

154 1723 321 1763 videtur
357 1722 463 1762 mihi
501 1721 714 1762 modicum
747 1720 958 1774 quoddam
996 1733 1148 1774 corpus
1180 1719 1330 1760 confici
1360 1731 1495 1773 posse,

154 1781 198 1822 in
243 1795 325 1834 quo
371 1783 412 1821 et
455 1780 528 1820 illa
570 1779 730 1834 poteris
773 1779 837 1820 uti
881 1778 1070 1819 civilium
1115 1777 1496 1819 commutationum

155 1839 329 1880 scientia
367 1839 433 1879 vel
470 1839 513 1878 in
551 1837 810 1892 explicandis
847 1837 982 1878 causis
1019 1851 1160 1878 rerum
1191 1850 1399 1878 novarum
1428 1834 1496 1876 vel

155 1899 198 1938 in
236 1897 432 1938 remediis
472 1897 858 1950 incommodorum,
899 1910 995 1937 cum
1035 1898 1077 1937 et
1116 1894 1396 1950 reprehendes
1435 1906 1550 1948 ea,so

156 1971 260 2010 quae
286 1956 563 2010 vituperanda
589 1956 725 2009 duces,
757 1958 810 2009 et,
842 1970 947 2009 quae
973 1954 1212 2008 placebunt,
1237 1951 1496 2007 exponendis

155 2015 392 2056 rationibus
439 2014 736 2068 comprobabis
777 2016 839 2067 et,
882 2014 918 2054 si
953 2013 1150 2066 liberius,
1187 2014 1236 2053 ut
1272 2010 1496 2065 consuesti,

157 2074 364 2129 agendum
396 2073 578 2127 putabis,
610 2073 844 2113 multorum
869 2072 913 2112 in
938 2086 1015 2113 nos
1045 2071 1278 2126 perfidiam,
1310 2069 1496 2123 insidias,

157 2132 440 2185 proditionem
466 2131 645 2172 notabis.
701 2130 882 2172 Multam
908 2130 1036 2171 etiam
1062 2144 1181 2171 casus
1204 2129 1341 2169 nostri
1365 2127 1498 2169 varie-

157 2193 287 2230 tatem
324 2190 404 2230 tibi
442 2190 485 2230 in
525 2189 746 2230 scribendo
783 2187 1321 2244 suppeditabunt·plenam
1362 2186 1498 2227 cuius-
1515 2197 1550 2224 ³5

159 2248 253 2288 dam
293 2248 542 2302 voluptatis,
584 2262 690 2302 quae
731 2250 946 2288 vementer
986 2247 1150 2288 animos
1188 2245 1412 2286 hominum
1452 2245 1498 2285 in

156 2306 334 2361 legendo
378 2309 418 2347 te
463 2307 667 2361 scriptore
711 2308 853 2347 tenere
896 2306 1040 2360 possit.
1112 2303 1236 2346 Nihil
1278 2306 1342 2345 est
1384 2303 1498 2345 enim
