1659 2552
23 722 94 756 ,ιο

59 1014 93 1038 15

58 1307 92 1332 20

58 1599 91 1623 25

57 1891 91 1916 30

56 2181 91 2207 35

576 89 718 123 LIBER
742 89 808 124 XII
835 93 888 134 12,
917 93 969 125 13.
1364 92 1448 132 343

112 183 282 237 quidem
314 186 356 225 10
389 186 430 224 01
460 184 612 225 merito
645 184 725 226 tibi
757 184 978 239 carissimi3
1017 199 1104 227 esse
1137 186 1262 227 etiam
1295 187 1447 228 debent

113 242 155 282 in
188 256 231 282 re
262 257 300 297 p.
332 257 537 296 proxume
561 243 639 283 hos
665 243 761 297 cari,
794 244 866 297 qui
892 244 1128 285 studiorum
1154 248 1323 285 tuorum
1350 249 1446 286 sunt

113 301 278 355 aemuli,
311 315 490 355 quorum
517 316 604 342 esse
631 302 753 356 cupio
779 302 859 342 tibi
887 302 1067 357 copiam3
1100 303 1171 343 sed
1196 306 1336 344 tamen
1361 318 1446 345 11011

113 360 296 400 maxima
326 374 392 400 me
424 359 549 400 turba
579 363 682 414 puto
710 360 892 415 excludi,
931 375 1014 415 quo
1046 362 1185 402 minus
1216 362 1296 402 tibi
1328 365 1446 403 vacet

113 433 178 458 me
210 418 400 472 excipere
432 421 473 459 et
510 418 562 459 ad
600 419 756 469 omnia,
796 433 900 472 quae
932 419 1035 460 velis
1067 422 1108 460 et
1144 420 1314 474 probes,
1352 435 1446 474 pro-

114 477 272 517 ducere
322 476 524 517 Animum
551 477 630 517 tibi
656 481 848 518 nostrum
873 478 1049 518 fortasse
1074 479 1358 533 probavimus,
1386 479 1445 519 in-

112 535 283 590 genium
317 535 478 575 diutina
509 536 688 577 servitus
720 539 841 590 certe,
874 536 1175 591 qualecumque
1201 540 1274 591 est,
1306 538 1445 578 minus

113 597 265 647 tamen,
297 608 423 647 quam
454 597 553 648 erat,
585 598 745 647 passast
776 594 920 635 videii.

198 651 290 693 Nos
321 666 372 692 ex
404 666 477 692 ora
507 652 720 693 maritima
749 652 874 693 Asiae
906 653 1146 707 provinciae
1179 657 1220 695 et
1252 668 1303 695 ex
1334 654 1444 695 insu-
1471 668 1478 693 .-

113 710 176 764 113,
203 724 304 764 quas
329 711 556 764 potuimus,
580 725 707 752 naves
727 711 985 766 deduximus,
1012 712 1210 753 dilectum
1236 713 1445 768 remigum

112 784 264 824 magna
297 770 558 810 contumacia
589 770 824 810 civitatium
855 773 996 810 tamen
1027 771 1128 811 satis
1160 771 1351 811 Celeriter
1374 771 1444 811 ha—

111 827 292 882 buimus,
318 827 450 868 secuti
475 842 618 868 sumus
638 828 811 869 classem
829 827 1086 883 Dolabellae,
1113 829 1179 869 0111
1203 829 1248 870 L.
1268 829 1444 885 Figulus

111 888 320 941 praeerat,
352 886 424 940 qui
450 900 566 940 spem
592 901 713 940 saepe
745 887 1008 927 transitionis
1038 887 1278 941 praebendo
1309 902 1443 942 neque

111 959 312 998 umquam
337 959 423 985 11011
448 944 683 985 decedendo
709 945 935 986 novissime
962 944 1171 999 Corycum
1196 960 1239 987 se
1265 946 1445 987 contulit

113 1006 153 1043 et
197 1003 337 1044 clauso
379 1006 506 1057 portu
550 1018 592 1044 se
635 1006 776 1044 tenere
821 1004 968 1057 coepit.
1037 1003 1128 1046 Nos
1171 1004 1243 1044 illa
1287 1004 1443 1058 relicta,

113 1062 225 1115 quod
257 1064 298 1102 et
329 1062 372 1102 in
404 1064 539 1102 castra
571 1062 790 1115 pervenire
823 1063 952 1103 satius
984 1076 1071 1103 esse
1102 1063 1370 1116 putabamus,
1403 1065 1444 1103 et

111 1120 366 1174 sequebatur
396 1120 538 1160 0133313
569 1120 717 1174 altera,
753 1135 879 1174 quam
911 1135 1019 1161 anno
1050 1121 1191 1175 priore
1222 1121 1266 1161 111
1297 1120 1444 1174 Bithy-

110 1179 180 1219 nia
200 1178 351 1219 Tillius
372 1177 543 1219 Cimber
566 1182 840 1232 compararat,
866 1178 1082 1219 Turullius
1108 1181 1305 1233 quaestor
1328 1194 1444 1233 prae-

112 1239 217 1291 erat,
251 1236 438 1291 Cyprum
474 1237 712 1290 petivimus.
773 1236 840 1277 Ibi
878 1251 983 1291 quae
1015 1237 1306 1293 cognovimus,
1347 1238 1444 1278 scri-

112 1295 210 1336 bere
243 1296 295 1335 ad
319 1309 394 1336 vos
421 1310 546 1349 quam
578 1295 793 1336 celerrime
825 1296 1045 1336 voluimus.
1106 1295 1372 1336 Dolabellam
1398 1298 1445 1336 ut

110 1353 354 1408 Tarsenses,
393 1353 565 1408 pessimi
606 1354 727 1408 socii,
768 1354 829 1394 ita
867 1353 1095 1394 Laudiceni
1133 1354 1268 1395 multo
1309 1368 1446 1394 amen-

109 1413 240 1453 tiores
265 1412 378 1453 ultro
404 1412 697 1467 arcessierunt3
731 1426 782 1452 ex
808 1412 960 1466 quibus
986 1412 1176 1466 utrisque
1203 1412 1445 1453 civitatibus

112 1469 368 1512 Graecorum
403 1470 590 1511 militum
626 1485 801 1511 numero
839 1470 1020 1524 speciem
1058 1471 1264 1511 exercitus
1297 1470 1444 1511 effecit.

111 1527 258 1570 Castra
281 1529 410 1570 habet
435 1532 532 1570 ante
558 1529 760 1583 oppidum
779 1528 1029 1570 Laodiceam
1052 1529 1191 1583 posita
1217 1532 1257 1569 et
1282 1532 1445 1583 partem

110 1588 222 1627 muri
260 1587 484 1628 demolitus
522 1590 584 1628 est
622 1590 664 1628 et
701 1590 835 1628 castra
873 1587 1027 1641 oppido
1060 1587 1289 1628 coniunxit.
1352 1586 1447 1628 Cas—

111 1646 197 1686 sius
236 1648 380 1686 noster
420 1660 514 1686 cum
559 1645 700 1686 decem
739 1645 979 1701 legionibus
1017 1648 1058 1686 et
1098 1645 1343 1686 cohortibus
1383 1657 1446 1686 XX

111 1703 344 1744 auxiliariis
375 1706 416 1744 et
449 1706 649 1757 quattuor
678 1703 845 1743 milium
877 1703 1067 1756 equitatu
1099 1718 1122 1744 a
1151 1703 1324 1744 milibus
1355 1718 1446 1757 pas-

111 1776 233 1802 suum
272 1773 336 1802 XX
373 1764 507 1802 castra
543 1761 672 1802 habet
708 1761 847 1814 posita
885 1761 1044 1817 Πάλτςο
1077 1764 1118 1802 01
1158 1761 1371 1802 existimat
1403 1775 1445 1801 se

110 1820 200 1861 sine
230 1820 391 1874 proelio
423 1834 545 1873 posse
576 1819 762 1873 vincere,
794 1834 891 1859 nam
923 1819 1006 1859 iam
1037 1819 1168 1859 ternis
1200 1819 1445 1860 tetrachmis

109 1879 300 1919 triticum
331 1878 442 1932 apud
466 1877 731 1918 Dolabellam
757 1879 829 1918 est.
873 1876 969 1917 Nisi
1003 1877 1104 1931 quid
1134 1877 1311 1917 navibus
1339 1877 1444 1917 Lau-

110 1937 353 1978 dicenorum
379 1936 650 1990 supportarit,
682 1936 767 1976 cito
795 1936 904 1975 fame
929 1937 1072 1989 pereat
1090 1949 1256 1976 11000330
1283 1938 1362 1989 est,
1393 1949 1445 1975 110

109 1998 358 2050 supportare
382 1995 527 2049 possit,
554 1996 595 2035 et
617 1992 734 2034 Cassi
756 1993 898 2034 classis
918 1993 1023 2034 bene
1042 2008 1206 2049 magna,
1239 1993 1305 2033 cui
1329 2007 1446 2046 prae-

110 2057 173 2095 est
205 2053 405 2095 Sextilius
437 2052 584 2107 Rufus,
616 2054 658 2092 et
690 2055 787 2105 tres,
820 2066 922 2105 quas
953 2066 1029 2092 nos
1061 2051 1323 2104 adduximus,
1356 2065 1446 2106 ego,

109 2111 342 2166 Turullius,
378 2111 586 2165 Patiscus,
625 2110 746 2151 facile
776 2109 1061 2163 praestabunt.
1122 2109 1181 2150 Te
1211 2110 1308 2150 volo
1340 2109 1446 2150 bene

111 2185 277 2224 sperare
303 2175 344 2212 et
370 2185 457 2211 rem
482 2185 533 2223 p.,
560 2171 606 2210 ut
631 2183 705 2209 vos
731 2168 826 2208 istic
853 2168 1090 2222 expedistis,
1116 2168 1176 2208 ita
1200 2182 1276 2221 pro
1302 2170 1447 2208 nostra

104 2228 228 2282 'parte
253 2229 446 2270 celeriter
476 2228 600 2269 nobis
627 2226 814 2281 expediri
840 2240 962 2280 posse
988 2226 1207 2267 confidere.
1244 2225 1360 2266 Vale.
1393 2224 1443 2266 D.

107 2286 213 2328 Idib.
245 2286 334 2329 Iun.
370 2287 509 2341 Cypro
544 2301 567 2327 a
600 2284 980 2338 Crommyoacride.
