1659 2552
180 97 266 138 360
675 97 1015 132 EPISTULARUM

177 193 323 247 nobis,
368 192 517 234 deinde
561 207 748 234 summae
793 192 852 233 rei
895 208 934 247 p.
977 193 1247 247 comparavit.
1317 193 1397 243 Qui
1440 194 1522 235 nisi

179 252 339 306 fuisset,
359 250 522 292 Antoni
542 252 703 293 reditus
723 266 746 292 a
766 250 993 293 Brundisio
1019 253 1151 306 pestis
1176 252 1336 306 patriae
1363 253 1522 294 fuisset.

181 310 294 359 Quae
328 310 524 365 deinceps
555 313 647 351 acta
679 310 784 364 sint,
826 310 931 351 scire
964 313 1005 351 te
1037 311 1233 352 arbitror.
1296 310 1378 353 Sed
1409 311 1523 353 rede-

180 383 298 410 amus
339 369 459 424 illuc,
504 369 613 410 unde
658 368 924 410 devertimus.
992 368 1169 424 Accipio
1210 370 1523 411 excusationem

179 430 296 469 tuam
329 428 379 469 de
412 427 682 482 Semproni03
713 442 849 482 neque
882 428 994 469 enim
1026 428 1175 469 statuti
1203 428 1305 483 quid
1337 429 1524 470 intanta
1561 440 1578 464 5

177 487 499 541 perturbatione
532 487 688 527 habere
720 486 911 541 potuisti.

239 580 402 623 ‘Nunc
433 580 515 621 h1'c
548 580 652 621 dies
686 580 834 621 aliam
860 580 1016 622 vitam
1050 580 1233 635 defert,
1265 580 1394 622 alios
1425 595 1524 622 mo-

1056 654 1133 681 res
1168 639 1435 694 postulat',

179 723 227 762 ut
253 721 312 762 ait
338 721 571 762 Terentius.
627 721 761 770 Quam
789 721 842 762 ob
875 736 976 776 rem,
1007 721 1067 762 mi
1094 720 1261 776 Quinte,
1295 721 1524 763 conscende

178 780 418 835 nobiscum,
457 783 498 821 et
531 780 702 834 quidem
734 780 786 820 ad
816 780 1005 834 puppim.
1066 779 1164 822 Una
1194 780 1313 821 navis
1345 783 1408 821 est
1439 780 1524 821 iam
1544 793 1577 817 10

180 839 390 879 bonorum
429 839 636 893 omnium,
679 853 805 893 quam
847 839 1016 893 quidem
1055 853 1131 880 nos
1170 839 1316 880 damus
1354 853 1525 893 operam

180 900 228 938 ut
260 900 417 938 rectam
449 901 678 952 teneamus,
710 898 874 939 utinam
905 912 1109 952 prospero
1142 899 1283 939 cursu!
1317 897 1410 952 Sed,
1437 897 1526 952 qui-

181 970 359 1011 cumque
391 957 507 997 venti
540 959 675 1011 erunt,
707 971 773 997 ars
805 958 951 997 nostra
977 959 1087 997 certe
1113 970 1198 997 non
1225 956 1372 998 aberit.
1415 955 1527 1005 Quid

180 1015 292 1056 enim
324 1019 539 1070 praestare
571 1015 687 1056 aliud
717 1015 853 1056 virtus
884 1015 1055 1069 potest?
1099 1014 1163 1056 Tu
1195 1016 1260 1056 fac
1292 1018 1339 1056 ut
1370 1029 1525 1071 magno

179 1074 320 1115 31111110
366 1074 422 1115 sis
466 1077 508 1115 et
551 1074 715 1116 excelso
766 1074 1009 1130 cogitesque
1055 1088 1222 1116 omnem
1274 1074 1525 1130 dignitatem
1547 1085 1579 1110 15

179 1135 296 1174 tuam
329 1147 424 1174 cum
456 1148 500 1175 re
531 1148 570 1188 p.
605 1133 873 1174 coniunctam
906 1147 994 1174 esse
1027 1133 1189 1174 debere.

767 1285 890 1326 XXV
904 1300 938 1326 a.

386 1366 460 1401 Ser.
487 1366 624 1401 Romae
648 1366 730 1401 cire.
764 1366 868 1400 VIII
889 1365 936 1399 K.
963 1366 1046 1400 Iun.
1074 1378 1106 1400 α.
1136 1368 1203 1399 711
1233 1366 1321 1408 (43).

557 1447 748 1482 CICERO
775 1446 1084 1482 CORNIFICIO
1110 1446 1144 1481 S.

268 1542 313 1584 P.
346 1542 571 1584 Lucceium
609 1543 715 1583 mihi
753 1557 894 1583 meum
928 1542 1212 1597 commendas3
1252 1556 1394 1596 quem,
1434 1541 1523 1596 qui-
1544 1555 1578 1580 20

181 1602 443 1655 buscumque
481 1601 606 1642 rebus
644 1604 812 1655 potero,
851 1601 1077 1657 diligenter
1109 1601 1271 1642 tuebor.
1333 1600 1525 1642 Hirtium

182 1661 353 1714 quidem
386 1663 427 1701 et
458 1660 651 1714 Pansam,
684 1660 880 1715 conlegas
911 1663 1096 1714 nostros,
1128 1660 1322 1701 homines
1354 1659 1397 1700 in
1430 1673 1525 1700 con-

181 1719 320 1760 sulatu
353 1719 412 1760 rei
450 1735 488 1773 p.
521 1719 738 1773 salutaris,
780 1719 916 1760 alieno
955 1732 1052 1759 sane
1085 1721 1275 1773 tempore
1307 1718 1525 1759 amisimus

180 1792 225 1819 re
262 1777 433 1832 publica
470 1777 715 1818 Antoniano
754 1777 924 1831 quidem
955 1777 1180 1818 latrocinio
1218 1777 1414 1831 liberata,
1452 1776 1525 1818 sed

180 1837 368 1877 nondum
396 1836 568 1877 omnino
595 1837 813 1891 explicata..
876 1836 1010 1885 Quam
1037 1850 1125 1890 nos,
1157 1835 1193 1876 si
1217 1835 1374 1889 licebit,
1406 1849 1523 1876 more
1543 1847 1577 1872 25

180 1898 326 1936 nostro
359 1895 586 1949 tuebimur,
619 1909 875 1949 quamquam
907 1895 1133 1937 admodum
1166 1908 1310 1935 sumus
1342 1894 1424 1934 iam
1457 1893 1523 1935 de-

181 1954 359 2010 fetigati.
411 1952 494 1995 Sed
518 1953 635 1994 nulla
659 1953 864 1995 lassitudo
891 1953 1095 2008 impedire
1122 1953 1310 1994 officium
1331 1955 1372 1993 et
1397 1951 1523 1993 fidem

184 2013 317 2054 debet.
362 2011 524 2053 Verum
549 2012 653 2053 haec
676 2012 890 2053 hactenus.
934 2012 1003 2052 Ab
1036 2011 1129 2052 aliis
1161 2014 1203 2052 te.
1230 2011 1279 2052 de
1304 2025 1370 2051 me
1397 2024 1522 2064 quam

181 2087 205 2112 a
229 2086 296 2112 me
323 2072 414 2125 ipso
440 2071 553 2112 malo
575 2085 838 2127 cognoscere.
888 2070 952 2111 De
972 2073 1013 2111 te
1033 2070 1306 2111 audiebamus
1332 2083 1390 2122 ea,
1417 2083 1523 2123 quae

180 2130 364 2171 maxime
401 2130 615 2171 vellemus.
665 2129 728 2170 De
763 2128 835 2170 Cn.
867 2128 1074 2183 Minucio,
1116 2143 1240 2183 quem
1272 2130 1318 2168 tu
1352 2128 1523 2181 quibus-
1542 2139 1576 2164 30

182 2189 277 2229 dam
309 2189 464 2229 litteris
496 2188 548 2229 ad
580 2188 741 2229 caelum
772 2187 969 2229 laudibus
1001 2187 1204 2241 extulisti,
1235 2200 1425 2227 rumores
1451 2186 1523 2227 du-

182 2247 313 2288 riores
345 2249 474 2288 erant.
535 2245 585 2287 Id
617 2246 739 2301 quale
771 2247 847 2301 sit,
880 2246 1136 2300 omninoque
1169 2244 1271 2299 quid
1302 2244 1397 2285 istic
1428 2258 1523 2300 aga-

180 2308 262 2359 tur,
294 2306 421 2347 facias
452 2320 520 2347 me
551 2305 679 2347 velim
712 2305 944 2346 certiorem.
