1659 2552
211 41 264 81 57
271 42 296 81 6
770 41 1001 77 EPISTULA

143 147 184 178 5⁶2
211 136 394 191 assequi,
432 136 545 190 quod
576 137 701 191 petis,
739 137 959 191 pertinere.
1021 137 1241 180 Postremo
1273 141 1363 181 tota
1392 141 1544 195 petitio

211 209 309 236 cura
335 198 381 236 ut
412 210 590 250 pompae
621 196 745 250 plena
777 196 842 249 sit,
874 198 920 236 ut
946 196 1134 250 illustris,
1166 200 1213 238 ut
1238 197 1466 254 splendida,
1498 202 1545 241 ut

209 254 425 308 popularis
464 255 535 309 sit,
573 257 620 295 ut
651 254 804 295 habeat
835 269 1042 296 summam
1074 256 1255 310 speciem
1287 271 1334 297 ac
1365 257 1545 314 dignita-

209 315 306 366 tem,
339 316 386 354 ut
410 313 550 367 etiam,
581 313 615 354 si
643 327 747 367 quae
778 314 808 367 †
833 314 978 367 postis,
1010 328 1060 354 ne
1087 315 1435 369 competitoribus
1460 317 1545 358 tuis

211 372 363 412 existat
395 374 467 413 aut
499 372 666 413 sceleris
701 374 773 412 aut
804 371 994 413 libidinis
1019 376 1092 414 aut
1121 373 1361 429 largitionis
1386 389 1545 416 accom-
1581 387 1598 413 5

141 442 184 472 53
210 431 380 471 modata
411 431 463 472 ad
495 446 639 471 eorum
671 445 809 471 mores
841 431 1023 472 infamia.
1073 431 1215 486 Atque
1241 433 1367 474 etiam
1397 433 1442 474 in
1466 434 1545 476 hac

209 489 415 544 petitione
452 490 635 530 maxime
667 489 893 530 videndum
932 492 1011 544 est,
1051 493 1098 531 ut
1135 505 1229 545 spes
1260 491 1320 532 rei
1350 491 1544 546 publicae

210 548 321 589 bona
359 549 407 589 de
445 551 486 589 te
525 549 580 589 sit
617 551 659 589 et
698 548 875 589 honesta
913 549 1076 604 opini03
1115 564 1192 591 nec
1230 552 1371 591 tamen
1402 551 1446 592 in
1475 566 1544 606 pe-

209 608 336 648 tendo
369 622 434 648 res
470 607 641 661 publica
673 607 923 661 capessenda
954 610 1017 649 est
1057 623 1191 663 neque
1223 609 1266 649 in
1298 612 1444 650 senatu
1475 624 1544 651 ne-

210 681 290 720 que
322 666 365 707 in
398 666 611 721 contione,
652 666 725 707 sed
755 666 857 707 haec
893 666 973 707 tibi
1006 669 1102 708 sunt
1134 668 1368 722 retinenda,
1406 671 1454 709 ut
1485 683 1544 710 se-
1564 682 1596 706 10

208 728 332 766 natus
363 728 403 765 te
436 725 650 765 existimet
681 739 730 766 ex
763 739 823 779 ee,
855 725 967 779 quod
1000 726 1059 766 ita
1084 726 1251 781 vixeris,
1284 727 1543 768 defensorem

209 784 474 824 auctoritatis
500 798 597 824 suae
623 784 724 837 fore,
757 784 919 838 equites
945 786 986 825 et
1010 785 1091 825 viri
1116 785 1217 826 boni
1243 799 1290 826 ac
1313 785 1544 840 locupletes

209 857 259 884 ex
285 843 373 883 vita
404 845 496 883 acta
527 845 568 883 te
600 843 835 883 studiosum
863 843 939 884 otii
965 857 1012 884 ac
1036 858 1176 884 rerum
1208 844 1544 899 tranquillamm,

208 901 438 942 multitudo
470 916 521 942 ex
553 916 613 955 eo,
646 901 759 955 quod
790 902 1008 943 dumtaxat
1041 903 1230 944 oratione
1262 903 1305 944 in
1340 904 1544 945 contioni-

208 960 286 1001 bus
313 975 359 1001 ac
384 960 539 1001 iudicio
571 960 788 1014 popularis
813 961 943 1015 fuisti,
975 964 1016 1002 te
1042 975 1065 1002 a
1091 962 1176 1002 suis
1203 962 1434 1003 commodis
1458 977 1544 1003 non
1563 974 1596 998 15

168 1019 393 1092 4alienum
423 1020 626 1060 futurum.

140 1053 184 1142 34
296 1077 412 1119 Haec
447 1078 673 1119 veniebant
712 1078 818 1118 mihi
858 1078 903 1118 in
942 1081 1126 1119 mentem
1168 1079 1217 1120 de
1259 1079 1419 1120 duabus
1458 1079 1544 1120 illis

209 1136 637 1178 commentationibus
667 1137 909 1191 matutinis,
949 1137 1062 1191 quod
1098 1137 1179 1178 tibi
1211 1138 1364 1179 cotidie
1395 1138 1447 1178 ad
1483 1138 1545 1179 fo-

208 1210 302 1236 rum
347 1195 614 1237 descendenti
657 1196 946 1236 meditandum
990 1210 1077 1237 esse
1121 1196 1331 1237 dixeram:
1374 1195 1544 1238 ‘Novus

209 1269 318 1307 sum,
358 1254 621 1295 consulatum
658 1255 783 1308 peto’.
846 1254 1036 1295 Tertium
1074 1257 1220 1296 restat:
1259 1254 1416 1296 ‘Roma
1447 1256 1542 1309 est',
1563 1267 1595 1292 20

209 1314 356 1354 civitas
383 1328 433 1354 ex
458 1314 678 1354 nationum
704 1316 913 1354 conventu
938 1313 1178 1368 constituta,
1210 1314 1253 1354 in
1279 1328 1361 1367 qua
1385 1313 1543 1354 multae

209 1372 405 1426 insidiae,
444 1372 579 1413 multa
618 1372 803 1426 fallacia,
843 1372 978 1412 multa
1014 1372 1057 1412 in
1095 1371 1210 1412 omni
1249 1385 1401 1426 genere
1439 1371 1543 1412 vitia

208 1433 440 1483 versantur,
470 1430 702 1471 multorum
728 1430 980 1485 arrogantia,
1011 1429 1242 1470 multorum
1268 1430 1542 1484 contumacia,

207 1489 440 1530 multorum
472 1488 776 1542 malivolentia,
808 1488 1039 1529 multorum
1071 1488 1278 1542 superbia,
1309 1488 1543 1530 multorum

209 1548 352 1588 odium
390 1561 436 1587 ac
476 1547 669 1588 molestia
700 1547 947 1601 perferenda
977 1549 1049 1588 est.
1111 1546 1247 1587 Video
1280 1561 1367 1588 esse
1398 1548 1542 1604 magni
1561 1558 1595 1584 25

209 1606 374 1647 consilii
400 1609 526 1660 atque
558 1606 660 1646 artis
692 1606 735 1646 in
766 1608 832 1646 tot
861 1606 1081 1647 hominum
1108 1606 1308 1659 cuiusque
1338 1605 1454 1647 modi
1482 1606 1542 1646 vi-

208 1665 278 1705 tiis
315 1665 529 1718 tantisque
559 1667 795 1705 versantem
827 1664 960 1706 vitare
999 1664 1290 1718 offensionem,
1321 1664 1454 1705 vitare
1484 1665 1544 1705 fa-

208 1724 363 1777 bulam,
395 1723 528 1764 vitare
561 1723 754 1777 insidias,
786 1738 873 1764 esse
905 1738 1034 1764 unum
1066 1723 1281 1764 hominem
1312 1737 1543 1764 accommo-

210 1782 352 1823 datum
380 1782 431 1822 ad
457 1784 618 1823 tantam
649 1797 815 1823 morum
848 1796 895 1822 ac
926 1796 1166 1823 sermonum
1198 1796 1245 1822 ac
1275 1782 1542 1823 voluntatum

140 1853 182 1882 55
209 1841 465 1882 varietatem.
529 1840 664 1889 Quare
709 1841 835 1881 etiam
884 1843 1009 1895 atque
1059 1841 1186 1881 etiam
1228 1855 1356 1896 perge
1399 1843 1540 1881 tenere
1559 1851 1592 1877 30

209 1900 333 1940 istam
364 1900 494 1953 viam,
535 1914 660 1953 quam
693 1899 904 1953 institisti,
942 1899 1096 1940 excelle
1130 1899 1315 1940 dicendo.
1376 1898 1470 1940 Hoc
1501 1901 1543 1939 et

209 1961 406 1999 tenentur
445 1958 605 1999 Romae
647 1960 688 1998 et
729 1958 972 1998 alliciuntur
1011 1960 1052 1999 et
1092 1957 1143 1998 ab
1188 1957 1454 2012 impediendo
1495 1971 1543 1998 ae

208 2017 410 2058 laedendo
437 2017 708 2071 repelluntur.
759 2016 832 2070 Et,
865 2017 1063 2070 quoniam
1090 2016 1134 2057 in·
1164 2016 1245 2057 hoc
1269 2016 1336 2057 vel
1360 2015 1541 2056 maxime

208 2079 271 2117 est
303 2076 456 2116 vitiosa
487 2075 652 2128 civitas,
691 2075 804 2129 quod
834 2075 1059 2130 largitione
1091 2074 1342 2129 interposita
1371 2073 1542 2114 virtutis

208 2148 255 2174 ac
281 2134 501 2189 dignitatis
528 2134 720 2174 oblivisci
752 2133 870 2187 solet,
902 2134 945 2174 in
976 2134 1056 2175 hoc
1087 2134 1153 2174 fac
1184 2136 1231 2174 ut
1262 2135 1303 2174 te
1334 2132 1439 2173 bene
1470 2146 1542 2173 no·
1561 2143 1594 2168 ⁸5

209 2193 282 2246 ris,
328 2193 370 2233 id
413 2195 475 2234 est
513 2196 559 2233 ut
604 2192 824 2248 intellegas
857 2206 950 2233 eum
989 2207 1076 2233 esse
1108 2195 1168 2245 te,
1210 2192 1282 2246 qui
1320 2190 1463 2232 iudicii
1495 2205 1543 2232 ac

206 2251 383 2305 periculi
415 2254 574 2292 metum
607 2251 838 2292 maximum
865 2251 1214 2305 competitoribus
1241 2250 1365 2291 affere
1396 2250 1560 2303 possis..
