1659 2552
97 206 117 237 3

145 98 229 140 180
654 95 993 131 EPISTULARUM

231 194 326 250 Ego
366 193 415 235 de
452 195 494 235 te
533 193 584 234 ad
624 192 844 233 Caesarem
883 205 1009 245 quam
1051 190 1278 246 diligenter
1313 191 1484 246 scripse-

143 253 244 308 rim,
280 255 372 294 tute
405 252 501 307 scis,
540 266 667 306 quam
705 264 844 304 saepe,
882 264 979 305 ego3
1017 249 1090 290 sed
1125 249 1365 291 mehercule
1402 251 1487 292 iam

144 312 474 365 intermiseram,
506 325 558 351 ne
590 310 755 350 viderer
785 307 1072 349 liberalissimi
1103 307 1289 349 hominis
1319 309 1487 363 meique

146 370 425 412 amantissimi
463 369 673 410 voluntati
712 382 812 423 erga
849 382 916 408 me
955 366 1157 407 diffidere.
1226 365 1309 408 Sed
1344 370 1486 409 tamen

145 430 199 471 iis
235 429 408 482 litteris,
445 442 548 482 quas
586 426 778 481 proxime
817 426 929 480 dedi,
966 425 1114 480 putavi
1151 439 1240 466 esse
1270 425 1487 468 hominem

147 487 510 530 commonendum.
571 485 621 527 Id
658 485 758 540 feoi3
803 484 906 538 quid
941 483 1211 539 profecerim,
1255 484 1384 526 facias
1420 500 1488 526 me

145 547 274 588 velim
307 546 529 587 certiorem
557 547 598 586 et
625 544 751 585 simul
783 543 832 584 de
858 545 950 584 toto
978 545 1091 584 statu
1116 545 1190 584 tuo
1217 543 1488 598 consiliisque

148 606 363 660 omnibus3
395 604 500 645 scire
533 604 644 644 enim
677 602 812 657 cupiO,
845 602 948 656 quid
979 616 1095 658 agas,
1128 601 1232 656 quid
1262 606 1488 658 exspectes,

148 679 275 719 quam
306 665 481 719 longum
513 662 643 703 istum
675 664 797 702 tuum
827 661 1054 702 discessum
1087 676 1111 701 a
1141 660 1266 702 nobis
1296 661 1489 703 futurum

147 725 280 778 putes.
344 721 413 763 Sic
454 721 566 762 enim
606 720 687 761 tibi
727 719 979 774 persuadeas
1018 719 1167 774 velim,
1210 733 1343 761 unum
1381 720 1488 762 mihi

149 796 236 823 esse
268 781 488 835 solacium,
527 794 655 834 quare
687 779 852 820 facilius
889 779 1048 833 possim
1085 778 1175 833 pati
1205 781 1248 820 te
1280 793 1368 820 esse
1399 779 1489 821 sine

148 840 283 894 nobis,
316 840 350 880 si
381 839 462 880 tibi
494 853 582 879 esse
614 837 658 878 id
689 837 975 879 emolumento
1008 837 1155 892 sciam3
1187 837 1253 878 sin
1279 840 1420 879 autem
1446 838 1490 879 id

147 914 234 940 non
272 901 351 953 est,
389 897 497 938 nihil
536 897 700 938 duobus
737 896 861 937 nobis
899 899 961 937 est
993 896 1183 951 stultius,
1220 911 1304 951 me,
1344 897 1416 952 qui
1447 899 1489 939 te

148 972 234 999 non
265 956 446 998 Romam
477 955 700 1010 attraham,
731 958 785 1010 te,
818 954 890 1009 qui
922 969 1007 996 non
1037 954 1122 996 huc
1152 954 1332 996 advoles.
1393 954 1490 997 Una

149 1016 386 1058 mehercule
417 1017 564 1056 nostra
593 1015 661 1056 vel
693 1028 836 1055 severa
861 1014 928 1055 vel
959 1014 1101 1055 iocosa
1132 1014 1382 1069 congressio.
1398 1014 1489 1069 plu-

149 1076 206 1116 ris
250 1075 330 1116 crit
374 1089 501 1128 quam
543 1088 630 1114 non
672 1073 799 1114 modo
842 1072 1007 1128 hostes,
1052 1072 1125 1114 sed
1167 1073 1295 1114 etiam
1338 1073 1490 1115 fratres

149 1134 284 1174 nostri
308 1132 486 1174 Haedui.
549 1132 686 1182 Quare
719 1131 916 1172 omnibus
949 1131 998 1172 de
1030 1131 1156 1172 rebus
1187 1131 1253 1172 fac
1284 1134 1332 1173 ut
1363 1147 1490 1187 quam

147 1193 334 1247 primum
365 1192 504 1232 sciam.

179 1273 301 1316 ‘Aut
339 1273 653 1314 consolando
686 1275 770 1313 aut
803 1272 1020 1313 consilio
1053 1274 1138 1313 aut
1169 1286 1220 1313 re
1259 1273 1460 1314 iuvero'.

782 1410 854 1452 XI.

340 1493 415 1528 Ser.
440 1493 525 1537 fort.
557 1493 598 1527 in
628 1492 831 1526 Tusculano
862 1503 906 1526 m.
934 1492 1017 1526 Ιαη.
1050 1504 1082 1526 α.
1112 1494 1181 1527 701
1211 1494 1301 1536 (53).

598 1573 766 1609 CICERO
793 1573 1044 1608 TREBATIO.

239 1658 335 1700 Nisi
373 1660 469 1699 ante
506 1657 644 1698 Roma
680 1658 895 1712 profectus
932 1672 1058 1711 esses,
1099 1672 1211 1699 nunc
1251 1672 1343 1698 eam
1380 1660 1492 1699 certe

152 1717 428 1772 relinqueres3
469 1717 563 1770 quis
605 1716 718 1757 enim
757 1719 823 1757 tot
862 1716 1117 1772 interregnis
1157 1716 1491 1758 iureconsultum

153 1776 389 1817 desiderat?
450 1774 544 1831 Ego
587 1775 800 1829 omnibus,
841 1775 950 1815 unde
988 1775 1169 1830 petitur,
1208 1775 1290 1816 hoc
1326 1775 1492 1816 consilii

154 1834 351 1889 dederim,
383 1836 431 1875 ut
462 1849 485 1874 a
517 1834 696 1889 singulis
727 1834 1012 1889 interregibus
1043 1834 1164 1875 binas
1196 1833 1491 1876 advocationes

152 1893 379 1948 postulent.
442 1891 607 1933 Satisne
645 1892 725 1934 tibi
763 1893 909 1933 videor
947 1893 1021 1933 abs
1057 1895 1099 1934 te
1136 1893 1202 1933 ius
1234 1892 1355 1934 civile
1387 1892 1492 1933 didi-

154 1952 286 1993 cisse?
331 1951 414 1993 Sed
437 1951 541 1993 heus
572 1953 636 1993 tu!
670 1951 773 2006 quid
797 1952 916 2007 agis?
949 1951 1100 2006 ecquid
1122 1952 1200 1992 fit‘?
1231 1951 1353 1992 video
1378 1951 1491 1992 enim

153 2014 194 2052 te
231 2011 316 2052 iam
353 2010 483 2051 iocari
519 2024 595 2065 per
630 2010 805 2051 litteras.
866 2009 982 2051 Haec
1022 2010 1143 2066 signa
1177 2009 1354 2051 meliora
1393 2012 1492 2050 sunt

155 2084 281 2123 quam
318 2069 363 2110 in
399 2083 493 2110 meo
532 2068 781 2110 Tusculano.
844 2068 942 2123 Sed,
982 2069 1084 2123 quid
1114 2069 1186 2122 sit,
1218 2068 1323 2109 scire
1355 2068 1490 2123 cupio.

155 2127 329 2169 Consuli
362 2128 531 2182 quidem
563 2130 604 2169 te
637 2144 660 2169 a
693 2127 868 2169 Caesare
906 2128 1072 2183 scribis3
1112 2127 1185 2168 sed
1215 2141 1293 2182 ego
1325 2126 1407 2168 tibi
1438 2126 1491 2168 ab

154 2187 228 2227 illo
261 2187 421 2227 consuli
453 2186 633 2227 mallem.
696 2186 818 2235 Quod
850 2187 884 2228 si
910 2188 983 2227 aut
1013 2186 1063 2227 fit
1094 2188 1166 2227 aut
1196 2185 1388 2226 futurum
1418 2199 1492 2240 pu-

155 2247 229 2298 tas,
261 2246 401 2298 perfer
431 2245 556 2286 istam
587 2246 786 2286 militiam
818 2248 859 2287 et
889 2259 1108 2300 permane3
1140 2258 1218 2300 ego
1251 2245 1363 2285 enim
1389 2243 1494 2286 desi-

157 2302 317 2344 derium
356 2303 418 2344 tui
458 2318 528 2358 spe
566 2306 737 2345 tuorum
776 2303 1094 2345 commodorum
1126 2302 1395 2358 consolabor,
1427 2303 1492 2344 sin

1510 732 1542 757 10

1509 1025 1542 1050 15

1510 1425 1544 1450 20

1513 1786 1545 1812 25

1511 2080 1544 2105 30
