1659 2552
671 75 814 111 LIBER
838 76 854 111 I
880 80 912 113 9.
1409 77 1465 117 23

124 173 404 229 adtingendae
435 172 497 213 rei
527 172 721 227 publicae
753 172 902 227 fuisse,
936 171 1061 227 quod,
1094 186 1189 213 cum
1222 172 1465 213 offendisset

123 232 328 288 populum
347 231 651 272 Atheniensem
675 245 806 286 prope
832 231 916 271 iam
943 230 1219 285 desipientem
1239 233 1464 287 senectute,

125 305 304 345 cumque
335 304 431 331 eum
462 304 538 330 nec
569 289 858 344 persuadendo
890 303 966 330 nec
998 289 1186 346 cogendo
1219 290 1309 345 regi
1341 304 1464 344 posse

124 350 309 403 vidisset,
341 363 436 390 cum
467 349 709 403 persuaderi
739 362 861 403 posse
894 348 1121 403 diffideret,
1154 349 1249 405 cogi
1281 349 1343 389 fas
1375 363 1463 390 esse

89 419 106 445 5
125 423 210 449 non
241 408 528 449 arbitraretur.
589 407 684 448 Mea
715 407 823 448 ratio
854 407 936 448 fuit
967 407 1059 462 alia,
1092 407 1207 461 quod
1236 422 1371 462 neque
1398 407 1465 448 de-

125 467 303 522 sipiente
334 467 493 521 populo
530 480 608 507 nec
644 466 810 522 integra
846 480 890 507 re
926 466 1034 506 mihi
1066 466 1118 506 ad
1149 466 1463 521 consulendum,

126 540 437 580 capesseremne
480 539 569 566 rem
600 524 830 579 publicam,
874 524 1114 578 implicatus
1152 525 1347 580 tenebar,
1392 525 1465 566 sed

124 584 304 626 laetatus
336 587 477 624 tamen
508 598 612 637 sum,
646 584 760 637 quod
789 583 895 624 mihi
926 583 1071 624 liceret
1099 583 1144 624 in
1169 584 1314 624 eadem
1341 598 1464 624 causa

126 645 168 684 et
206 643 313 684 mihi
353 642 475 683 utilia
516 644 557 682 et
597 642 730 682 cuivis
770 642 882 683 bono
923 644 1036 683 recta
1074 641 1306 683 defendere.
1368 642 1464 683 Huc

73 713 107 739 ιο
127 702 300 743 accessit
331 701 696 742 commemoranda
728 700 931 754 quaedam
963 703 1005 742 et
1036 700 1179 741 divina
1205 700 1393 742 Caesaris
1420 701 1464 742 in

124 774 193 801 me
224 761 480 814 fratremque
519 774 661 800 meum
692 760 943 814 liberalitas3
980 759 1053 814 qui
1083 760 1207 815 mihi,
1246 774 1464 814 quascum-

126 833 304 873 cumque
335 833 401 859 res
432 821 608 874 gereret,
640 818 820 859 tuendus
852 821 971 873 esset,
1008 832 1119 859 nunc
1150 818 1194 859 in
1225 820 1343 860 tanta
1374 819 1464 859 feli—

125 877 251 918 citate
283 877 495 931 tantisque
527 877 734 931 victoriis,
773 877 938 917 etiamsi
976 877 1020 917 in
1051 891 1128 918 nos
1159 892 1245 918 non
1276 878 1312 918 is
1343 880 1462 931 esset,

127 936 200 990 qui
225 938 299 990 est,
331 938 472 977 tamen
499 935 711 976 ornandus
735 935 959 976 videretur.
1023 934 1092 976 Sic
1117 936 1229 976 enim
1254 938 1295 977 te
1322 936 1463 977 existi-

73 1006 107 1032 15
124 1009 240 1036 mare
271 995 414 1049 velim,
447 1009 542 1035 cum
574 1010 598 1035 a
628 994 750 1035 vobis
780 1008 896 1035 meae
929 994 1076 1035 salutis
1107 995 1351 1035 auctoribus
1383 995 1463 1035 dis-

127 1053 332 1108 cesserim,
364 1053 575 1094 neminem
607 1068 706 1107 esse,
739 1053 857 1093 cuius
890 1053 1040 1093 officiis
1071 1067 1138 1094 me
1169 1055 1257 1094 tam
1283 1068 1370 1094 esse
1397 1053 1463 1094 de-

126 1112 315 1153 vinctum
345 1126 431 1153 non
463 1112 600 1153 solum
632 1112 844 1166 confitear,
877 1111 950 1152 sed
974 1112 1102 1152 etiam
1128 1112 1344 1167 gaudeam.

215 1170 337 1220 Quod
367 1171 567 1225 quoniam
598 1171 678 1211 tibi
709 1170 901 1225 exposui,
939 1170 1079 1211 facilia
1117 1174 1215 1211 sunt
1253 1186 1316 1225 ea,
1357 1185 1462 1225 quae

127 1244 150 1269 a
192 1243 259 1270 me
304 1229 352 1269 de
396 1228 570 1270 Vatinio
614 1232 655 1270 et
706 1229 754 1269 de
799 1228 949 1269 Crasso
993 1229 1184 1283 requiris.
1256 1229 1368 1271 Nam
1413 1229 1462 1270 de

73 1299 108 1325 20
126 1287 268 1342 Appio
301 1287 415 1341 quod
445 1288 594 1329 scribis
626 1288 750 1328 sicuti
782 1287 831 1328 de
865 1286 1039 1328 Caesare
1064 1290 1106 1328 te
1131 1303 1217 1329 non
1242 1288 1464 1342 reprehen-

128 1347 236 1400 dere,
261 1346 424 1402 gaudeo
450 1347 531 1388 tibi
557 1346 780 1387 consilium
804 1346 977 1400 probari
1001 1361 1153 1387 meum.
1198 1346 1261 1387 De
1287 1346 1462 1387 Vatinio

125 1408 267 1446 autem
310 1405 495 1459 primum
538 1405 697 1446 reditus
743 1405 1035 1445 intercesserat
1077 1405 1122 1446 in
1164 1405 1347 1461 gratiam
1389 1420 1465 1460 per

125 1462 386 1518 Pompeium,
419 1464 563 1505 statim
594 1466 641 1504 ut
671 1463 742 1504 ille
773 1466 943 1518 praetor
974 1466 1037 1504 est
1068 1464 1215 1518 factus,
1248 1478 1343 1505 cum
1375 1464 1465 1519 qui-

129 1522 223 1563 dem
265 1537 344 1578 ego
384 1522 474 1563 eius
510 1522 760 1577 petitionem
799 1522 1060 1578 gravissimis
1100 1522 1145 1563 in
1186 1525 1334 1563 senatu
1375 1537 1464 1563 sen-

76 1591 109 1616 25
128 1580 272 1620 tentiis
304 1595 629 1637 oppugnassem,
667 1595 802 1635 neque
840 1583 928 1622 tam
965 1581 1080 1621 illius
1116 1581 1310 1622 laedendi
1343 1596 1465 1622 causa

130 1652 256 1692 quam
295 1639 543 1680 defendendi
581 1642 707 1693 atque
746 1640 923 1680 ornandi
961 1638 1150 1695 Catonis3
1190 1642 1287 1694 post
1324 1642 1466 1681 autem

130 1696 329 1751 Caesaris,
361 1700 407 1738 ut
437 1698 559 1739 illum
591 1698 876 1753 defenderem,
908 1698 1016 1739 mira
1041 1699 1256 1740 contentio
1282 1701 1345 1741 est
1371 1713 1465 1739 con-

129 1757 280 1795 secuta.
343 1754 428 1796 Cur
464 1759 604 1797 autem
639 1756 864 1810 laudarim,
902 1759 1000 1811 peto
1033 1772 1056 1797 a
1086 1759 1145 1812 te,
1184 1760 1231 1798 ut
1268 1757 1313 1798 id
1344 1773 1367 1797 a
1397 1771 1464 1798 me

128 1827 232 1855 neve
270 1813 314 1854 in
350 1813 431 1854 hoc
461 1828 532 1855 reo
563 1829 666 1855 neve
707 1815 751 1855 in
791 1815 884 1855 aliis
924 1816 1133 1870 requiras,
1174 1830 1226 1856 ne
1265 1816 1347 1856 tibi
1385 1830 1463 1871 ego

76 1884 110 1909 30
129 1872 241 1913 idem
272 1886 484 1926 reponam,
516 1886 611 1913 cum
636 1873 810 1913 veneris.
871 1873 1058 1914 Tametsi
1083 1888 1277 1928 posssum
1303 1874 1370 1914 vel
1395 1889 1464 1927 ap-

129 1930 258 1985 senti3
295 1931 513 1971 recordare
545 1931 674 1984 enim,
713 1931 866 1984 quibus
902 1931 1188 1972 laudationem
1220 1947 1271 1972 ex
1302 1932 1464 1972 ultimis

128 1989 252 2030 terris
283 1989 464 2044 miseris,
507 2003 584 2029 nec
613 1988 694 2029 hoc
735 1989 1021 2043 pertimueriS,
1064 2005 1163 2031 nam
1201 2005 1223 2030 a
1260 2004 1327 2030 me
1371 1990 1463 2044 ipso

127 2047 353 2088 laudantur
384 2050 425 2088 et
449 2047 734 2088 laudabuntur
758 2047 880 2088 idem.
931 2046 1014 2088 Sed
1039 2051 1180 2089 tamen
1215 2048 1464 2089 defendendi

127 2105 276 2147 Vatini
301 2106 382 2147 fuit
402 2106 529 2147 etiam
548 2106 619 2146 ille
640 2105 847 2160 stimulus,
881 2105 930 2146 de
957 2120 1040 2159 quo
1066 2106 1111 2147 in
1136 2106 1303 2160 iudicio,
1335 2121 1464 2161 quom

76 2175 111 2201 35
130 2164 252 2205 illum
289 2164 570 2219 defenderem,
613 2164 699 2204 dixi
737 2178 803 2204 me
842 2164 977 2205 facere
1015 2165 1231 2220 quiddam,
1271 2166 1384 2220 quod
1422 2166 1466 2207 in

128 2222 336 2264 Eunucho
367 2224 576 2278 parasitus
608 2223 801 2263 suaderet
833 2222 977 2264 militi:

1490 1183 1532 1213 19
