1659 2552
152 473 169 503 1

198 71 253 112 68
698 69 1035 105 EPISTULARUM

829 211 901 253 IX.

267 292 343 329 Ser.
369 293 571 329 Laodiceae
598 293 638 328 X
662 293 709 328 K.
739 293 850 328 Mart.
877 297 942 327 aut
973 293 1083 336 paulo
1108 296 1189 336 post
1215 303 1248 326 α.
1276 294 1346 326 704
1374 294 1464 335 (50).

545 374 713 410 CICERO
740 374 881 408 APPIO
908 372 1128 408 PULCHRO
1155 373 1188 408 S.

285 457 371 499 Vix
397 458 566 499 tandem
592 459 677 513 legi
703 459 866 499 litteras
894 457 1041 513 dignas
1066 456 1146 511 Ap.
1173 455 1362 509 Claudio,
1392 455 1538 511 plenas

196 517 485 572 humanitatis,
518 517 660 570 officii,
693 517 948 572 diligentiae.
1009 515 1219 570 Aspectus
1243 515 1440 556 videlicet
1470 529 1537 556 ur·
1574 528 1590 553 5

197 576 263 617 bis
308 576 387 617 tibi
428 579 545 616 tuam
588 576 813 630 pristinam
856 575 1142 616 urbanitatem
1183 573 1387 629 reddidit3
1428 588 1538 627 nam,

198 650 302 689 quas
334 650 384 675 ex
416 635 585 688 itinere,
623 638 719 676 ante
751 649 878 688 quam
916 649 967 676 ex
1004 633 1107 675 Asia
1151 647 1343 689 egressus
1380 647 1440 686 es,
1487 632 1540 673 ad

197 708 264 734 me
304 694 468 734 litteras
507 692 681 747 misisti,
722 707 826 734 unas
867 693 917 734 de
956 693 1108 748 legatis
1146 707 1170 732 a
1206 706 1273 732 me
1309 690 1539 746 prohibitis

197 752 426 807 proficisci,
465 752 618 792 alteras
657 752 706 793 de
743 751 1039 806 Appianorum
1079 750 1370 792 aedificatione
1410 750 1539 804 impe-

199 811 298 865 dita,
323 811 409 866 legi
433 810 683 866 perinvitus,
716 810 858 865 itaque
885 810 1141 852 conscientia
1165 823 1282 850 meae
1308 808 1540 850 constantis
1559 822 1593 847 10

199 885 299 925 erga
342 872 383 910 te
424 869 655 910 voluntatis
699 870 895 924 rescripsi
937 869 1019 910 tibi
1059 869 1283 910 subiratus.
1344 866 1402 908 Iis
1438 881 1539 909 vero

198 928 354 969 litteris
385 928 516 982 lectiS,
550 943 652 982 quas
683 927 929 983 Philotimo,
960 928 1115 969 liberto
1140 941 1247 980 meo,
1280 925 1443 981 dedisti,
1475 940 1541 967 co-

199 987 329 1043 gnovi
361 987 636 1041 intellexique
668 987 712 1028 in
742 987 961 1042 provincia
992 987 1150 1028 multos
1180 986 1321 1040 fuisse,
1354 985 1426 1040 qui
1451 998 1540 1039 nos,

201 1059 284 1099 quo
324 1046 464 1086 animo
503 1046 615 1087 inter
644 1060 722 1087 nos
760 1060 924 1101 sumus,
965 1060 1053 1086 esse
1084 1045 1267 1098 nollent,
1308 1044 1362 1085 ad
1391 1043 1540 1085 urbem

199 1118 299 1145 vero
331 1107 378 1144 ut
410 1105 632 1145 accesseris
663 1104 730 1146 vel
760 1105 904 1159 potius
935 1106 982 1145 ut
1019 1104 1205 1158 primum
1244 1106 1342 1144 tuos
1372 1102 1540 1156 videris,
1560 1115 1594 1141 15

201 1177 404 1219 cognosse
441 1166 483 1204 te
522 1177 573 1204 ex
610 1163 679 1217 iis,
718 1178 799 1217 qua
836 1164 881 1204 in
917 1166 960 1204 te
991 1163 1207 1204 absentem
1239 1162 1339 1216 fide,
1377 1176 1460 1215 qua
1496 1161 1541 1202 in

201 1222 398 1262 omnibus
439 1222 592 1262 officiis
631 1222 799 1263 tuendis
837 1236 936 1278 erga
976 1224 1018 1262 te
1057 1221 1325 1262 observantia
1365 1223 1406 1261 et
1446 1233 1541 1261 con-

201 1280 356 1321 stantia
387 1280 571 1321 fuissem.
632 1279 781 1334 Itaque
807 1281 954 1335 quanti
980 1280 1086 1321 illud
1116 1294 1183 1321 me
1215 1279 1436 1320 aestimare
1466 1293 1541 1333 pu-

201 1341 276 1392 tas,
309 1338 423 1393 quod
448 1341 511 1379 est
536 1339 580 1379 in
605 1339 690 1379 tuis
715 1339 870 1380 litteris
897 1339 1113 1393 scriptum,
1146 1339 1180 1379 si
1207 1338 1310 1392 quid
1334 1337 1540 1391 inciderit,

202 1397 316 1451 quod
335 1397 387 1437 ad
405 1411 543 1438 meam
565 1397 815 1452 dignitatem
835 1398 1061 1452 pertineat,
1087 1397 1166 1437 etsi
1186 1397 1258 1437 vix
1277 1396 1369 1437 fieri
1394 1395 1541 1450 possit,
1562 1409 1595 1434 20
1658 1405 1659 1415 ¹

201 1458 342 1496 tamen
373 1458 415 1496 te
446 1470 591 1509 parem
623 1456 729 1496 mihi
754 1457 936 1511 gratiam
962 1455 1222 1497 relaturum?
1263 1453 1327 1495 Tu
1358 1468 1458 1495 vero
1483 1455 1541 1495 fa-

202 1514 279 1555 cile
311 1514 455 1569 facies3
487 1514 595 1555 nihil
627 1517 689 1555 est
715 1515 838 1569 enim,
871 1514 984 1569 quod
1015 1514 1154 1555 studio
1181 1516 1222 1554 et
1247 1513 1542 1554 benevolentia

201 1573 268 1614 vel
294 1587 436 1614 amore
467 1573 610 1627 potius
643 1573 753 1613 effici
785 1587 869 1614 non
901 1573 1061 1626 possit:

291 1630 396 1687 Ego,
429 1632 507 1672 etsi
541 1634 581 1672 et
613 1631 701 1686 ipse
733 1632 793 1672 ita
824 1631 1062 1672 iudicabam
1094 1634 1135 1672 et
1166 1631 1319 1671 fiebam
1346 1630 1493 1671 crebro
1519 1645 1543 1671 a

202 1690 306 1730 meis
346 1704 422 1744 per
461 1690 625 1731 litteras
666 1691 840 1745 certior,
884 1693 1026 1731 tamen
1066 1690 1295 1730 maximam
1335 1689 1541 1730 laetitiam
1562 1701 1596 1727 25

203 1749 291 1803 cepi
325 1763 375 1789 ex
406 1749 492 1789 tuis
522 1749 677 1789 litteris
710 1749 759 1790 de
791 1764 863 1803 spe
894 1749 1068 1790 minime
1102 1749 1229 1789 dubia
1255 1750 1296 1789 et
1320 1748 1444 1802 plane
1476 1762 1542 1789 ex-

200 1807 367 1861 plorata
397 1807 605 1862 triumphi
637 1808 711 1862 tui,
743 1822 878 1862 neque
910 1822 1009 1849 vero
1043 1807 1096 1848 ob
1130 1822 1221 1848 eam
1247 1821 1425 1859 causam,
1458 1820 1540 1860 quo

201 1866 291 1919 ipse
323 1866 488 1906 facilius
520 1880 798 1920 consequerer
829 1865 945 1917 (nam
978 1867 1021 1907 id
1047 1866 1217 1920 quidem
1240 1864 1542 1918 Ἐπικούρειον

202 1923 302 1979 est),
347 1924 419 1965 sed
461 1925 700 1966 mehercule
745 1925 859 1979 quod
895 1928 969 1966 tua
1008 1925 1192 1981 dignitas
1229 1927 1355 1978 atque
1395 1923 1541 1977 ampli-

202 1983 305 2023 tudo
337 1983 443 2023 mihi
477 1986 539 2024 est
570 1984 661 2038 ipsa
688 1998 781 2024 cara
806 1998 882 2038 per
908 1999 960 2025 se.
1001 1983 1149 2037 Quare,
1182 1982 1380 2037 quoniam
1406 1981 1541 2035 pluris
1561 1994 1594 2019 30

202 2044 249 2082 tu
280 2041 410 2082 habes
443 2057 569 2096 quam
602 2043 747 2096 ceteri,
787 2057 892 2097 quos
930 2043 1036 2083 scias
1067 2043 1111 2082 in
1142 2042 1250 2082 hanc
1280 2040 1541 2095 provinciam

201 2100 429 2155 proficisci,
472 2101 585 2155 quod
622 2104 663 2142 te
701 2102 856 2142 adeunt
894 2102 980 2143 fere
1019 2114 1180 2153 omnes,
1222 2099 1256 2140 si
1294 2098 1396 2152 quid
1427 2099 1542 2153 velis,

202 2159 491 2211 gratissimum
523 2159 629 2200 mihi
662 2160 826 2213 feceris,
869 2160 903 2200 si
925 2160 989 2211 *ad
1018 2173 1102 2213 me,
1135 2157 1388 2211 simulatque
1421 2157 1542 2213 adep-

202 2220 270 2256 tus
302 2217 400 2270 eris,
433 2218 547 2271 quod
579 2221 619 2259 et
651 2222 697 2259 tu
731 2218 907 2259 confidis
939 2221 980 2259 et
1012 2231 1090 2273 ego
1123 2219 1241 2270 opto,
1273 2216 1436 2256 litteras
1467 2216 1542 2257 mi-

203 2274 315 2314 seris.
350 2275 508 2331 ‘Longi
553 2277 777 2332 subsellii',
822 2280 869 2318 ut
912 2278 1057 2317 noster
1088 2274 1314 2329 Pompeius
1347 2275 1542 2329 appellat,
1562 2286 1595 2311 35
