1659 2552
131 219 152 250 2

138 1859 158 1890 N>

181 111 264 153 158
695 107 1033 144 EPISTULARUM

269 206 393 256 Quod
423 206 635 260 reliquum
668 207 742 259 est,
775 203 977 258 quoniam
1002 202 1083 244 tibi
1109 202 1245 243 virtus
1271 204 1313 244 et
1339 202 1526 259 dignitas

179 269 253 307 tua
284 265 468 307 reditum
500 265 552 305 ad
589 267 686 304 tuos
724 262 907 317 aperuit,
949 264 1012 303 est
1048 264 1146 302 tuae
1177 261 1409 316 sapientiae
1439 276 1526 303 ma-

179 324 500 390 gnitudinisque
532 323 674 376 animi,
707 321 809 375 quid
841 320 1044 374 amiseris,
1077 319 1291 375 oblivisci,
1329 320 1433 375 quid
1462 335 1526 362 re-

180 383 397 438 ciperaris,
436 382 633 437 cogitare.
696 380 826 421 Vives
864 393 960 421 cum
997 378 1100 433 tuis,
1137 378 1254 420 vives
1284 379 1526 435 nobiscum,

179 442 275 496 plus
307 440 530 507 adquisisti
562 439 783 495 dignitatis
815 453 942 493 quam
980 412 1161 479 amisisti
1192 438 1254 479 rei
1285 437 1526 494 familiaris3
1561 450 1580 478 ε

181 515 286 555 quae
324 501 416 554 ipsa
452 502 545 540 tum
582 501 690 539 esset
728 497 972 551 iucundior,
1010 497 1045 537 si
1083 496 1170 538 ulla
1207 510 1273 538 res
1310 499 1420 538 esset
1448 511 1526 552 pu-

180 560 301 600 blica.

263 617 498 670 Vestorius,
530 618 675 657 noster
706 615 940 668 familiaris,
973 613 1027 655 ad
1056 628 1124 655 me
1157 613 1327 668 scripsit
1351 616 1394 656 te
1419 614 1527 656 mihi

180 677 386 717 maximas
430 675 589 730 gratias
632 689 767 729 agere.
841 672 958 714 Haec
1000 672 1260 727 praedicatio
1303 675 1378 714 tua
1419 673 1527 714 mihi

181 735 302 775 valde
339 737 461 790 grata
498 735 578 787 est,
616 747 747 787 eaque
779 735 820 773 te
853 732 917 773 uti
955 731 1078 773 facile
1113 731 1256 786 patior
1287 745 1383 773 cum
1414 732 1527 787 apud
1546 745 1581 771 10

182 794 286 834 alios
318 796 409 833 tum
441 792 679 833 mehercule
712 791 825 846 apud
856 790 1069 844 Sironem,
1106 793 1302 832 nostrum
1333 791 1527 832 amicum.

183 852 296 901 Quae
329 852 441 892 enim
474 851 668 905 facimus,
707 865 755 891 ea
790 849 1123 904 prudentissimo
1161 850 1312 904 cuique
1343 850 1528 892 maxime

182 911 361 965 probata
393 924 481 951 esse
507 910 714 951 volumus.
771 908 830 949 Te
857 909 981 964 cupio
1006 908 1149 950 videre
1177 923 1304 962 quam
1328 909 1528 963 primum.

807 1060 901 1102 ΧΠ.

466 1142 542 1177 Ser.
570 1142 706 1176 Romae
731 1153 784 1176 επ.
810 1153 855 1176 m.
882 1141 975 1176 Νου.
1002 1153 1036 1176 a.
1059 1144 1132 1176 '703
1154 1143 1245 1185 (46).
1550 1156 1584 1182 15

620 1222 788 1257 CICERO
815 1223 966 1257 AMPIO
994 1223 1028 1258 S.
1054 1223 1094 1258 P.

273 1319 474 1361 Gratulor
505 1318 598 1373 tibi,
629 1318 689 1359 mi
721 1318 864 1372 Balbe,
896 1332 1077 1373 vereque
1109 1318 1303 1374 gratulor
1328 1333 1406 1360 nec
1437 1333 1531 1360 sum

183 1382 271 1419 tam
302 1379 468 1432 stultus,
501 1380 548 1418 ut
573 1380 615 1418 te
641 1391 768 1418 usura
798 1378 894 1418 falsi
926 1377 1072 1433 gaudii
1098 1377 1182 1418 frui
1207 1377 1348 1432 velim,
1381 1377 1531 1418 deinde

183 1438 323 1492 frangi
367 1439 538 1491 repente
583 1439 709 1489 atque
747 1436 807 1476 ita
845 1436 1008 1491 eadere,
1052 1438 1101 1476 ut
1136 1435 1254 1476 nulla
1294 1450 1360 1476 res
1397 1438 1440 1477 te
1478 1436 1532 1477 ad

183 1496 439 1550 aequitatem
479 1495 608 1536 animi
646 1495 782 1548 possit
818 1497 966 1549 postea
1005 1494 1219 1535 extollere.
1287 1493 1371 1550 Egi
1412 1497 1531 1536 tuam
1550 1508 1585 1534 20

184 1569 351 1595 causam
384 1554 581 1619 apertius,
615 1568 741 1607 quam
773 1568 865 1594 mea
896 1556 1089 1607 tempora
1120 1553 1323 1594 ferebant.
1380 1551 1532 1595 Vince-

184 1613 310 1653 batur
341 1614 453 1653 enim
485 1613 656 1653 fortuna
687 1612 778 1666 ipsa
811 1612 1054 1653 debilitatae
1085 1612 1247 1667 gratiae
1273 1614 1443 1653 nostrae
1467 1611 1533 1654 tui

185 1672 359 1712 caritate
400 1674 441 1712 et
481 1685 576 1712 meo
617 1674 822 1724 perpetuo
863 1685 964 1727 erga
1004 1673 1046 1711 te
1087 1684 1230 1711 amore
1271 1670 1385 1712 culto
1427 1685 1451 1712 a
1489 1673 1533 1712 te

185 1729 520 1786 diligentissime
584 1727 737 1770 Omnia
772 1730 982 1784 promissa
1030 1730 1296 1784 confirmata,
1334 1731 1448 1770 certa
1491 1731 1534 1771 et

184 1792 275 1830 rata
307 1791 417 1842 sunt,
450 1802 555 1843 quae
588 1787 640 1828 ad
672 1788 855 1829 reditum
887 1791 929 1829 et
960 1788 1013 1828 ad
1045 1788 1224 1829 salutem
1255 1791 1374 1829 tuam
1403 1788 1532 1843 perti-
1551 1801 1585 1826 25

184 1850 303 1890 nent:
340 1823 445 1902 vid'i,
479 1847 677 1903 cognovi,
716 1847 902 1888 interfui
965 1846 1138 1888 Etenim
1171 1847 1309 1888 omnis
1341 1845 1533 1888 Caesaris

185 1892 407 1947 familiaris
446 1906 548 1946 satis
587 1909 825 1960 opportune
862 1906 1000 1947 habeo
1039 1905 1280 1960 implicatos
1312 1907 1534 1947 consuetu-

185 1965 281 2006 dine
314 1968 355 2006 et
387 1964 683 2005 benevolentia
716 1965 791 2019 sic,
833 1967 898 2019 ut,
930 1979 1026 2005 cum
1058 1964 1111 2006 ab
1144 1965 1219 2005 illo
1253 1964 1532 2018 discesserint,

184 2039 250 2065 me
288 2023 472 2064 habeant
510 2024 764 2077 proximum.
826 2023 921 2065 Hoc
951 2023 1106 2078 Pansa,
1143 2022 1329 2077 Hirtius,
1360 2022 1533 2077 Balbus,

184 2081 363 2136 Oppius,
404 2082 579 2137 Matius,
620 2081 866 2123 Postumius
897 2082 1022 2137 plane
1060 2082 1121 2123 ita
1160 2081 1339 2135 faciunt,
1379 2084 1428 2122 ut
1463 2093 1586 2123 meae

186 2142 306 2181 unice
334 2142 525 2197 diligant.
589 2140 711 2190 Quod
737 2142 771 2182 si
797 2141 905 2182 mihi
935 2155 1013 2195 per
1038 2155 1105 2182 me
1131 2140 1406 2181 efficiundum
1432 2140 1534 2181 fuis-

186 2203 258 2252 set,
291 2214 376 2241 non
407 2215 475 2241 me
506 2200 743 2254 paeniteret
773 2214 851 2254 pro
883 2200 1048 2241 ratione
1078 2202 1321 2253 temporum
1353 2199 1413 2239 ita
1443 2212 1533 2240 esse

185 2258 402 2306 molitum:
453 2259 526 2299 sed
573 2258 683 2299 nihil
733 2262 796 2299 est
839 2273 863 2299 a
911 2273 978 2299 me
1029 2257 1279 2299 inservitum
1326 2257 1533 2312 temporis

186 2329 318 2356 causa.
372 2316 547 2358 Veteres
584 2317 690 2358 mihi
728 2317 1059 2358 necessitudines
1097 2330 1193 2357 cum
1229 2315 1296 2356 his
1335 2315 1534 2357 omnibus
