1659 2552
121 299 141 331 8

127 1646 146 1675 9

173 132 253 174 108
667 129 1005 166 EPISTULARUM

167 227 583 281 pulcherrimumque
628 226 692 267 ius
735 225 978 278 iurandum,
1022 223 1137 278 quod
1172 223 1354 278 populus
1398 223 1510 264 idem

168 301 323 351 magna
346 300 448 327 voce
473 301 539 327 me
566 300 662 326 vere
689 285 847 325 iurasse
874 282 1040 323 iuravit.
1103 281 1195 323 Hac
1226 285 1395 336 accepta
1420 285 1508 323 tam

169 345 326 400 insigni
367 345 523 385 iniuria
562 347 703 384 tamen
744 343 818 383 illo
851 342 942 395 ipso
976 341 1042 381 die
1073 341 1170 381 misi
1203 341 1255 381 ad
1291 340 1510 382 Metellum

170 404 404 444 communis
424 403 592 456 amicos,
625 402 697 456 qui
723 403 897 456 agerent
922 414 1017 441 cum
1044 413 1105 453 eo,
1136 401 1184 440 ut
1205 399 1254 440 de
1274 399 1347 440 illa
1370 402 1511 440 mente

171 461 400 503 desisteret
463 461 626 510 Quibus
663 459 733 500 ille
772 458 990 524 respondit
1029 433 1112 499 sibi
1152 472 1238 498 non
1278 472 1366 499 esse
1407 458 1511 499 inte·
1549 469 1565 494 5

169 535 312 576 grum3
349 520 505 561 etenim
543 519 669 573 paulo
707 521 804 559 ante
842 518 885 558 in
918 516 1115 558 contione
1147 516 1310 558 dixerat
1341 516 1398 571 ei,
1435 516 1512 582 qui

170 579 214 620 in
247 579 351 620 alios
383 579 571 619 animum
603 577 853 618 advertisset
883 575 1043 617 indicta
1074 589 1209 630 causa,
1241 575 1442 616 dicendi
1431 575 1512 630 ipsi

170 640 424 691 potestatem
463 637 555 677 fieri
594 650 680 677 non
719 637 924 690 oportere.
991 633 1221 675 Hominem
1261 648 1434 690 gravem
1472 636 1514 675 et

172 696 306 736 civem
338 696 575 751 egregium!
608 694 693 748 qui,
725 709 808 748 qua
837 707 975 748 poena
1005 696 1174 734 senatus
1206 707 1410 734 consensu
1441 692 1514 734 bo-

171 769 324 795 norum
357 755 546 795 omnium
579 767 649 794 eos
681 753 903 807 adfecerat,
937 752 1011 806 qui
1042 751 1192 792 urbem
1223 751 1445 793 incendere
1471 754 1513 792 et
1533 764 1567 788 10

171 814 446 868 magistratus
487 827 534 853 ac
575 814 767 853 senatum
807 811 1040 865 trucidare,
1080 810 1241 851 bellum
1280 810 1514 851 maximum

173 872 354 913 conflare
385 871 636 925 voluissent,
674 870 818 911 eadem
851 870 1028 925 dignum
1059 869 1265 910 iudicaret
1296 883 1409 923 eum,
1441 869 1515 923 qui

173 930 332 971 curiam
359 930 494 983 caede,
526 929 676 970 urbem
702 928 919 982 incendiis,
950 927 1119 969 Italiam
1144 927 1257 968 bello
1283 928 1514 969 liberasset.

170 987 319 1042 Itaque
351 1002 429 1044 ego
461 988 647 1042 Metello,
678 988 801 1028 fratri
832 989 920 1041 tuo,
950 986 1162 1042 praesenti
1193 987 1341 1028 restiti.
1402 985 1515 1027 Nam

172 1048 216 1088 in
248 1050 396 1088 senatu
428 1047 478 1087 K.
510 1046 717 1087 Ianuariis
755 1046 815 1087 810
853 1060 948 1087 011111
980 1060 1029 1087 eo
1063 1045 1112 1086 de
1143 1059 1188 1086 re
1219 1060 1258 1099 p.
1291 1045 1515 1100 disputavi,
1536 1056 1568 1082 1⁵

171 1109 220 1146 ut
250 1106 427 1147 sentiret
467 1105 548 1146 sibi
589 1120 685 1146 011111
716 1105 808 1146 viro
848 1105 951 1145 forti
989 1107 1031 1145 et
1068 1104 1279 1145 constanti
1316 1118 1405 1145 esse
1441 1118 1516 1158 pu-

172 1164 399 1220 gnandum.
470 1164 519 1205 A.
560 1164 595 1204 d.
634 1164 810 1204 tertium
849 1162 960 1204 Non.
997 1161 1084 1204 Ian.
1126 1176 1220 1203 cum
1262 1177 1385 1218 agere
1426 1176 1516 1203 coe-

172 1224 314 1277 pisset,
346 1223 475 1264 tertio
508 1237 676 1277 quoque
708 1222 838 1263 verbo
871 1222 1075 1263 orationis
1107 1235 1205 1262 suae
1235 1236 1302 1262 me
1335 1221 1516 1276 appella-

172 1282 257 1336 bat,
287 1281 395 1322 mihi
425 1281 686 1335 minabatur,
722 1295 859 1335 neque
890 1281 954 1321 illi
986 1280 1212 1334 quicquam
1245 1279 1516 1321 deliberatius

172 1341 255 1381 fuit
287 1355 413 1394 quam
444 1354 523 1394 me,
556 1354 818 1393 quacumque
856 1339 1019 1380 ratione
1050 1341 1210 1393 posset,
1240 1353 1326 1379 non
1358 1338 1515 1379 iudicio
1536 1350 1569 1375 20

172 1413 308 1452 neque
341 1398 657 1452 disceptatione,
689 1398 761 1438 sed
791 1397 833 1438 vi
865 1400 991 1451 atque
1023 1397 1285 1451 inpressione
1317 1399 1514 1438 ever-tere.

173 1457 312 1497 Huius
344 1471 423 1512 ego
455 1456 686 1498 temeritati
712 1456 746 1496 si
772 1456 930 1497 virtute
962 1458 1088 1509 atque
1120 1455 1261 1496 animo
1286 1469 1372 1496 non
1398 1455 1517 1496 resti-

173 1516 330 1569 tissem,
363 1515 457 1569 quis
483 1518 602 1569 esset,
635 1514 707 1568 qui
731 1529 799 1555 me
823 1515 867 1555 in
894 1515 1114 1555 consulatu
1138 1528 1224 1555 non
1251 1528 1348 1555 casu
1373 1514 1516 1568 potius

174 1574 436 1615 existimaret
467 1588 593 1628 quam
625 1573 801 1614 consilio
832 1573 987 1614 fortem
1018 1573 1175 1613 fuisse?

262 1632 378 1673 Haec
409 1632 444 1673 si
475 1635 522 1673 tu
547 1631 767 1673 Metellum
794 1631 981 1687 cogitare
1008 1631 1057 1672 de
1082 1646 1149 1672 me
1174 1631 1357 1685 nescisti,
1390 1630 1516 1672 debes
1536 1643 1570 1668 25

175 1691 417 1732 existimare
449 1693 490 1731 te
522 1691 718 1731 maximis
751 1690 800 1731 de
832 1690 957 1731 rebus
989 1705 1013 1731 a
1043 1691 1174 1731 fratre
1200 1704 1288 1731 esse
1315 1689 1516 1744 celatum3

174 1750 239 1790 sin
271 1752 412 1790 autem
450 1749 611 1803 aliquid
647 1749 882 1803 impertivit
912 1749 993 1790 tibi
1031 1749 1096 1789 sui
1135 1748 1318 1803 consilii,
1355 1748 1462 1789 lenis
1493 1763 1518 1789 a

173 1811 216 1849 te
248 1811 289 1849 et
321 1808 456 1849 facilis
494 1808 728 1849 existimari
760 1807 909 1862 debeo,
949 1808 1021 1862 qui
1057 1807 1166 1848 nihil
1197 1810 1336 1848 tecum
1369 1807 1418 1848 de
1449 1806 1516 1847 his

174 1867 276 1921 ipsis
298 1867 422 1908 rebus
443 1867 717 1921 expostulem.
762 1866 830 1920 Et,
863 1867 897 1907 si
923 1866 1136 1922 intellegis
1160 1880 1246 1907 non
1271 1880 1338 1907 me
1370 1865 1515 1906 ‘dicto’

174 1925 355 1979 Metelli,
393 1928 440 1966 ut
471 1925 638 1979 scribis,
678 1925 750 1966 sed
788 1925 964 1966 consilio
997 1925 1085 1966 eius
1117 1925 1342 1978 animoque
1373 1924 1417 1964 in
1448 1938 1516 1964 me
1535 1936 1570 1961 30

174 1985 467 2025 inimicissimo
505 1998 592 2025 esse
630 1986 907 2038 commotum,
949 1998 1153 2039 cognosce
1184 1996 1295 2024 nunc
1325 1982 1516 2023 humani—

174 2046 305 2084 tatem
349 2057 507 2098 meam,
553 2043 587 2084 si
630 2043 872 2084 humanitas
916 2041 1207 2097 appellandast
1250 2041 1293 2082 in
1337 2040 1515 2082 acerbis-

174 2102 280 2142 sima
323 2102 479 2142 iuiuria
521 2102 713 2143 remissio
763 2101 893 2142 animi
943 2115 991 2142 ac
1039 2100 1271 2142 dissolutio.
1344 2098 1516 2140 Nullast

175 2175 198 2200 a
228 2175 295 2201 me
327 2175 529 2214 umquam
567 2160 775 2201 sententia
813 2160 925 2200 dicta
955 2160 1001 2200 in
1032 2159 1207 2200 fratrem
1238 2161 1376 2212 tuum3
1415 2172 1516 2212 quo-

174 2219 464 2272 tienscumque
496 2219 658 2273 aliquid
688 2222 751 2260 est
782 2221 934 2272 actum,
965 2217 1112 2259 sedens
1143 2217 1196 2257 iis
1227 2216 1409 2270 adsensi,
1442 2216 1515 2270 qui
1535 2228 1569 2254 35

173 2277 279 2316 mihi
310 2277 522 2318 lenissime
561 2277 716 2318 sentire
753 2277 832 2318 visi
872 2279 980 2317 sunt.
1041 2275 1207 2316 Addam
1240 2274 1346 2315 illud
1377 2275 1516 2329 etiam,

175 2335 288 2388 quod
326 2336 409 2376 iam
442 2350 520 2391 ego
554 2350 698 2376 curare
729 2349 814 2376 non
848 2334 991 2388 debui,
1032 2333 1104 2375 sed
1135 2336 1275 2374 tamen
1307 2333 1400 2374 fieri
1431 2347 1515 2374 non
