1659 2552
92 629 111 659 10

140 112 222 152 166
636 110 975 145 EPISTULARUM

136 208 218 249 hoc
260 210 451 261 tempore
495 206 688 247 monebo.
761 205 883 246 Nihil
927 207 1031 259 puto
1075 204 1155 245 tibi
1200 219 1289 246 esse
1333 205 1482 246 utilius

138 281 265 320 quam
303 266 460 307 ibidem
500 265 705 319 opperiri,
747 264 885 318 quoad
923 263 1029 304 scire
1066 263 1222 317 possis,
1261 263 1363 318 quid
1399 264 1480 305 tibi

138 325 347 381 agendum
380 325 445 365 sit.
506 323 618 364 Nam
649 326 816 377 praeter
841 322 1125 377 navigationis
1150 322 1302 378 longae
1328 325 1369 364 et
1394 322 1480 363 hie-

137 384 260 425 malis
292 387 333 424 et
364 384 538 424 minime
570 386 795 436 portuosae
833 381 1086 435 periculum,
1124 381 1239 435 quod
1269 381 1480 435 vitaveris,

138 458 189 484 ne
222 442 328 483 illud
360 442 529 496 quidem
567 456 651 481 non
684 440 914 494 quantivis,
953 440 1113 494 subito,
1146 454 1241 480 cum
1273 440 1375 481 certi
1408 439 1481 480 ali·
1518 451 1534 477 5

139 501 241 555 quid
267 501 460 554 audieris,
492 503 532 540 te
559 500 674 540 istim
700 514 821 553 posse
847 499 1068 553 proficisci.
1129 497 1252 539 Nihil
1278 502 1340 540 est
1365 513 1481 553 prae-

139 563 264 614 terea,
292 574 365 600 cur
391 559 640 600 adventibus
666 561 707 598 te
735 558 884 598 offerre
904 558 1071 613 gestias.
1104 556 1240 598 Multa
1266 561 1482 612 praeterea

139 621 299 670 metuo,
341 633 446 672 quae
487 632 582 658 cum
621 616 767 657 Cilone
805 619 952 657 nostro
990 616 1308 657 communicavi.
1372 616 1483 665 Quid

139 677 302 718 multa?
339 677 432 717 loco
472 676 774 730 opportuniore
807 676 850 715 in
888 675 955 716 his
986 675 1108 716 malis
1140 675 1257 716 nullo
1290 689 1378 716 esse
1409 689 1482 729 po-

139 736 276 789 tuisti,
315 750 365 776 ex
404 750 486 789 quo
525 738 583 788 te,
628 748 894 788 quocumque
933 748 1038 788 opus
1070 734 1169 788 erit,
1207 734 1407 775 facillime
1440 736 1481 775 et
1502 745 1534 770 ιο

140 794 452 848 expeditissime
503 793 703 834 conferas.
784 792 942 842 Quodsi
994 792 1168 847 recipiet
1218 793 1288 834 ille
1341 807 1384 834 se
1428 792 1481 833 ad

139 856 317 907 tempus,
355 852 508 907 aderis3
546 852 610 893 sin
649 850 870 907 (quoniam
901 851 1036 892 multa
1067 851 1253 892 accidere
1284 849 1481 907 possunt)

141 912 281 965 aliqua
313 926 378 952 res
410 926 505 952 eum
537 911 604 952 vel
635 911 822 965 inpediet
854 911 921 952 vel
946 910 1195 964 morabitur,
1227 913 1274 951 tu
1300 910 1361 951 ibi
1388 910 1481 964 eris,

140 971 210 1011 ubi
247 970 387 1011 onmia
425 970 529 1010 scire
567 969 714 1023 possis.
775 969 870 1010 Hoc
900 969 1007 1010 mihi
1038 983 1211 1023 prorsus
1242 969 1363 1010 valde
1394 969 1481 1023 pla-

94 1039 112 1067 3
140 1031 214 1070 cet.
259 1029 322 1069 De
354 1029 529 1082 reliquo,
561 1031 609 1069 ut
640 1031 681 1069 te
714 1043 835 1082 saepe
866 1043 942 1082 per
966 1028 1130 1069 litteras
1154 1028 1350 1069 hortatus
1375 1042 1480 1081 sum,
1503 1038 1534 1063 15

140 1089 197 1128 ita
230 1088 356 1129 velim
381 1088 461 1128 tibi
487 1087 749 1141 persuadeas,
780 1090 822 1128 te
848 1087 892 1127 in
923 1087 1002 1128 hac
1033 1101 1157 1128 causa
1187 1087 1295 1127 nihil
1324 1086 1481 1128 habere

139 1146 254 1200 quod
285 1147 363 1187 tibi
396 1146 632 1186 timendum
665 1146 719 1186 sit
750 1149 917 1200 praeter
949 1160 1215 1187 communem
1247 1160 1389 1186 casum
1427 1146 1482 1186 ci-

139 1205 293 1246 vitatis.
328 1205 407 1254 Qui
441 1205 518 1245 etsi
553 1207 615 1245 est
646 1205 933 1260 gravissimus,
965 1207 1106 1246 tamen
1138 1205 1198 1245 ita
1230 1204 1414 1245 viximus
1439 1207 1481 1245 et

139 1264 183 1304 id
208 1264 357 1304 aetatis
382 1264 466 1304 iam
499 1277 654 1315 sumUS,
686 1266 733 1304 ut
760 1263 912 1317 omnia,
945 1278 1050 1317 quae
1076 1278 1161 1305 non
1187 1266 1333 1304 nostra
1358 1263 1481 1317 culpa

138 1323 262 1363 nobis
295 1322 496 1375 accidant,
527 1322 697 1362 fortiter
722 1322 831 1363 ferre
858 1321 1094 1363 debeamus.
1138 1321 1221 1363 Hic
1245 1322 1308 1362 tui
1335 1336 1480 1363 omnes
1501 1333 1534 1358 20

138 1381 279 1422 valent
316 1394 562 1434 summaque
599 1380 756 1433 pietate
793 1383 834 1421 te
874 1380 1112 1421 desiderant
1143 1383 1185 1422 et
1223 1380 1407 1436 diligunt
1438 1382 1480 1421 et

139 1439 294 1480 colunt.
350 1438 414 1479 Tu
441 1453 540 1480 cura
571 1441 618 1479 ut
644 1438 783 1480 valeas
815 1441 856 1479 et
887 1441 929 1479 te
962 1439 1077 1480 istim
1109 1454 1161 1480 ne
1187 1442 1343 1480 temere
1370 1453 1480 1480 com-

137 1512 318 1539 moveas.
870 1511 875 1518 ¹

754 1600 867 1643 XXI.

419 1682 494 1718 Ser.
522 1683 658 1717 Romae
683 1683 733 1717 in.
759 1694 804 1716 m.
831 1683 913 1716 Ian.
947 1694 980 1717 α.
1010 1684 1082 1716 709
1109 1684 1196 1726 (45).
1499 1694 1533 1720 25

596 1763 764 1798 CICERO
791 1763 1017 1799 TORANIO.

227 1848 331 1901 Etsi,
364 1863 458 1889 cum
483 1848 587 1889 haec
613 1848 664 1889 ad
690 1851 730 1889 te
757 1848 1004 1902 scribebam,
1037 1851 1109 1889 aut
1141 1847 1479 1903 adpropinquare

138 1908 276 1948 exitus
312 1907 439 1948 huius
478 1907 832 1947 calamitosissimi
870 1907 971 1947 belli
1004 1910 1077 1948 aut
1108 1908 1192 1948 iam
1224 1906 1385 1961 aliquid
1415 1920 1478 1947 ac-

137 1970 228 2006 tum
261 1969 302 2007 et
334 1966 572 2006 confectum
604 1965 838 2019 videbatur,
869 1968 1010 2007 tamen
1042 1966 1196 2007 cotidie
1229 1979 1478 2006 commemo-

138 2025 282 2065 rabam
320 2027 361 2065 te
399 2039 529 2065 unum
568 2025 612 2065 in
649 2027 769 2065 tanto
807 2025 994 2065 exercitu
1032 2024 1138 2065 mihj
1175 2024 1303 2065 fuisse
1335 2023 1478 2064 adsen-
1497 2034 1531 2059 30

136 2098 273 2123 sorem
306 2086 347 2124 et
378 2098 444 2124 me
476 2083 568 2136 tibi,
601 2083 796 2137 solosque
827 2097 904 2124 nos
935 2083 1101 2138 vidisse,
1134 2085 1338 2137 quantum
1370 2084 1478 2123 esset

139 2142 179 2181 in
206 2156 254 2182 eo
281 2141 393 2182 bello
419 2142 531 2195 mali,
564 2142 608 2182 in
634 2156 717 2195 quo
744 2156 816 2196 spe
842 2142 956 2196 pacis
981 2141 1150 2182 exclusa
1181 2142 1271 2195 ipsa
1301 2140 1480 2181 victoria

137 2200 279 2240 futura
317 2203 425 2241 esset
464 2200 750 2254 acerbissima,
793 2215 899 2254 quae
937 2203 1010 2241 aut
1046 2200 1267 2241 interitum
1299 2199 1480 2240 allatura

138 2261 256 2311 esset,
283 2258 316 2298 si
343 2259 479 2299 victus
506 2273 627 2312 esses,
654 2261 738 2311 aut,
765 2259 798 2299 si
825 2259 1008 2313 vicisses,
1034 2259 1291 2300 servitutem.
1329 2256 1478 2312 Itaque

137 2330 227 2371 ego,
260 2331 384 2369 quem
410 2320 501 2357 tum
527 2318 658 2358 fortes
689 2317 753 2358 illi
785 2317 865 2358 viri
898 2320 939 2358 et
971 2317 1191 2371 sapientes,
1223 2315 1403 2357 Domitii
1436 2318 1477 2357 et
1497 2326 1531 2351 ³5
