1659 2552
568 89 710 123 LIBER
735 89 820 124 ΧΙΙΙ
847 94 995 125 62—64.
1379 92 1467 132 413

118 184 548 238 liberalissimumque
590 199 828 241 cognosces.
884 184 1033 240 Itaque
1065 189 1106 227 te
1139 201 1261 242 rogo,
1293 190 1340 228 ut
1372 202 1468 228 eum

120 243 325 298 solutum,
364 243 548 284 liberum
590 244 793 285 confectis
825 244 914 285 eius
945 245 1130 300 negotiis
1161 260 1237 299 per
1267 248 1309 286 te
1342 261 1467 300 quam

118 302 304 356 primum
337 302 390 342 ad
420 316 486 342 me
520 303 724 343 remittas
787 302 836 343 Id
873 303 980 344 mihi
1011 304 1217 358 fratrique
1249 319 1343 345 meo
1375 320 1468 361 gra-

119 361 332 402 tissimum
365 361 525 401 feceris.

85 479 100 503 5
720 466 871 508 LXIV.

522 546 596 581 Ser.
620 548 735 591 paulo
756 551 839 591 post
864 558 916 592 ep.
945 547 1075 581 LXII.

398 627 445 662 M.
475 627 643 663 CICERO
672 628 705 663 S.
733 628 775 663 D.
802 628 841 663 P.
870 628 990 663 SILIO
1020 628 1187 664 PROPR.

208 710 325 753 Nero
366 726 484 752 meus
527 712 727 753 mirificas
771 712 883 766 apud
925 727 992 753 me
1036 713 1117 754 tibi
1160 714 1319 769 gratias
1366 715 1465 770 egit,

121 785 293 825 prorsus
334 770 614 825 incredibilis,
656 773 703 811 ut
742 771 908 812 nullum
947 771 1154 812 honorem
1194 773 1276 813 sibi
1318 773 1466 814 haberi

69 844 102 868 10
121 829 310 884 potuisse
338 829 505 883 diceret,
538 830 610 883 qui
637 845 660 870 a
684 832 727 871 te
752 830 1075 884 praetermissus
1100 833 1219 871 esset.
1260 831 1466 888 Magnum

121 890 307 929 fructum
341 902 391 928 ex
422 888 514 942 ipso
547 889 705 944 capies3
735 889 845 929 nihil
871 891 934 930 est
960 889 1073 929 enim
1098 889 1173 930 illo
1200 890 1465 932 adulescente

122 947 302 1002 gratius3
344 947 417 987 sed
456 946 694 988 mehercule
730 947 837 987 mihi
875 962 1043 1001 quoque
1080 948 1371 1003 gratissimum
1408 950 1467 990 fe—

123 1006 234 1059 cisti3
274 1005 409 1059 pluris
446 1005 558 1046 enim
597 1020 647 1046 ex
685 1006 801 1046 omni
837 1006 1062 1047 nobilitate
1100 1008 1313 1048 neminem
1344 1008 1465 1049 facio.

121 1063 288 1118 Itaque,
327 1064 361 1103 si
393 1078 440 1104 ea
471 1064 636 1118 feceris,
676 1079 781 1118 quae
813 1064 885 1105 1116
916 1079 993 1119 per
1022 1079 1090 1106 me
1122 1068 1262 1106 tecum
1295 1067 1364 1121 agi
1396 1081 1466 1108 vo-

70 1134 102 1160 15
121 1123 219 1176 luit,
260 1122 551 1178 gratissimum
589 1122 696 1163 mihi
734 1123 902 1177 feceris,
943 1123 1129 1178 primum
1168 1124 1216 1165 de
1257 1124 1463 1165 Pausania

122 1181 409 1222 Alabandensi
441 1183 649 1222 sustentes
680 1196 790 1236 rem,
829 1182 928 1222 dum
959 1181 1002 1223 N
1005 1196 1075 1223 ero
1107 1183 1249 1223 veniat
1281 1181 1467 1239 (vemen-

121 1242 187 1280 ter
218 1239 308 1280 eius
339 1253 462 1280 causa
494 1253 644 1293 cupere
677 1254 773 1281 eum
805 1240 1015 1295 intellexi3
1056 1241 1199 1295 itaque
1230 1242 1313 1282 hoc
1343 1242 1465 1283 valde

121 1301 164 1339 te
195 1296 341 1354 rogo);
374 1298 522 1338 deinde
553 1297 762 1353 Nysaeos,
795 1313 900 1353 quos
930 1298 1047 1340 Nero
1079 1300 1124 1340 in
1155 1300 1305 1353 primis
1335 1300 1466 1342 habet

121 1357 378 1398 necessarios
422 1356 829 1412 diligentissimeque
871 1360 1015 1398 tuetur
1056 1372 1103 1399 ac
1144 1359 1352 1413 defendit,
1395 1359 1467 1400 ha-

70 1428 103 1452 20
122 1416 221 1457 beas
258 1415 340 1456 tibi
377 1415 830 1469 commendatissimos,
871 1419 918 1457 ut
955 1417 1175 1472 intellegat
1212 1418 1287 1458 illa
1318 1418 1467 1459 civitas

123 1474 204 1514 sibi
242 1474 286 1514 in
322 1473 508 1515 Neronis
544 1475 780 1527 patrocinio
820 1489 1032 1515 summum
1070 1490 1158 1516 6336
1194 1476 1466 1530 praesidium.

123 1531 376 1573 Strabonem
408 1531 635 1573 Servilium
666 1533 747 1573 tibi
779 1548 901 1588 saepe
934 1534 1242 1589 commendavi3
1273 1549 1386 1576 nunc
1417 1549 1466 1576 eo

123 1591 231 1631 facio
269 1591 312 1631 id
350 1591 599 1644 impensius,
638 1592 752 1645 quod
789 1592 879 1632 61113
917 1606 1085 1633 causam
1115 1592 1231 1634 Nero
1270 1594 1466 1647 suscepit.

124 1648 308 1689 Tantum
340 1664 363 1689 a
393 1652 435 1689 te
466 1649 662 1703 petimus,
694 1653 741 1690 ut
773 1665 872 1705 agas
905 1665 996 1691 eam
1028 1665 1136 1705 rem,
1168 1666 1220 1692 ne
1253 1652 1468 1705 relinquas

70 1718 103 1743 25
122 1707 340 1748 hominem
378 1707 646 1747 innocentem
684 1708 737 1747 ad
773 1709 950 1748 alicuius
991 1709 1055 1749 tui
1094 1709 1312 1750 dissimilis
1345 1725 1470 1769 quae-

125 1768 248 1806 stum.
302 1764 351 1805 Id
377 1779 472 1805 cum
497 1768 666 1821 gratum
691 1765 797 1806 mihi
824 1766 915 1820 erit,
941 1769 1033 1806 tum
1060 1767 1187 1807 etiam
1214 1768 1466 1808 existimabo

123 1826 165 1865 te
197 1824 462 1864 humanitate
494 1825 568 1864 tua
599 1837 687 1863 esse
719 1838 852 1864 usum.

212 1882 386 1923 Summa
421 1882 547 1922 huius
585 1882 789 1935 epistulae
829 1882 933 1922 haec
970 1885 1052 1936 est,
1093 1886 1141 1923 ut
1179 1898 1301 1923 ornes
1334 1884 1467 1924 omni-
1493 1903 1501 1910 ·

122 1941 202 1981 bus
249 1941 373 1981 rebus
418 1939 653 1993 Neronem,
704 1940 828 1981 sicuti
874 1941 1098 1981 instituisti
1146 1944 1272 1995 atque
1316 1942 1464 1983 fecisti.

71 2011 104 2036 30
123 1999 327 2055 Magnum
364 1999 579 2039 theatrum
615 1997 743 2039 habet
774 1999 855 2039 ista
891 1999 1127 2053 provincia,
1168 2014 1254 2040 non
1285 2002 1333 2040 ut
1363 2000 1467 2041 haec

122 2060 284 2112 nostra,
322 2059 378 2098 ad
414 2057 691 2097 adulescentis
728 2057 902 2111 nobilis,
943 2058 1172 2113 ingeniosi,
1214 2059 1466 2112 apstinentis

124 2116 531 2157 commendationem
563 2117 687 2168 atque
719 2115 910 2170 gloriam.
973 2115 1127 2170 Quare,
1159 2116 1195 2157 si
1225 2120 1267 2157 te
1300 2117 1465 2158 fautore

123 2188 223 2214 usus
261 2175 357 2229 erit,
402 2174 526 2214 sicuti
563 2174 753 2227 profecto
792 2176 833 2214 et
870 2176 1013 2214 utetur
1051 2177 1091 2215 et
1130 2189 1228 2215 usus
1268 2178 1348 2229 est,
1381 2190 1464 2217 am—

122 2232 333 2286 plissimas
377 2232 591 2273 clientelas
639 2234 828 2286 acceptas
872 2247 896 2272 a
938 2232 1170 2273 maioribus
1214 2234 1464 2276 confirmare

70 2301 103 2327 35
122 2291 280 2344 poterit
317 2293 358 2332 et
393 2290 609 2332 beneficiis
646 2290 732 2331 suis
770 2290 970 2346 obligare.
1032 2290 1125 2331 Hoc
1162 2291 1207 2332 in
1243 2306 1395 2347 genere
1427 2293 1463 2334 si
