1659 2552
92 629 111 659 [θ

140 112 223 152 164
641 109 981 144 EPISTULARUM

137 206 373 261 Rescripsit
405 220 487 260 eos,
521 206 593 260 qui
626 206 811 246 facerent
842 205 1128 259 praeconium,
1161 204 1294 246 vetari
1326 219 1414 246 esse
1439 205 1484 246 in

139 265 457 319 decurionibus3
499 265 571 318 qui
610 265 823 317 fecissent,
862 278 947 303 non
985 264 1132 304 vetari.
1195 262 1332 312 Quare
1370 264 1483 305 bono

138 325 280 365 animo
313 325 397 365 sint
430 326 471 364 et
509 323 571 363 tui
604 326 644 363 et
677 323 759 363 mei
792 322 1040 373 familiaresg
1081 336 1217 376 neque
1250 322 1363 363 enim
1394 326 1483 364 erat

138 383 375 435 ferendum,
414 397 526 435 cum,
572 382 644 435 qui
681 381 807 422 hodie
845 381 1160 435 haruspicinam
1198 381 1401 435 facerent,
1439 382 1483 422 in

138 445 330 483 senatum
368 441 528 481 Romae
566 440 826 495 legerentur,
864 454 952 493 eos,
991 439 1063 493 qui
1102 439 1329 494 aliquando
1366 455 1483 494 prae·
1521 451 1538 477 5

138 501 308 541 conium
349 500 565 553 fecissent,
611 499 653 539 in
694 498 937 552 municipiis
982 498 1228 540 decuriones
1269 513 1358 540 esse
1398 513 1483 540 non

137 560 276 600 licere.

228 617 291 658 De
328 616 548 670 Hispaniis
584 616 684 656 novi
721 615 840 656 nihil.
902 615 1109 672 Magnum
1145 618 1288 657 tamen
1329 615 1484 657 exerci-

138 680 230 717 tum
268 676 518 729 Pompeium
554 675 711 715 habere
749 677 932 730 constat3
975 690 1074 716 nam
1113 673 1265 716 Caesar
1304 675 1393 729 ipse
1431 674 1484 715 ad

139 750 236 776 suos
267 735 383 775 misit
415 734 654 787 exemplum
685 733 876 774 Paciaeci
906 734 1164 787 litterarum,
1201 734 1246 774 in
1278 747 1362 787 quo
1394 736 1484 774 erat
1504 746 1536 771 ιο

139 795 232 835 illas
253 806 300 834 XI
333 808 419 834 esse
452 793 650 848 legiones.
703 791 937 847 Scripserat
969 793 1098 834 etiam
1123 792 1320 833 Messalla
1345 791 1391 841 Q.
1413 791 1484 833 Sa-

139 854 250 893 lasso
286 851 330 893 P.
365 851 577 906 Curtium,
615 852 791 892 fratrem
823 851 930 905 eius,
967 851 1084 893 iussu
1115 851 1292 906 Pompei
1324 851 1484 906 inspec-

139 914 255 952 tante
287 911 473 951 exercitu
505 910 795 964 interfectum,
827 910 941 964 quod
972 911 1251 951 consensisset
1283 924 1378 951 cum
1409 909 1485 950 Hi-

139 970 280 1025 spanis
306 969 571 1024 quibusdam,
604 969 639 1009 si
659 969 704 1009 in
724 969 928 1023 oppidum
954 970 1096 1010 nescio
1123 969 1237 1023 quod
1254 968 1484 1023 Pompeius

140 1029 199 1070 rei
226 1028 525 1069 frumentariae
552 1042 675 1069 causa
700 1028 896 1081 venisset,
929 1042 1025 1069 eum
1052 1027 1405 1082 comprehendere
1431 1027 1484 1068 ad
1504 1039 1536 1064 15

141 1088 445 1141 Caesaremque
478 1087 692 1128 deducere.

226 1145 290 1186 De
321 1148 395 1186 tuo
427 1146 620 1201 negotio,
654 1145 768 1199 quod
799 1159 978 1199 sponsor
1010 1160 1053 1186 es
1083 1160 1161 1199 pro
1192 1145 1415 1199 Pompeio,
1447 1145 1482 1186 si

141 1204 286 1258 Galba,
318 1218 578 1258 consponsor
607 1207 718 1258 tuus,
749 1204 938 1258 redierit,
970 1204 1099 1245 homo
1131 1204 1175 1245 in
1206 1219 1251 1245 re
1282 1204 1483 1245 familiari

139 1278 224 1304 non
255 1278 405 1317 parum
438 1263 639 1318 diligens,
680 1277 766 1303 non
798 1263 986 1303 desinam
1018 1277 1113 1304 cum
1145 1263 1220 1304 1110
1253 1263 1484 1304 0011111111111-

139 1337 243 1375 care,
275 1322 310 1362 si
343 1321 445 1375 quid
477 1321 665 1375 expediri
695 1321 847 1376 possit3
881 1321 994 1375 quod
1024 1321 1249 1362 videbatur
1278 1321 1385 1362 mihi
1411 1321 1483 1362 ille
1502 1333 1536 1358 20

139 1381 358 1422 confidere.

227 1438 480 1479 ‘Oratorem’
518 1453 659 1478 meum
698 1441 817 1478 tanto
858 1452 982 1492 opere
1015 1452 1037 1478 a
1068 1441 1110 1478 te
1150 1437 1323 1492 probari
1360 1438 1482 1479 vehe—

139 1501 302 1538 menter
333 1497 507 1552 gaudeo.
557 1496 664 1537 Mihi
698 1497 873 1550 quidem*
900 1497 959 1537 sic
990 1496 1233 1550 persuadeo,
1264 1511 1342 1550 me,
1369 1497 1482 1551 quic-

140 1556 242 1610 quid
266 1555 489 1596 habuerim
520 1555 664 1596 iudicii
692 1555 741 1596 de
768 1555 955 1609 dicendo,
987 1556 1031 1596 in
1057 1555 1178 1596 illum
1203 1555 1362 1596 librum
1388 1570 1482 1597 con-

139 1615 297 1655 tulisse.
361 1613 442 1663 Qui
484 1614 518 1654 si
559 1617 621 1654 est
661 1613 778 1668 talis,
821 1614 987 1668 qualem
1027 1613 1108 1654 tibi
1145 1614 1279 1655 videri
1320 1614 1482 1669 scribis,
1502 1624 1536 1650 25

140 1688 218 1729 ego
252 1687 418 1727 quoque
451 1672 612 1726 aliquid
644 1687 754 1727 sum,
793 1673 857 1713 sin
889 1673 1028 1726 aliter,
1060 1687 1146 1713 non
1177 1687 1336 1727 recuSO,
1368 1674 1482 1728 quin,

140 1735 346 1786 quantum
379 1732 428 1772 de
459 1731 534 1771 illo
566 1731 689 1785 libro,
721 1732 970 1772 tantundem
1003 1731 1052 1771 de
1078 1731 1161 1772 mei
1193 1731 1339 1772 iudicii
1371 1732 1483 1773 fama

140 1790 395 1831 detrahatur.
456 1789 633 1844 Leptam
665 1792 857 1831 nostrum
890 1790 1013 1844 cupio
1047 1790 1244 1831 delectari
1275 1791 1360 1831 iam
1390 1791 1484 1831 tali-

139 1850 218 1890 bus
250 1849 428 1903 sciiptis.
462 1848 554 1889 Etsi
588 1849 706 1889 abest·
730 1849 952 1889 maturitas
978 1850 1140 1903 aetatis,
1170 1852 1312 1890 tamen
1343 1863 1482 1904 per-so

139 1922 238 1948 nare
271 1908 384 1948 auiis
415 1907 504 1948 eius
535 1907 661 1948 huius
686 1908 802 1948 modi
833 1908 1009 1948 vocibus
1039 1922 1126 1949 non
1157 1911 1219 1949 est
1250 1908 1412 1948 inutile.
1500 1918 1534 1943 30

227 1966 296 2007 Me
322 1966 482 2007 Romae
508 1966 645 2007 tenuit
672 1967 844 2007 omnino
865 1966 1028 2007 Tulliae
1053 1981 1169 2007 meae
1194 1969 1351 2021 partus.
1387 1965 1481 2020 Sed,

139 2040 233 2065 cum
267 2040 324 2079 ea,
357 2039 481 2078 quem
509 2025 560 2065 ad
585 2025 758 2065 modum
791 2040 925 2079 spero,
957 2025 1059 2066 satis
1090 2026 1213 2066 firma
1237 2025 1303 2078 sit,
1335 2026 1482 2065 teneor

140 2087 297 2137 tamen,
340 2083 439 2124 dum
471 2098 495 2124 a
525 2083 772 2125 Dolabellae
808 2084 1156 2138 procuratoribus
1195 2084 1361 2139 exigam
1397 2083 1481 2137 pri-

139 2157 250 2182 mam
282 2143 545 2197 pensionem3
584 2146 625 2183 et
662 2142 900 2184 mehercule
938 2157 1023 2183 non
1053 2145 1141 2183 tam
1173 2156 1266 2183 sum
1296 2141 1482 2198 peregri-

139 2204 262 2240 nator
293 2201 388 2255 iam,
424 2215 550 2254 quam
582 2201 780 2242 solebam.
812 2201 1019 2242 Aedificia
1049 2215 1143 2241 mea
1173 2215 1239 2241 me
1273 2200 1482 2242 delectant
1501 2209 1534 2235 35

140 2261 180 2297 et
212 2259 366 2313 otium3
400 2259 549 2300 domus
581 2262 660 2314 est,
693 2275 798 2314 quae
830 2260 937 2300 nulli
969 2273 1158 2301 mearum
1189 2258 1387 2300 villarum
1419 2273 1482 2300 ce-

140 2316 222 2366 dat,
255 2317 388 2358 otium
416 2319 530 2358 0111111
558 2318 842 2360 desertissima
868 2318 1040 2374 regione
1066 2318 1211 2359 maius.
1256 2316 1404 2372 Itaque
1429 2332 1482 2359 ne
