1659 2552
373 540 784 594 EPISTULA
817 540 879 605 Q.
914 539 1349 596 CICERONJS

583 646 674 693 DE
723 647 1134 695 PETITIONE

623 750 703 791 AD
735 750 790 791 M.
821 750 1109 793 FRATREM.

503 947 710 990 QUINTUS
735 947 901 983 MARCO
927 948 1104 983 FRATRI
1129 948 1161 983 S.
1187 948 1230 984 D.

148 1008 166 1047 1

153 1068 167 1097 1
285 1031 380 1073 Etsi
410 1032 490 1073 tibi
524 1032 665 1073 omnia
696 1035 926 1087 suppetunt
958 1048 1016 1087 ea,
1049 1047 1153 1087 quae
1185 1033 1384 1088 consequi
1416 1033 1529 1090 inge·
1563 1046 1580 1072 5

196 1091 268 1132 nio
295 1093 368 1131 aut
392 1105 470 1132 usu
495 1091 687 1132 homines
721 1091 812 1146 [aut
843 1091 1143 1147 intelligentia]
1176 1095 1363 1147 possunt,
1389 1094 1529 1133 tamen

197 1164 338 1190 amore
375 1152 520 1191 nostro
558 1164 644 1191 non
682 1165 774 1191 sum
809 1150 992 1191 alienum
1024 1150 1252 1191 arbitratus
1285 1151 1336 1191 ad
1367 1154 1408 1191 te
1438 1165 1529 1205 per-

197 1208 378 1249 scribere
411 1223 474 1263 ea,
515 1223 621 1262 quae
657 1209 763 1249 mihi
794 1209 1020 1250 veniebant
1055 1209 1100 1250 in
1136 1211 1321 1250 mentem
1358 1209 1446 1250 dies
1482 1223 1529 1250 ac

196 1270 339 1308 noctes
378 1267 427 1308 de
464 1267 668 1321 petitione
706 1270 779 1308 tua
816 1268 1038 1323 cogitanti,
1065 1281 1159 1320 ,non
1197 1270 1244 1308 ut
1281 1267 1442 1322 aliquid
1479 1282 1530 1309 ex

195 1326 262 1366 his
286 1326 387 1367 novi
412 1326 662 1380 addisceres,
694 1326 766 1366 sed
797 1329 843 1366 ut
876 1341 933 1380 ea,
966 1341 1070 1379 quae
1102 1326 1145 1366 in
1177 1340 1221 1366 re
1254 1326 1440 1379 dispersa
1470 1328 1529 1366 atr
1547 1339 1581 1364 10

197 1398 277 1437 que
317 1384 484 1424 infinita
519 1384 763 1425 viderentur
802 1398 909 1438 esse,
950 1384 1112 1424 ratione
1149 1386 1191 1424 et
1229 1383 1528 1424 distributione

197 1442 274 1483 sub
306 1457 390 1483 uno
422 1445 591 1496 aspectu
622 1445 888 1496 ponerentur.

286 1500 444 1542 Civitas
471 1515 575 1554 quae
602 1501 674 1555 sit,
707 1501 862 1556 cogita,
895 1501 997 1554 quid
1027 1503 1161 1554 petas,
1194 1499 1267 1553 qui
1299 1500 1366 1540 sis.
1427 1498 1529 1541 Pro-

197 1559 292 1600 inde
331 1559 484 1599 cotidie
521 1559 601 1599 tibi
637 1559 718 1599 hoc
755 1559 806 1599 ad
843 1560 983 1600 forum
1022 1558 1289 1599 descendenti
1325 1558 1529 1599 meditan-

197 1618 356 1658 dumst:
389 1617 556 1659 <Novus
589 1632 692 1672 sum,
725 1618 988 1658 consulatum
1019 1620 1129 1671 peto,
1161 1616 1296 1657 Roma
1327 1617 1421 1658 est'.
1548 1629 1581 1654 15

282 1675 481 1717 Nominis
519 1676 752 1717 novitatem
794 1676 957 1717 dicendi
996 1676 1134 1732 gloria
1172 1675 1354 1716 maxime
1394 1674 1530 1716 suble—

197 1735 325 1775 vabis.
371 1734 545 1800 Semper
565 1749 612 1776 ea
637 1749 702 1775 res
727 1735 957 1789 plurimum
983 1734 1202 1790 dignitatis
1227 1733 1387 1774 habuit
1430 1732 1529 1775 Non

194 1796 351 1848 potest,
390 1794 462 1848 qui
500 1793 651 1849 dignus
687 1793 869 1834 habetur
904 1795 1107 1847 patronus
1139 1792 1438 1846 consularium,
1469 1791 1530 1833 in-

197 1852 349 1908 dignus
387 1852 606 1893 consulatu
643 1852 794 1906 putari.
857 1851 990 1900 Quam
1023 1851 1076 1892 ob
1109 1866 1214 1905 rem,
1246 1851 1445 1905 quoniam
1475 1850 1528 1890 ab

195 1911 273 1951 hac
304 1911 426 1951 laude
456 1910 735 1965 piwoficisceiis
767 1912 826 1964 et,
864 1910 1064 1964 quicquid
1095 1924 1153 1963 es,
1187 1924 1237 1950 ex
1268 1909 1349 1950 hoc
1379 1923 1438 1963 es,
1469 1908 1530 1949 ita
1548 1920 1581 1946 20

195 1972 365 2023 paratus
403 1969 455 2009 ad
493 1969 713 2009 dicendum
751 1968 912 2023 venito,
950 1968 1069 2022 quasi
1106 1968 1149 2008 in
1187 1968 1365 2023 singulis
1396 1967 1529 2008 causis

149 2039 168 2069 3
197 2028 399 2068 iudicium
432 2027 481 2068 de
508 2027 622 2068 omni
648 2027 820 2082 ingenio
851 2028 1042 2068 futurum
1068 2024 1132 2067 sit'.
1182 2025 1286 2067 Eius
1317 2024 1528 2066 facultatis

197 2087 454 2139 adiumenta,
493 2100 598 2139 quae
635 2085 715 2126 tibi
754 2085 839 2126 scio
871 2100 958 2126 esse
991 2085 1189 2139 seposita,
1229 2086 1276 2125 ut
1306 2085 1452 2138 parata
1483 2096 1530 2123 ac

196 2147 393 2199 prompta
424 2144 520 2198 sint,
553 2158 651 2184 cura
676 2146 717 2184 et
750 2158 882 2198 saepe,
915 2158 1019 2198 quae
1051 2145 1098 2185 de
1122 2141 1419 2184 Demosthenis
1445 2144 1529 2181 stu-

127 2210 160 2251 (3
199 2204 267 2244 dio
288 2206 329 2244 et
349 2203 648 2244 exercitatione
670 2202 836 2256 scripsit
854 2202 1107 2256 Demetrius,
1127 2201 1355 2254 recordare,
1381 2199 1529 2240 deinde
1547 2209 1581 2235 25
1628 2172 1637 2267 Ι

197 2265 243 2302 ut
270 2262 501 2302 amicorum
528 2264 569 2302 et
600 2261 829 2302 multitudo
857 2264 897 2302 et
922 2275 1075 2316 genera
1107 2261 1344 2314 appareant.
1387 2257 1549 2299 Habes·
1632 2288 1637 2300 .

1631 2412 1636 2436 1

1628 2455 1637 2552 ἰ
