1659 2552
56 448 72 472 5

42 742 74 766 10

41 1034 76 1060 15

46 1619 79 1645 25

48 1912 81 1937 30

50 2202 82 2228 35

619 104 763 138 LIBER
788 103 838 138 VI
866 107 896 139 1.
1353 100 1433 141 141

92 200 303 242 adversari
343 199 556 254 videbam,
601 214 706 254 quae
749 199 885 240 multo
929 201 1025 239 ante
1071 199 1319 239 confirmata
1361 210 1437 250 per

91 261 257 301 nosmet
294 259 408 313 ipsos
446 261 581 312 erant,
621 258 899 312 dolebamque
935 257 1035 312 pilis
1067 259 1109 297 et
1140 256 1310 312 gladiis,
1350 270 1435 296 non

93 318 280 360 consiliis
317 332 452 372 neque
490 317 815 358 auctoritatibus
852 317 1009 358 nostris
1048 315 1097 356 de
1134 315 1225 356 iure
1262 314 1434 368 publico

93 377 329 431 disceptari.
390 375 539 430 Neque
572 390 662 431 ego,
695 390 758 430 ea,
792 390 898 430 quae
930 375 1040 416 facta
1072 376 1182 428 sunt,
1215 374 1305 414 fore
1338 387 1434 413 cum

93 436 295 489 dicebam,
329 435 570 475 divinabam
602 436 756 488 futura,
787 434 871 488 sed,
904 434 1018 488 quod
1043 436 1083 474 et
1114 432 1208 473 fieri
1238 446 1361 486 posse
1394 434 1435 471 et

93 495 321 536 exitiosum
352 494 454 548 fore,
487 493 521 534 si
554 494 772 548 evenisset,
805 493 1016 547 videbam,
1057 492 1102 539 id
1131 506 1183 532 ne
1216 490 1434 544 accideret,

92 553 313 607 timebam,
351 552 600 607 praesertim
633 566 745 606 cum,
786 551 821 593 si
858 551 965 592 mihi
996 551 1176 592 alterum
1207 552 1352 590 utrum
1384 549 1434 589 de

93 614 246 653 eventu
278 614 403 665 atque
441 610 558 652 exitu
595 625 736 651 rerum
767 610 1102 665 promittendum
1134 611 1259 663 esset,
1297 608 1342 649 id
1372 608 1435 648 fu-

93 674 257 724 turum,
302 670 415 724 quod
458 669 617 723 evenit,
661 669 921 724 exploratius
963 683 1131 723 possem
1172 667 1434 722 promittere.

94 728 151 769 Iis
189 729 301 770 enim
339 729 463 769 rebus
500 728 836 782 praestabamus,
878 742 983 782 quae
1020 742 1107 769 non
1142 726 1353 781 prodeunt
1391 726 1435 766 in

95 788 238 842 aciem,
271 802 349 828 usu
380 790 521 827 autem
552 801 767 827 armorum
799 790 839 827 et
870 787 1056 840 militum
1087 786 1241 826 robore
1266 784 1437 826 inferio-

95 861 161 888 res
181 860 356 887 eramus.
408 845 490 886 Sed
508 848 556 886 tu
575 845 697 886 illum
722 845 910 886 animum
935 859 1047 886 nunc
1071 844 1236 898 adhibe,
1269 857 1436 898 quaeso,

95 920 179 960 quo
210 919 277 946 me
308 907 400 945 tum
432 918 520 944 esse
553 907 747 958 oportere
780 904 987 945 censebas.

183 963 300 1004 Haec
329 977 378 1004 eo
404 963 564 1016 scripsi,
597 963 710 1017 quod
734 963 840 1003 mihi
866 962 1144 1018 Philargyrus
1169 964 1268 1002 tuus
1295 961 1436 1002 omnia

97 1022 146 1063 de
184 1025 226 1063 te
262 1022 495 1076 requirenti
534 1021 780 1062 fidelissimo
822 1021 979 1076 animo,
1025 1024 1072 1062 ut
1114 1020 1221 1061 mihi
1265 1020 1436 1074 quidem

95 1081 210 1122 visus
247 1083 326 1135 est,
364 1080 552 1121 narravit
590 1083 631 1120 te
669 1080 882 1120 interdum
920 1080 1151 1121 sollicitum
1183 1079 1316 1120 solere
1348 1092 1437 1119 esse

95 1140 342 1180 vementius
419 1138 542 1188 Quod
589 1139 725 1180 facere
777 1153 862 1180 non
920 1139 1045 1179 debes
1099 1151 1177 1178 nec
1232 1137 1437 1190 dubitare,

97 1198 200 1252 quin
237 1200 309 1238 aut
347 1198 487 1252 aliqua
524 1212 569 1238 re
606 1213 644 1251 p.
677 1198 734 1238 sis
771 1197 806 1238 is
843 1198 1028 1251 futurus,
1068 1197 1141 1251 qui
1178 1211 1266 1237 esse
1300 1196 1437 1249 debes,

97 1259 170 1297 aut
211 1256 377 1311 perdita
418 1271 505 1297 non
554 1256 787 1297 adflictiore
837 1256 1083 1297 condicione
1127 1270 1254 1309 quam
1298 1255 1436 1295 ceteri.

97 1315 191 1356 Hoc
228 1329 327 1356 vero
367 1317 553 1370 tempus,
596 1329 679 1369 quo
721 1315 949 1355 exanimati
991 1328 1136 1356 omnes
1173 1316 1215 1355 et
1247 1313 1438 1368 suspensi

97 1388 252 1428 sumus,
283 1374 364 1414 hoc
393 1374 675 1414 moderatiore
706 1374 847 1414 animo
879 1374 987 1414 ferre
1020 1373 1157 1428 debes,
1190 1373 1304 1427 quod
1328 1374 1369 1413 et
1394 1372 1439 1413 in

98 1433 202 1474 urbe
240 1447 288 1473 ea
324 1447 383 1487 eS,
424 1432 499 1473 ubi
535 1435 634 1473 nata
671 1435 712 1473 et
750 1433 835 1473 alta
872 1435 935 1473 est
972 1432 1080 1473 ratio
1119 1446 1167 1472 ac
1202 1431 1438 1472 moderatio

97 1492 220 1545 vitae,
252 1493 293 1532 et
323 1491 453 1532 habes
486 1490 572 1532 Sei.
606 1490 852 1545 Sulpicium,
885 1505 1011 1545 quem
1042 1504 1207 1545 semper
1232 1490 1353 1531 unice
1380 1489 1439 1530 di-

97 1525 256 1604 lexisti3
289 1550 361 1604 qui
386 1552 428 1590 te
452 1550 643 1604 profecto
670 1552 711 1590 et
736 1550 1031 1591 benevolentia
1051 1552 1092 1590 et
1112 1549 1318 1603 sapientia
1344 1563 1439 1589 con-

100 1584 270 1648 solatui·.
317 1607 445 1649 Cuius
471 1609 506 1649 si
532 1623 715 1649 essemus
748 1611 789 1649 et
821 1609 1116 1649 auctoritatem
1148 1611 1189 1648 et
1215 1608 1439 1648 consilium

100 1666 243 1720 secuti,
274 1667 411 1721 togati
440 1667 582 1720 potius
613 1667 848 1721 potentiam
881 1682 1007 1721 quam
1039 1667 1191 1707 armati
1216 1666 1439 1707 victoriam

102 1724 369 1765 subissemus.

189 1782 272 1824 Sed
306 1782 410 1823 haec
444 1783 640 1838 longiora
677 1784 854 1824 fortasse
886 1784 1074 1838 fuerunt,
1114 1798 1240 1838 quam
1271 1798 1438 1824 necesse

100 1841 199 1896 fuit,
232 1841 314 1895 illa,
342 1855 447 1895 quae
473 1841 634 1882 maiora
660 1845 768 1896 sunt,
800 1842 970 1882 brevius
996 1857 1214 1896 exponam.
1247 1842 1341 1897 Ego
1367 1842 1438 1882 ha-

101 1900 197 1954 beo,
243 1900 309 1940 cui
348 1900 443 1954 plus
487 1914 613 1953 quam
652 1900 732 1940 tibi
777 1900 967 1954 debeam,
1010 1901 1243 1954 neminem,
1285 1900 1438 1955 quibus

101 1960 267 1999 tantum
312 1958 532 2012 debebam,
578 1961 782 2011 quantum
825 1961 873 1999 tu
916 1958 1149 2013 intellegis,
1199 1972 1269 1999 eos
1312 1958 1439 1998 huius

101 2017 207 2057 mihi
238 2016 339 2057 belli
372 2031 490 2057 casus
522 2017 694 2071 eripuit,
733 2016 805 2070 qui
837 2017 916 2057 sim
949 2020 1090 2057 autem
1123 2017 1206 2057 hoc
1236 2020 1437 2070 tempore,

102 2075 320 2131 intellego,
359 2075 447 2129 sed,
486 2076 583 2129 quia
620 2089 744 2115 nemo
782 2078 844 2115 est
881 2077 968 2115 tam
1000 2075 1209 2128 adflictus,
1252 2075 1371 2129 quin,
1404 2076 1439 2115 si

101 2134 209 2174 nihil
249 2134 365 2174 aliud
401 2134 566 2174 studeat
602 2134 684 2174 nisi
722 2133 785 2187 id,
827 2133 940 2187 quod
972 2133 1080 2189 agit,
1120 2134 1255 2187 possit
1285 2148 1440 2174 navare

103 2192 263 2246 aliquid
306 2195 346 2233 et
391 2193 575 2246 efficere,
621 2206 742 2233 omne
786 2206 927 2232 meum
969 2192 1212 2245 consilium,
1257 2206 1439 2246 operam,

102 2251 287 2291 studium
321 2254 431 2292 certe
463 2251 590 2292 velim
623 2251 837 2291 existimes
869 2250 949 2291 tibi
981 2251 1148 2304 tuisque
1179 2250 1326 2291 liberis
1351 2265 1439 2292 esse

103 2309 303 2350 debitum.
