1659 2552
189 121 277 163 230
702 119 1041 154 EPISTULARUM

190 219 310 258 tanto
342 216 536 257 incendio
563 215 747 257 civitatis
774 216 817 255 in
844 215 936 255 istis
962 215 1066 256 loeis
1093 229 1200 271 esse3
1233 215 1426 258 dabimus
1453 231 1536 258 ser-

189 290 360 317 monem
392 275 455 329 iis,
488 275 561 329 qui
592 275 785 315 nesciunt
816 273 952 328 nobis,
985 288 1251 329 quocumque
1284 275 1327 316 in
1357 275 1451 317 loeo
1483 276 1536 316 si-

190 349 305 388 muS,
350 334 529 375 eundem
574 334 754 386 cultum,
805 332 983 373 eundem
1026 333 1187 374 vietum
1231 348 1330 375 esse.
1402 333 1536 384 ‘Quid

192 393 351 434 refert?
402 396 542 433 tamen
592 393 635 432 in
683 405 918 432 sermonem
963 391 1195 432 incidemus
1207 392 1228 432 ’.
1301 391 1436 434 Valde
1480 393 1534 448 id,

191 452 328 506 oredo,
359 451 638 492 laborandum
671 453 744 504 est,
775 464 839 505 ne,
872 464 967 490 eum
993 464 1137 491 omnes
1164 451 1207 491 in
1234 452 1350 492 omni
1380 466 1534 508 genere

191 514 233 551 et
258 510 463 551 scelerum
496 513 536 550 et
568 509 829 565 flagitiorum
855 509 1111 561 volutentur,
1143 512 1289 550 nostra
1313 510 1535 552 nobiscum

192 572 264 610 aut
296 569 406 609 inter
436 583 513 609 nos
546 568 721 609 cessatio
753 568 1028 622 vituperetur.
1090 567 1185 624 Ego
1211 583 1311 610 vero
1342 569 1535 625 neglecta

191 628 470 668 barbarorum
496 627 663 667 inscitia
688 641 932 681 persequar,
965 627 1158 681 quamvis
1184 627 1297 669 enim
1322 628 1407 668 sint
1432 628 1536 670 haee

190 687 355 740 misera,
383 701 488 740 quae
508 688 606 726 sunt
625 685 874 739 miserrima,
899 688 1041 726 tamen
1061 688 1172 727 artes
1198 689 1368 728 nostrae
1392 687 1534 729 neseio

191 760 275 799 quo
302 745 427 786 modo
454 749 565 785 nun'c
590 744 808 785 uberiores
837 745 1000 785 fructus
1031 746 1141 786 ferre
1166 745 1375 800 videntur,
1407 761 1534 800 quam

192 805 295 845 olim
327 804 529 858 ferebant,
561 803 649 844 sive
681 803 780 857 quia
811 803 927 843 nulla
958 817 1070 844 nuno
1101 804 1145 844 in
1177 819 1221 845 re
1253 804 1335 845 alia
1366 805 1535 859 adquie—

191 863 363 916 scimus,
401 863 488 903 sive
526 862 640 916 quod
675 862 862 917 gravitas
894 862 1034 903 morbi
1067 863 1185 917 facit,
1223 866 1271 904 ut
1301 863 1535 905 medicinae

192 936 406 977 egeamus,
439 936 570 975 eaque
602 935 713 961 nune
745 924 961 975 appareat,
1000 921 1117 962 ouius
1150 922 1236 962 vim
1267 936 1354 964 non
1385 923 1535 964 sentie—

192 980 358 1034 bamus,
397 994 491 1020 oum
523 980 777 1020 valebamus.
841 978 924 1021 Sed
961 980 1065 1034 quid
1095 994 1173 1036 ego
1205 995 1317 1021 nune
1347 981 1451 1022 haec
1482 981 1536 1022 ad

191 1041 250 1092 te,
289 1039 406 1079 ouius
439 1039 553 1079 domi
585 1041 830 1092 naseuntur,
869 1039 1022 1092 γλαῦκ’
1056 1040 1116 1088 εἰς
1144 1038 1362 1093 Ἀθήναςῗ)
1410 1039 1535 1082 Nihil

191 1098 368 1152 scilicet,
400 1098 482 1138 nisi
514 1100 561 1138 ut
593 1097 844 1139 rescriberes
876 1098 1048 1151 aliquid,
1079 1112 1147 1139 me
1179 1101 1431 1153 expectares,
1465 1097 1535 1140 Sic

192 1156 326 1212 igitur
358 1156 496 1197 facies.

828 1260 902 1302 IV.

239 1342 313 1376 Ser.
342 1343 381 1375 in
411 1342 617 1376 Tusculano
642 1342 736 1376 inter
770 1341 874 1375 VIII
893 1346 925 1375 et
950 1342 1014 1375 IV
1035 1342 1092 1376 Id.
1119 1342 1204 1377 Iun.
1232 1354 1264 1376 a.
1294 1345 1367 1378 708
1395 1346 1485 1387 (46).

652 1421 820 1457 CICERO
847 1422 1076 1458 VARRONI.

282 1505 393 1559 Περὶ
437 1507 640 1548 δυνατῶν
678 1521 744 1547 me
788 1506 894 1547 seito
935 1523 1042 1548 κατα
1082 1508 1317 1562 Διόδωρον
1354 1510 1534 1562 κρίνειν.

193 1563 476 1618 Quapropter,
515 1566 549 1605 si
588 1568 790 1606 ventuius
829 1580 887 1619 eS,
927 1566 1032 1606 seito
1072 1580 1237 1607 neeesse
1270 1581 1358 1607 esse
1396 1569 1439 1607 te
1470 1581 1536 1607 ve-

193 1624 301 1678 nire,
334 1624 398 1663 sin
430 1626 571 1665 autem
602 1638 687 1664 non
720 1638 774 1679 es,
807 1624 1027 1665 ἀδύνατον
1060 1627 1121 1665 est
1148 1628 1189 1665 te
1215 1625 1369 1666 venire.
1409 1624 1535 1666 Nune

193 1682 300 1736 vide,
332 1685 427 1722 utra
458 1685 500 1723 te
532 1685 673 1735 κρισις
697 1683 833 1739 magis
860 1683 1055 1730 delectet
1089 1682 1317 1738 Chiysippi
1343 1698 1396 1724 an
1420 1683 1535 1738 haee,

194 1756 320 1794 quam
357 1744 501 1782 noster
538 1741 748 1782 Diodotus
786 1756 871 1782 non
909 1742 1208 1796 eoncoquebat.
1272 1741 1355 1784 Sed
1386 1742 1436 1784 de
1467 1742 1534 1783 his

194 1800 321 1840 etiam
353 1800 494 1853 rebus,
534 1800 660 1840 otiosi
693 1814 787 1841 oum
819 1801 992 1853 erimus,
1024 1801 1264 1855 loquemur3
1294 1801 1377 1842 hoc
1407 1801 1535 1842 etiam

193 1859 301 1899 κατὰ
332 1859 590 1912 Χρύσιππον
622 1860 814 1900 δυνατὸν
846 1863 918 1900 est.
981 1859 1044 1900 De
1070 1860 1099 1913 †
1126 1858 1273 1900 Coetio
1305 1859 1412 1900 mihi
1443 1875 1535 1915 gra-

193 1920 284 1957 tum
318 1920 396 1971 est3
428 1932 526 1958 nam
552 1918 595 1957 id
620 1918 748 1958 etiam
774 1917 919 1959 Attico
945 1918 1200 1959 mandaram.
1245 1917 1310 1959 Tu
1335 1919 1371 1958 si
1395 1919 1535 1959 minus

194 1976 246 2015 ad
283 1990 379 2030 nos,
420 1990 685 2017 aeeurremus
722 1977 774 2017 ad
811 1980 870 2032 te,
911 1977 946 2017 si
978 1977 1151 2018 hortum
1189 1977 1232 2017 in
1264 1977 1536 2030 bybliotheca

196 2034 342 2088 habes,
376 2035 507 2075 deerit
541 2035 657 2076 nihil.

1554 758 1588 783 10

1556 1051 1588 1077 15

1553 1754 1586 1780 25
