<?xml version="1.0" encoding="UTF-8"?>
<!DOCTYPE html PUBLIC "-//W3C//DTD XHTML 1.0 Transitional//EN"
    "http://www.w3.org/TR/xhtml1/DTD/xhtml1-transitional.dtd">
<html xmlns="http://www.w3.org/1999/xhtml" xml:lang="en" lang="en">
 <head>
  <title>
</title>
<meta http-equiv="Content-Type" content="text/html;charset=utf-8" />
  <meta name='ocr-system' content='tesseract 3.04.00' />
  <meta name='ocr-capabilities' content='ocr_page ocr_carea ocr_par ocr_line ocrx_word'/>
</head>
<body>
  <div class='ocr_page' id='page_1' title='image "./p1scriptaquaemanse03ciceuoft_0605.png"; bbox 0 0 1659 2552; ppageno 0'>
   <div class='ocr_carea' id='block_1_1' title="bbox 565 103 1449 147">
    <p class='ocr_par' dir='ltr' id='par_1_1' title="bbox 565 103 1449 147">
     <span class='ocr_line' id='line_1_1' title="bbox 565 103 1449 147; baseline 0.009 -10"><span class='ocrx_word' id='word_1_1' title='bbox 565 103 707 137; x_wconf 83' lang='lat' dir='ltr'>LIBER</span> <span class='ocrx_word' id='word_1_2' title='bbox 732 103 817 138; x_wconf 86' lang='lat' dir='ltr'>XVI</span> <span class='ocrx_word' id='word_1_3' title='bbox 844 107 898 147; x_wconf 83' lang='lat'>1-2,</span> <span class='ocrx_word' id='word_1_4' title='bbox 926 107 980 138; x_wconf 90' lang='lat'>13.</span> <span class='ocrx_word' id='word_1_5' title='bbox 1362 103 1449 145; x_wconf 81' lang='grc'>479</span> 
     </span>
    </p>
   </div>
   <div class='ocr_carea' id='block_1_2' title="bbox 58 198 1451 1662">
    <p class='ocr_par' dir='ltr' id='par_1_2' title="bbox 109 198 1451 371">
     <span class='ocr_line' id='line_1_2' title="bbox 109 198 1451 253; baseline -0.001 -12"><span class='ocrx_word' id='word_1_6' title='bbox 109 200 405 241; x_wconf 82' lang='lat' dir='ltr'>auctoritatem</span> <span class='ocrx_word' id='word_1_7' title='bbox 443 199 487 240; x_wconf 89' lang='lat' dir='ltr'>in</span> <span class='ocrx_word' id='word_1_8' title='bbox 529 199 642 240; x_wconf 87' lang='lat' dir='ltr'>illius</span> <span class='ocrx_word' id='word_1_9' title='bbox 682 199 869 240; x_wconf 83' lang='lat' dir='ltr'>exercitu</span> <span class='ocrx_word' id='word_1_10' title='bbox 909 199 1114 253; x_wconf 78' lang='lat' dir='ltr'>habebat,</span> <span class='ocrx_word' id='word_1_11' title='bbox 1155 198 1200 239; x_wconf 87' lang='lat' dir='ltr'>T.</span> <span class='ocrx_word' id='word_1_12' title='bbox 1239 198 1451 240; x_wconf 80' lang='lat' dir='ltr'>Labienus</span> 
     </span>
     <span class='ocr_line' id='line_1_3' title="bbox 109 257 1450 312; baseline 0 -13"><span class='ocrx_word' id='word_1_13' title='bbox 109 259 247 300; x_wconf 86' lang='lat' dir='ltr'>socius</span> <span class='ocrx_word' id='word_1_14' title='bbox 284 258 452 299; x_wconf 82' lang='lat' dir='ltr'>sceleris</span> <span class='ocrx_word' id='word_1_15' title='bbox 490 272 578 299; x_wconf 88' lang='lat' dir='ltr'>esse</span> <span class='ocrx_word' id='word_1_16' title='bbox 615 258 763 299; x_wconf 87' lang='lat' dir='ltr'>noluit.</span> <span class='ocrx_word' id='word_1_17' title='bbox 825 257 1016 312; x_wconf 85' lang='lat' dir='ltr'>Reliquit</span> <span class='ocrx_word' id='word_1_18' title='bbox 1054 257 1175 298; x_wconf 89' lang='lat' dir='ltr'>illum</span> <span class='ocrx_word' id='word_1_19' title='bbox 1213 260 1255 298; x_wconf 88' lang='lat' dir='ltr'>et</span> <span class='ocrx_word' id='word_1_20' title='bbox 1292 262 1351 300; x_wconf 76' lang='lat' dir='ltr'>est</span> <span class='ocrx_word' id='word_1_21' title='bbox 1378 272 1450 299; x_wconf 92' lang='lat' dir='ltr'>no-</span> 
     </span>
     <span class='ocr_line' id='line_1_4' title="bbox 110 316 1213 371; baseline -0.001 -13"><span class='ocrx_word' id='word_1_22' title='bbox 110 318 284 371; x_wconf 86' lang='lat' dir='ltr'>biscum,</span> <span class='ocrx_word' id='word_1_23' title='bbox 317 317 524 370; x_wconf 89' lang='lat' dir='ltr'>multique</span> <span class='ocrx_word' id='word_1_24' title='bbox 556 316 667 357; x_wconf 89' lang='lat' dir='ltr'>idem</span> <span class='ocrx_word' id='word_1_25' title='bbox 700 316 853 357; x_wconf 83' lang='lat' dir='ltr'>facturi</span> <span class='ocrx_word' id='word_1_26' title='bbox 885 330 973 357; x_wconf 89' lang='lat' dir='ltr'>esse</span> <span class='ocrx_word' id='word_1_27' title='bbox 1005 316 1213 357; x_wconf 89' lang='lat' dir='ltr'>dicuntur.</span> 
     </span>
    </p>

    <p class='ocr_par' dir='ltr' id='par_1_3' title="bbox 198 374 1447 431">
     <span class='ocr_line' id='line_1_5' title="bbox 198 374 1447 431; baseline -0.001 -15"><span class='ocrx_word' id='word_1_28' title='bbox 198 375 292 431; x_wconf 84' lang='lat' dir='ltr'>Ego</span> <span class='ocrx_word' id='word_1_29' title='bbox 342 375 478 416; x_wconf 86' lang='lat' dir='ltr'>adhuc</span> <span class='ocrx_word' id='word_1_30' title='bbox 523 389 618 416; x_wconf 87' lang='lat' dir='ltr'>orae</span> <span class='ocrx_word' id='word_1_31' title='bbox 670 375 907 415; x_wconf 76' lang='lat' dir='ltr'>maritimae</span> <span class='ocrx_word' id='word_1_32' title='bbox 950 390 1145 429; x_wconf 80' lang='lat' dir='ltr'>praesum</span> <span class='ocrx_word' id='word_1_33' title='bbox 1189 390 1212 415; x_wconf 88' lang='lat' dir='ltr'>a</span> <span class='ocrx_word' id='word_1_34' title='bbox 1255 374 1447 415; x_wconf 79' lang='lat' dir='ltr'>Formiis.</span> 
     </span>
    </p>

    <p class='ocr_par' dir='ltr' id='par_1_4' title="bbox 75 433 1450 723">
     <span class='ocr_line' id='line_1_6' title="bbox 75 433 1450 489; baseline 0.001 -16"><span class='ocrx_word' id='word_1_35' title='bbox 75 448 90 473; x_wconf 79' lang='lat'>5</span> <span class='ocrx_word' id='word_1_36' title='bbox 108 434 287 476; x_wconf 90' lang='lat' dir='ltr'>Nullum</span> <span class='ocrx_word' id='word_1_37' title='bbox 313 434 448 475; x_wconf 88' lang='lat' dir='ltr'>maius</span> <span class='ocrx_word' id='word_1_38' title='bbox 474 434 694 489; x_wconf 76' lang='lat' dir='ltr'>negotium</span> <span class='ocrx_word' id='word_1_39' title='bbox 721 434 930 487; x_wconf 79' lang='lat' dir='ltr'>suscipere</span> <span class='ocrx_word' id='word_1_40' title='bbox 955 434 1082 488; x_wconf 85' lang='lat' dir='ltr'>volui,</span> <span class='ocrx_word' id='word_1_41' title='bbox 1109 448 1192 488; x_wconf 87' lang='lat' dir='ltr'>quo</span> <span class='ocrx_word' id='word_1_42' title='bbox 1218 433 1313 488; x_wconf 89' lang='lat' dir='ltr'>plus</span> <span class='ocrx_word' id='word_1_43' title='bbox 1339 434 1450 487; x_wconf 88' lang='lat' dir='ltr'>apud</span> 
     </span>
     <span class='ocr_line' id='line_1_7' title="bbox 110 492 1449 546; baseline 0 -13"><span class='ocrx_word' id='word_1_44' title='bbox 110 493 231 534; x_wconf 89' lang='lat' dir='ltr'>illum</span> <span class='ocrx_word' id='word_1_45' title='bbox 271 507 386 534; x_wconf 87' lang='lat' dir='ltr'>meae</span> <span class='ocrx_word' id='word_1_46' title='bbox 426 492 592 533; x_wconf 77' lang='lat' dir='ltr'>litterae</span> <span class='ocrx_word' id='word_1_47' title='bbox 633 492 1029 546; x_wconf 83' lang='lat' dir='ltr'>cohortationesque</span> <span class='ocrx_word' id='word_1_48' title='bbox 1067 493 1119 533; x_wconf 88' lang='lat' dir='ltr'>ad</span> <span class='ocrx_word' id='word_1_49' title='bbox 1158 507 1303 546; x_wconf 85' lang='lat' dir='ltr'>pacem</span> <span class='ocrx_word' id='word_1_50' title='bbox 1341 492 1449 533; x_wconf 83' lang='lat' dir='ltr'>vale-</span> 
     </span>
     <span class='ocr_line' id='line_1_8' title="bbox 110 550 1449 605; baseline -0.001 -13"><span class='ocrx_word' id='word_1_51' title='bbox 110 554 213 592; x_wconf 84' lang='lat' dir='ltr'>rent.</span> <span class='ocrx_word' id='word_1_52' title='bbox 258 550 333 592; x_wconf 74' lang='lat' dir='ltr'>Sin</span> <span class='ocrx_word' id='word_1_53' title='bbox 359 554 499 592; x_wconf 89' lang='lat' dir='ltr'>autem</span> <span class='ocrx_word' id='word_1_54' title='bbox 525 551 605 592; x_wconf 87' lang='lat' dir='ltr'>erit</span> <span class='ocrx_word' id='word_1_55' title='bbox 629 551 801 605; x_wconf 89' lang='lat' dir='ltr'>bellum,</span> <span class='ocrx_word' id='word_1_56' title='bbox 832 551 954 592; x_wconf 84' lang='lat' dir='ltr'>video</span> <span class='ocrx_word' id='word_1_57' title='bbox 985 566 1052 592; x_wconf 90' lang='lat' dir='ltr'>me</span> <span class='ocrx_word' id='word_1_58' title='bbox 1078 551 1225 592; x_wconf 87' lang='lat' dir='ltr'>castris</span> <span class='ocrx_word' id='word_1_59' title='bbox 1257 554 1298 591; x_wconf 91' lang='lat' dir='ltr'>et</span> <span class='ocrx_word' id='word_1_60' title='bbox 1324 551 1449 592; x_wconf 86' lang='lat' dir='ltr'>certis</span> 
     </span>
     <span class='ocr_line' id='line_1_9' title="bbox 108 609 1449 666; baseline -0.001 -15"><span class='ocrx_word' id='word_1_61' title='bbox 108 610 349 666; x_wconf 80' lang='lat' dir='ltr'>legionibus</span> <span class='ocrx_word' id='word_1_62' title='bbox 381 610 684 664; x_wconf 88' lang='lat' dir='ltr'>praefuturum.</span> <span class='ocrx_word' id='word_1_63' title='bbox 727 609 890 659; x_wconf 75' lang='lat' dir='ltr'>Habeo,</span> <span class='ocrx_word' id='word_1_64' title='bbox 903 610 1030 650; x_wconf 89' lang='lat' dir='ltr'>etiam</span> <span class='ocrx_word' id='word_1_65' title='bbox 1056 610 1172 651; x_wconf 91' lang='lat' dir='ltr'>illam</span> <span class='ocrx_word' id='word_1_66' title='bbox 1198 610 1449 664; x_wconf 78' lang='lat' dir='ltr'>molestiam,</span> 
     </span>
     <span class='ocr_line' id='line_1_10' title="bbox 110 668 1140 723; baseline 0 -14"><span class='ocrx_word' id='word_1_67' title='bbox 110 669 223 723; x_wconf 92' lang='lat' dir='ltr'>quod</span> <span class='ocrx_word' id='word_1_68' title='bbox 254 669 476 710; x_wconf 80' lang='lat' dir='ltr'>Dolabella</span> <span class='ocrx_word' id='word_1_69' title='bbox 507 672 650 709; x_wconf 89' lang='lat' dir='ltr'>noster</span> <span class='ocrx_word' id='word_1_70' title='bbox 681 671 782 722; x_wconf 85' lang='lat' dir='ltr'>aput</span> <span class='ocrx_word' id='word_1_71' title='bbox 816 668 1035 709; x_wconf 80' lang='lat' dir='ltr'>Caesarem</span> <span class='ocrx_word' id='word_1_72' title='bbox 1068 672 1140 710; x_wconf 88' lang='lat' dir='ltr'>est.</span> 
     </span>
    </p>

    <p class='ocr_par' dir='ltr' id='par_1_5' title="bbox 58 727 1450 1017">
     <span class='ocr_line' id='line_1_11' title="bbox 58 727 1449 781; baseline 0.001 -15"><span class='ocrx_word' id='word_1_73' title='bbox 58 742 90 766; x_wconf 86' lang='lat'>10</span> <span class='ocrx_word' id='word_1_74' title='bbox 197 727 311 768; x_wconf 88' lang='lat' dir='ltr'>Haec</span> <span class='ocrx_word' id='word_1_75' title='bbox 343 728 425 768; x_wconf 87' lang='lat' dir='ltr'>tibi</span> <span class='ocrx_word' id='word_1_76' title='bbox 455 730 557 768; x_wconf 90' lang='lat' dir='ltr'>nota</span> <span class='ocrx_word' id='word_1_77' title='bbox 588 742 676 768; x_wconf 86' lang='lat' dir='ltr'>esse</span> <span class='ocrx_word' id='word_1_78' title='bbox 708 727 841 781; x_wconf 65' lang='lat' dir='ltr'>volui,</span> <span class='ocrx_word' id='word_1_79' title='bbox 874 742 979 781; x_wconf 88' lang='lat' dir='ltr'>quae</span> <span class='ocrx_word' id='word_1_80' title='bbox 1007 742 1104 768; x_wconf 90' lang='lat' dir='ltr'>cave</span> <span class='ocrx_word' id='word_1_81' title='bbox 1130 742 1181 768; x_wconf 89' lang='lat' dir='ltr'>ne</span> <span class='ocrx_word' id='word_1_82' title='bbox 1213 730 1255 768; x_wconf 91' lang='lat' dir='ltr'>te</span> <span class='ocrx_word' id='word_1_83' title='bbox 1286 730 1449 781; x_wconf 80' lang='lat' dir='ltr'>pertur-</span> 
     </span>
     <span class='ocr_line' id='line_1_12' title="bbox 109 785 1449 841; baseline 0 -15"><span class='ocrx_word' id='word_1_84' title='bbox 109 786 211 827; x_wconf 88' lang='lat' dir='ltr'>bent</span> <span class='ocrx_word' id='word_1_85' title='bbox 243 789 284 827; x_wconf 88' lang='lat' dir='ltr'>et</span> <span class='ocrx_word' id='word_1_86' title='bbox 317 786 548 840; x_wconf 83' lang='lat' dir='ltr'>impediant</span> <span class='ocrx_word' id='word_1_87' title='bbox 574 786 858 827; x_wconf 87' lang='lat' dir='ltr'>valetudinem</span> <span class='ocrx_word' id='word_1_88' title='bbox 884 790 1012 827; x_wconf 88' lang='lat' dir='ltr'>tuam.</span> <span class='ocrx_word' id='word_1_89' title='bbox 1056 786 1150 841; x_wconf 86' lang='lat' dir='ltr'>Ego</span> <span class='ocrx_word' id='word_1_90' title='bbox 1176 785 1226 826; x_wconf 93' lang='lat' dir='ltr'>A.</span> <span class='ocrx_word' id='word_1_91' title='bbox 1252 785 1449 840; x_wconf 87' lang='lat' dir='ltr'>Varroni,</span> 
     </span>
     <span class='ocr_line' id='line_1_13' title="bbox 110 845 1449 900; baseline -0.001 -14"><span class='ocrx_word' id='word_1_92' title='bbox 110 859 235 899; x_wconf 82' lang='lat' dir='ltr'>quem</span> <span class='ocrx_word' id='word_1_93' title='bbox 279 859 407 898; x_wconf 91' lang='lat' dir='ltr'>quom</span> <span class='ocrx_word' id='word_1_94' title='bbox 457 845 792 885; x_wconf 83' lang='lat' dir='ltr'>amantissimum</span> <span class='ocrx_word' id='word_1_95' title='bbox 836 845 918 885; x_wconf 85' lang='lat' dir='ltr'>mei</span> <span class='ocrx_word' id='word_1_96' title='bbox 964 845 1143 900; x_wconf 75' lang='lat' dir='ltr'>cognovi</span> <span class='ocrx_word' id='word_1_97' title='bbox 1187 847 1277 885; x_wconf 84' lang='lat' dir='ltr'>tum</span> <span class='ocrx_word' id='word_1_98' title='bbox 1322 845 1449 885; x_wconf 88' lang='lat' dir='ltr'>etiam</span> 
     </span>
     <span class='ocr_line' id='line_1_14' title="bbox 109 903 1450 959; baseline -0.001 -15"><span class='ocrx_word' id='word_1_99' title='bbox 109 903 229 944; x_wconf 87' lang='lat' dir='ltr'>valde</span> <span class='ocrx_word' id='word_1_100' title='bbox 262 904 325 944; x_wconf 87' lang='lat' dir='ltr'>tui</span> <span class='ocrx_word' id='word_1_101' title='bbox 358 903 605 958; x_wconf 80' lang='lat' dir='ltr'>studiosum,</span> <span class='ocrx_word' id='word_1_102' title='bbox 641 903 963 959; x_wconf 82' lang='lat' dir='ltr'>diligentissime</span> <span class='ocrx_word' id='word_1_103' title='bbox 995 906 1036 944; x_wconf 84' lang='lat' dir='ltr'>te</span> <span class='ocrx_word' id='word_1_104' title='bbox 1069 903 1371 957; x_wconf 84' lang='lat' dir='ltr'>commendavi,</span> <span class='ocrx_word' id='word_1_105' title='bbox 1403 906 1450 944; x_wconf 91' lang='lat' dir='ltr'>ut</span> 
     </span>
     <span class='ocr_line' id='line_1_15' title="bbox 110 962 1449 1017; baseline -0.001 -14"><span class='ocrx_word' id='word_1_106' title='bbox 110 965 151 1003; x_wconf 89' lang='lat' dir='ltr'>et</span> <span class='ocrx_word' id='word_1_107' title='bbox 191 962 444 1003; x_wconf 85' lang='lat' dir='ltr'>valetudinis</span> <span class='ocrx_word' id='word_1_108' title='bbox 484 966 580 1003; x_wconf 88' lang='lat' dir='ltr'>tuae</span> <span class='ocrx_word' id='word_1_109' title='bbox 620 962 827 1002; x_wconf 89' lang='lat' dir='ltr'>rationem</span> <span class='ocrx_word' id='word_1_110' title='bbox 867 962 1042 1003; x_wconf 88' lang='lat' dir='ltr'>haberet</span> <span class='ocrx_word' id='word_1_111' title='bbox 1084 965 1124 1003; x_wconf 94' lang='lat' dir='ltr'>et</span> <span class='ocrx_word' id='word_1_112' title='bbox 1165 962 1449 1017; x_wconf 85' lang='lat' dir='ltr'>navigationis</span> 
     </span>
    </p>

    <p class='ocr_par' dir='ltr' id='par_1_6' title="bbox 59 1020 1451 1311">
     <span class='ocr_line' id='line_1_16' title="bbox 59 1020 1451 1075; baseline 0.002 -17"><span class='ocrx_word' id='word_1_113' title='bbox 59 1033 91 1058; x_wconf 86' lang='lat'>15</span> <span class='ocrx_word' id='word_1_114' title='bbox 111 1023 152 1062; x_wconf 91' lang='lat' dir='ltr'>et</span> <span class='ocrx_word' id='word_1_115' title='bbox 183 1023 322 1062; x_wconf 87' lang='lat' dir='ltr'>totum</span> <span class='ocrx_word' id='word_1_116' title='bbox 354 1024 394 1062; x_wconf 93' lang='lat' dir='ltr'>te</span> <span class='ocrx_word' id='word_1_117' title='bbox 427 1022 656 1075; x_wconf 86' lang='lat' dir='ltr'>susciperet</span> <span class='ocrx_word' id='word_1_118' title='bbox 688 1035 734 1061; x_wconf 88' lang='lat' dir='ltr'>ac</span> <span class='ocrx_word' id='word_1_119' title='bbox 766 1023 965 1061; x_wconf 83' lang='lat' dir='ltr'>tueretur.</span> <span class='ocrx_word' id='word_1_120' title='bbox 1029 1020 1162 1070; x_wconf 86' lang='lat' dir='ltr'>Quem</span> <span class='ocrx_word' id='word_1_121' title='bbox 1196 1021 1337 1061; x_wconf 88' lang='lat' dir='ltr'>omnia</span> <span class='ocrx_word' id='word_1_122' title='bbox 1368 1020 1451 1061; x_wconf 86' lang='lat' dir='ltr'>fac-</span> 
     </span>
     <span class='ocr_line' id='line_1_17' title="bbox 109 1079 1450 1133; baseline 0 -13"><span class='ocrx_word' id='word_1_123' title='bbox 109 1082 253 1120; x_wconf 89' lang='lat' dir='ltr'>turum</span> <span class='ocrx_word' id='word_1_124' title='bbox 286 1079 468 1133; x_wconf 79' lang='lat' dir='ltr'>confido3</span> <span class='ocrx_word' id='word_1_125' title='bbox 500 1079 658 1133; x_wconf 84' lang='lat' dir='ltr'>recepit</span> <span class='ocrx_word' id='word_1_126' title='bbox 684 1079 795 1120; x_wconf 89' lang='lat' dir='ltr'>enim</span> <span class='ocrx_word' id='word_1_127' title='bbox 823 1082 867 1120; x_wconf 92' lang='lat' dir='ltr'>et</span> <span class='ocrx_word' id='word_1_128' title='bbox 887 1093 1052 1120; x_wconf 88' lang='lat' dir='ltr'>mecum</span> <span class='ocrx_word' id='word_1_129' title='bbox 1077 1080 1244 1120; x_wconf 81' lang='lat' dir='ltr'>locutus</span> <span class='ocrx_word' id='word_1_130' title='bbox 1271 1082 1333 1120; x_wconf 86' lang='lat' dir='ltr'>est</span> <span class='ocrx_word' id='word_1_131' title='bbox 1360 1093 1450 1119; x_wconf 86' lang='lat' dir='ltr'>sua-</span> 
     </span>
     <span class='ocr_line' id='line_1_18' title="bbox 110 1138 1450 1192; baseline 0 -14"><span class='ocrx_word' id='word_1_132' title='bbox 110 1138 290 1179; x_wconf 87' lang='lat' dir='ltr'>vissime.</span> <span class='ocrx_word' id='word_1_133' title='bbox 359 1138 443 1192; x_wconf 77' lang='lat' dir='ltr'>Tu,</span> <span class='ocrx_word' id='word_1_134' title='bbox 485 1138 684 1192; x_wconf 90' lang='lat' dir='ltr'>quoniam</span> <span class='ocrx_word' id='word_1_135' title='bbox 723 1152 771 1179; x_wconf 90' lang='lat' dir='ltr'>eo</span> <span class='ocrx_word' id='word_1_136' title='bbox 808 1141 998 1192; x_wconf 88' lang='lat' dir='ltr'>tempore</span> <span class='ocrx_word' id='word_1_137' title='bbox 1036 1153 1201 1179; x_wconf 86' lang='lat' dir='ltr'>mecum</span> <span class='ocrx_word' id='word_1_138' title='bbox 1240 1152 1327 1179; x_wconf 88' lang='lat' dir='ltr'>esse</span> <span class='ocrx_word' id='word_1_139' title='bbox 1364 1152 1450 1179; x_wconf 87' lang='lat' dir='ltr'>non</span> 
     </span>
     <span class='ocr_line' id='line_1_19' title="bbox 109 1196 1450 1252; baseline 0 -15"><span class='ocrx_word' id='word_1_140' title='bbox 109 1197 305 1251; x_wconf 87' lang='lat' dir='ltr'>potuisti,</span> <span class='ocrx_word' id='word_1_141' title='bbox 344 1211 426 1251; x_wconf 90' lang='lat' dir='ltr'>quo</span> <span class='ocrx_word' id='word_1_142' title='bbox 460 1211 538 1252; x_wconf 90' lang='lat' dir='ltr'>ego</span> <span class='ocrx_word' id='word_1_143' title='bbox 569 1197 752 1237; x_wconf 82' lang='lat' dir='ltr'>maxime</span> <span class='ocrx_word' id='word_1_144' title='bbox 785 1211 955 1250; x_wconf 83' lang='lat' dir='ltr'>operam</span> <span class='ocrx_word' id='word_1_145' title='bbox 988 1199 1028 1237; x_wconf 93' lang='lat' dir='ltr'>et</span> <span class='ocrx_word' id='word_1_146' title='bbox 1066 1197 1314 1237; x_wconf 87' lang='lat' dir='ltr'>fidelitatem</span> <span class='ocrx_word' id='word_1_147' title='bbox 1347 1196 1450 1237; x_wconf 86' lang='lat' dir='ltr'>desi-</span> 
     </span>
     <span class='ocr_line' id='line_1_20' title="bbox 111 1255 1451 1311; baseline 0.001 -16"><span class='ocrx_word' id='word_1_148' title='bbox 111 1255 253 1296; x_wconf 86' lang='lat' dir='ltr'>deravi</span> <span class='ocrx_word' id='word_1_149' title='bbox 279 1258 407 1309; x_wconf 85' lang='lat' dir='ltr'>tua-m,</span> <span class='ocrx_word' id='word_1_150' title='bbox 439 1270 537 1296; x_wconf 86' lang='lat' dir='ltr'>cave</span> <span class='ocrx_word' id='word_1_151' title='bbox 569 1256 742 1296; x_wconf 84' lang='lat' dir='ltr'>festines</span> <span class='ocrx_word' id='word_1_152' title='bbox 774 1258 846 1296; x_wconf 90' lang='lat' dir='ltr'>aut</span> <span class='ocrx_word' id='word_1_153' title='bbox 872 1256 1123 1309; x_wconf 76' lang='lat' dir='ltr'>committas,</span> <span class='ocrx_word' id='word_1_154' title='bbox 1155 1258 1201 1296; x_wconf 89' lang='lat' dir='ltr'>ut</span> <span class='ocrx_word' id='word_1_155' title='bbox 1228 1258 1300 1296; x_wconf 90' lang='lat' dir='ltr'>aut</span> <span class='ocrx_word' id='word_1_156' title='bbox 1326 1269 1451 1311; x_wconf 82' lang='lat' dir='ltr'>aeger</span> 
     </span>
    </p>

    <p class='ocr_par' dir='ltr' id='par_1_7' title="bbox 59 1314 1451 1603">
     <span class='ocr_line' id='line_1_21' title="bbox 59 1314 1451 1370; baseline 0.001 -17"><span class='ocrx_word' id='word_1_157' title='bbox 59 1326 92 1351; x_wconf 76' lang='lat'>20</span> <span class='ocrx_word' id='word_1_158' title='bbox 111 1316 183 1354; x_wconf 90' lang='lat' dir='ltr'>aut</span> <span class='ocrx_word' id='word_1_159' title='bbox 213 1314 350 1354; x_wconf 86' lang='lat' dir='ltr'>hieme</span> <span class='ocrx_word' id='word_1_160' title='bbox 382 1314 566 1370; x_wconf 85' lang='lat' dir='ltr'>naviges.</span> <span class='ocrx_word' id='word_1_161' title='bbox 627 1314 872 1368; x_wconf 89' lang='lat' dir='ltr'>Numquam</span> <span class='ocrx_word' id='word_1_162' title='bbox 899 1328 990 1355; x_wconf 89' lang='lat' dir='ltr'>sero</span> <span class='ocrx_word' id='word_1_163' title='bbox 1016 1317 1058 1354; x_wconf 89' lang='lat' dir='ltr'>te</span> <span class='ocrx_word' id='word_1_164' title='bbox 1084 1314 1247 1355; x_wconf 86' lang='lat' dir='ltr'>venisse</span> <span class='ocrx_word' id='word_1_165' title='bbox 1277 1314 1451 1368; x_wconf 83' lang='lat' dir='ltr'>putabo,</span> 
     </span>
     <span class='ocr_line' id='line_1_22' title="bbox 110 1372 1450 1427; baseline 0 -14"><span class='ocrx_word' id='word_1_166' title='bbox 110 1372 146 1413; x_wconf 85' lang='lat' dir='ltr'>si</span> <span class='ocrx_word' id='word_1_167' title='bbox 184 1373 323 1413; x_wconf 86' lang='lat' dir='ltr'>salvus</span> <span class='ocrx_word' id='word_1_168' title='bbox 364 1373 537 1413; x_wconf 84' lang='lat' dir='ltr'>veneris.</span> <span class='ocrx_word' id='word_1_169' title='bbox 605 1373 757 1413; x_wconf 87' lang='lat' dir='ltr'>Adhuc</span> <span class='ocrx_word' id='word_1_170' title='bbox 797 1373 1008 1413; x_wconf 86' lang='lat' dir='ltr'>neminem</span> <span class='ocrx_word' id='word_1_171' title='bbox 1049 1373 1256 1427; x_wconf 78' lang='lat' dir='ltr'>videram,</span> <span class='ocrx_word' id='word_1_172' title='bbox 1299 1373 1371 1426; x_wconf 84' lang='lat' dir='ltr'>qui</span> <span class='ocrx_word' id='word_1_173' title='bbox 1408 1375 1450 1413; x_wconf 90' lang='lat' dir='ltr'>te</span> 
     </span>
     <span class='ocr_line' id='line_1_23' title="bbox 109 1431 1450 1485; baseline 0.001 -14"><span class='ocrx_word' id='word_1_174' title='bbox 109 1433 256 1485; x_wconf 84' lang='lat' dir='ltr'>postea</span> <span class='ocrx_word' id='word_1_175' title='bbox 286 1431 460 1472; x_wconf 84' lang='lat' dir='ltr'>vidisset</span> <span class='ocrx_word' id='word_1_176' title='bbox 492 1447 618 1485; x_wconf 88' lang='lat' dir='ltr'>quam</span> <span class='ocrx_word' id='word_1_177' title='bbox 650 1431 704 1472; x_wconf 87' lang='lat' dir='ltr'>M.</span> <span class='ocrx_word' id='word_1_178' title='bbox 732 1431 951 1485; x_wconf 76' lang='lat' dir='ltr'>Volusius,</span> <span class='ocrx_word' id='word_1_179' title='bbox 991 1446 1014 1471; x_wconf 89' lang='lat' dir='ltr'>a</span> <span class='ocrx_word' id='word_1_180' title='bbox 1046 1446 1129 1485; x_wconf 90' lang='lat' dir='ltr'>quo</span> <span class='ocrx_word' id='word_1_181' title='bbox 1161 1434 1254 1472; x_wconf 89' lang='lat' dir='ltr'>tuas</span> <span class='ocrx_word' id='word_1_182' title='bbox 1286 1432 1450 1472; x_wconf 86' lang='lat' dir='ltr'>litteras</span> 
     </span>
     <span class='ocr_line' id='line_1_24' title="bbox 111 1489 1450 1545; baseline 0 -15"><span class='ocrx_word' id='word_1_183' title='bbox 111 1490 262 1543; x_wconf 83' lang='lat' dir='ltr'>accepi.</span> <span class='ocrx_word' id='word_1_184' title='bbox 330 1489 452 1538; x_wconf 84' lang='lat' dir='ltr'>Quod</span> <span class='ocrx_word' id='word_1_185' title='bbox 491 1504 577 1531; x_wconf 89' lang='lat' dir='ltr'>non</span> <span class='ocrx_word' id='word_1_186' title='bbox 617 1490 820 1545; x_wconf 68' lang='lat' dir='ltr'>mirabar,</span> <span class='ocrx_word' id='word_1_187' title='bbox 860 1505 995 1544; x_wconf 88' lang='lat' dir='ltr'>neque</span> <span class='ocrx_word' id='word_1_188' title='bbox 1037 1490 1149 1531; x_wconf 85' lang='lat' dir='ltr'>enim</span> <span class='ocrx_word' id='word_1_189' title='bbox 1192 1505 1305 1531; x_wconf 90' lang='lat' dir='ltr'>meas</span> <span class='ocrx_word' id='word_1_190' title='bbox 1345 1492 1450 1543; x_wconf 90' lang='lat' dir='ltr'>puto</span> 
     </span>
     <span class='ocr_line' id='line_1_25' title="bbox 111 1547 1450 1603; baseline 0.001 -16"><span class='ocrx_word' id='word_1_191' title='bbox 111 1548 163 1588; x_wconf 91' lang='lat' dir='ltr'>ad</span> <span class='ocrx_word' id='word_1_192' title='bbox 199 1551 241 1588; x_wconf 88' lang='lat' dir='ltr'>te</span> <span class='ocrx_word' id='word_1_193' title='bbox 280 1548 444 1589; x_wconf 87' lang='lat' dir='ltr'>litteras</span> <span class='ocrx_word' id='word_1_194' title='bbox 481 1551 598 1589; x_wconf 88' lang='lat' dir='ltr'>tanta</span> <span class='ocrx_word' id='word_1_195' title='bbox 636 1549 774 1589; x_wconf 88' lang='lat' dir='ltr'>hieme</span> <span class='ocrx_word' id='word_1_196' title='bbox 812 1549 1000 1602; x_wconf 86' lang='lat' dir='ltr'>perferri.</span> <span class='ocrx_word' id='word_1_197' title='bbox 1064 1547 1147 1589; x_wconf 83' lang='lat' dir='ltr'>Sed</span> <span class='ocrx_word' id='word_1_198' title='bbox 1184 1549 1235 1589; x_wconf 89' lang='lat' dir='ltr'>da</span> <span class='ocrx_word' id='word_1_199' title='bbox 1267 1563 1450 1603; x_wconf 79' lang='lat' dir='ltr'>operam,</span> 
     </span>
    </p>

    <p class='ocr_par' dir='ltr' id='par_1_8' title="bbox 59 1606 1450 1662">
     <span class='ocr_line' id='line_1_26' title="bbox 59 1606 1450 1662; baseline 0.001 -16"><span class='ocrx_word' id='word_1_200' title='bbox 59 1617 93 1642; x_wconf 76' lang='lat'>25</span> <span class='ocrx_word' id='word_1_201' title='bbox 111 1609 158 1646; x_wconf 90' lang='lat' dir='ltr'>ut</span> <span class='ocrx_word' id='word_1_202' title='bbox 194 1606 332 1646; x_wconf 83' lang='lat' dir='ltr'>valeas</span> <span class='ocrx_word' id='word_1_203' title='bbox 371 1610 431 1660; x_wconf 83' lang='lat' dir='ltr'>et,</span> <span class='ocrx_word' id='word_1_204' title='bbox 473 1607 507 1647; x_wconf 91' lang='lat' dir='ltr'>si</span> <span class='ocrx_word' id='word_1_205' title='bbox 545 1607 722 1661; x_wconf 80' lang='lat' dir='ltr'>valebis,</span> <span class='ocrx_word' id='word_1_206' title='bbox 764 1622 859 1647; x_wconf 84' lang='lat' dir='ltr'>cum</span> <span class='ocrx_word' id='word_1_207' title='bbox 900 1610 1011 1647; x_wconf 86' lang='lat' dir='ltr'>recte</span> <span class='ocrx_word' id='word_1_208' title='bbox 1051 1607 1243 1662; x_wconf 85' lang='lat' dir='ltr'>navigari</span> <span class='ocrx_word' id='word_1_209' title='bbox 1280 1607 1450 1661; x_wconf 87' lang='lat' dir='ltr'>poterit,</span> 
     </span>
    </p>
   </div>
   <div class='ocr_carea' id='block_1_3' title="bbox 111 1665 1464 1719">
    <p class='ocr_par' dir='ltr' id='par_1_9' title="bbox 111 1665 1464 1719">
     <span class='ocr_line' id='line_1_27' title="bbox 111 1665 1464 1719; baseline 0.001 -15"><span class='ocrx_word' id='word_1_210' title='bbox 111 1667 203 1705; x_wconf 93' lang='lat' dir='ltr'>tum</span> <span class='ocrx_word' id='word_1_211' title='bbox 240 1665 423 1719; x_wconf 77' lang='lat' dir='ltr'>naviges</span> <span class='ocrx_word' id='word_1_212' title='bbox 486 1665 632 1705; x_wconf 85' lang='lat' dir='ltr'>Cicero</span> <span class='ocrx_word' id='word_1_213' title='bbox 664 1680 782 1706; x_wconf 90' lang='lat' dir='ltr'>meus</span> <span class='ocrx_word' id='word_1_214' title='bbox 821 1666 864 1705; x_wconf 91' lang='lat' dir='ltr'>in</span> <span class='ocrx_word' id='word_1_215' title='bbox 895 1665 1122 1706; x_wconf 87' lang='lat' dir='ltr'>Formiano</span> <span class='ocrx_word' id='word_1_216' title='bbox 1156 1668 1262 1719; x_wconf 89' lang='lat' dir='ltr'>erat,</span> <span class='ocrx_word' id='word_1_217' title='bbox 1300 1665 1464 1706; x_wconf 61' lang='lat' dir='ltr'>Teren-⁴</span> 
     </span>
    </p>
   </div>
   <div class='ocr_carea' id='block_1_4' title="bbox 59 1722 1450 2083">
    <p class='ocr_par' dir='ltr' id='par_1_10' title="bbox 59 1722 1450 2083">
     <span class='ocr_line' id='line_1_28' title="bbox 111 1722 1450 1777; baseline 0 -14"><span class='ocrx_word' id='word_1_218' title='bbox 111 1723 171 1763; x_wconf 86' lang='lat' dir='ltr'>tia</span> <span class='ocrx_word' id='word_1_219' title='bbox 208 1725 250 1763; x_wconf 86' lang='lat' dir='ltr'>et</span> <span class='ocrx_word' id='word_1_220' title='bbox 281 1722 419 1763; x_wconf 86' lang='lat' dir='ltr'>Tullia</span> <span class='ocrx_word' id='word_1_221' title='bbox 450 1722 620 1764; x_wconf 81' lang='lat' dir='ltr'>Romae.</span> <span class='ocrx_word' id='word_1_222' title='bbox 685 1723 814 1777; x_wconf 87' lang='lat' dir='ltr'>Cura,</span> <span class='ocrx_word' id='word_1_223' title='bbox 852 1726 899 1764; x_wconf 88' lang='lat' dir='ltr'>ut</span> <span class='ocrx_word' id='word_1_224' title='bbox 937 1724 1086 1764; x_wconf 89' lang='lat' dir='ltr'>valeas.</span> <span class='ocrx_word' id='word_1_225' title='bbox 1147 1735 1215 1764; x_wconf 88' lang='lat'>1111</span> <span class='ocrx_word' id='word_1_226' title='bbox 1247 1724 1297 1764; x_wconf 80' lang='lat' dir='ltr'>K.</span> <span class='ocrx_word' id='word_1_227' title='bbox 1329 1723 1450 1768; x_wconf 76' lang='lat' dir='ltr'>Febr.</span> 
     </span>
     <span class='ocr_line' id='line_1_29' title="bbox 113 1781 265 1835; baseline -0.013 -12"><span class='ocrx_word' id='word_1_228' title='bbox 113 1781 265 1835; x_wconf 85' lang='lat' dir='ltr'>Capua.</span> 
     </span>
     <span class='ocr_line' id='line_1_30' title="bbox 727 1885 841 1927; baseline 0.009 -1"><span class='ocrx_word' id='word_1_229' title='bbox 727 1885 841 1927; x_wconf 83' lang='lat' dir='ltr'><strong>XIII.</strong></span> 
     </span>
     <span class='ocr_line' id='line_1_31' title="bbox 59 1961 1097 2011; baseline -0.001 -10"><span class='ocrx_word' id='word_1_230' title='bbox 59 1961 92 2005; x_wconf 63' lang='grc' dir='ltr'>ἑο</span> <span class='ocrx_word' id='word_1_231' title='bbox 464 1965 537 2000; x_wconf 76' lang='lat' dir='ltr'>Ser.</span> <span class='ocrx_word' id='word_1_232' title='bbox 564 1966 628 2000; x_wconf 86' lang='lat' dir='ltr'>IV</span> <span class='ocrx_word' id='word_1_233' title='bbox 648 1967 703 2000; x_wconf 75' lang='lat' dir='ltr'>Id.</span> <span class='ocrx_word' id='word_1_234' title='bbox 731 1967 820 2011; x_wconf 70' lang='lat' dir='ltr'>Apr.</span> <span class='ocrx_word' id='word_1_235' title='bbox 849 1979 881 2001; x_wconf 81' lang='grc' dir='ltr'>α.</span> <span class='ocrx_word' id='word_1_236' title='bbox 912 1969 979 2001; x_wconf 78' lang='grc'>701</span> <span class='ocrx_word' id='word_1_237' title='bbox 1008 1968 1097 2010; x_wconf 85' lang='lat'><em>(53).</em></span> 
     </span>
     <span class='ocr_line' id='line_1_32' title="bbox 112 2022 1005 2083; baseline 0.004 -5"><span class='ocrx_word' id='word_1_238' title='bbox 112 2022 115 2024; x_wconf 63' lang='grc'><strong>’</strong></span> <span class='ocrx_word' id='word_1_239' title='bbox 557 2046 754 2081; x_wconf 81' lang='lat' dir='ltr'><strong>TULLIUS</strong></span> <span class='ocrx_word' id='word_1_240' title='bbox 781 2047 946 2081; x_wconf 73' lang='lat' dir='ltr'>TIRoNI</span> <span class='ocrx_word' id='word_1_241' title='bbox 972 2048 1005 2083; x_wconf 80' lang='lat' dir='ltr'>s,</span> 
     </span>
    </p>
   </div>
   <div class='ocr_carea' id='block_1_5' title="bbox 58 2129 1449 2361">
    <p class='ocr_par' dir='ltr' id='par_1_11' title="bbox 112 2129 1449 2302">
     <span class='ocr_line' id='line_1_33' title="bbox 200 2129 1448 2184; baseline 0.002 -14"><span class='ocrx_word' id='word_1_242' title='bbox 200 2129 351 2171; x_wconf 89' lang='lat' dir='ltr'>Omnia</span> <span class='ocrx_word' id='word_1_243' title='bbox 378 2145 401 2171; x_wconf 90' lang='lat' dir='ltr'>a</span> <span class='ocrx_word' id='word_1_244' title='bbox 427 2133 468 2170; x_wconf 85' lang='lat' dir='ltr'>te</span> <span class='ocrx_word' id='word_1_245' title='bbox 489 2130 585 2170; x_wconf 85' lang='lat' dir='ltr'>data</span> <span class='ocrx_word' id='word_1_246' title='bbox 610 2130 716 2170; x_wconf 90' lang='lat' dir='ltr'>mihi</span> <span class='ocrx_word' id='word_1_247' title='bbox 741 2131 913 2184; x_wconf 85' lang='lat' dir='ltr'>putabo,</span> <span class='ocrx_word' id='word_1_248' title='bbox 939 2131 974 2171; x_wconf 91' lang='lat' dir='ltr'>si</span> <span class='ocrx_word' id='word_1_249' title='bbox 1000 2134 1041 2172; x_wconf 86' lang='lat' dir='ltr'>te</span> <span class='ocrx_word' id='word_1_250' title='bbox 1063 2131 1271 2172; x_wconf 84' lang='lat' dir='ltr'>valentem</span> <span class='ocrx_word' id='word_1_251' title='bbox 1293 2131 1448 2172; x_wconf 86' lang='lat' dir='ltr'>videro.</span> 
     </span>
     <span class='ocr_line' id='line_1_34' title="bbox 113 2187 1449 2243; baseline 0.001 -14"><span class='ocrx_word' id='word_1_252' title='bbox 113 2187 285 2229; x_wconf 85' lang='lat' dir='ltr'>Summa</span> <span class='ocrx_word' id='word_1_253' title='bbox 317 2203 415 2229; x_wconf 81' lang='lat' dir='ltr'>eura</span> <span class='ocrx_word' id='word_1_254' title='bbox 454 2188 746 2241; x_wconf 79' lang='lat' dir='ltr'>exspectabam</span> <span class='ocrx_word' id='word_1_255' title='bbox 785 2189 1011 2229; x_wconf 87' lang='lat' dir='ltr'>adventum</span> <span class='ocrx_word' id='word_1_256' title='bbox 1048 2189 1286 2243; x_wconf 88' lang='lat' dir='ltr'>Menandri,</span> <span class='ocrx_word' id='word_1_257' title='bbox 1325 2204 1449 2243; x_wconf 90' lang='lat' dir='ltr'>quem</span> 
     </span>
     <span class='ocr_line' id='line_1_35' title="bbox 112 2246 1448 2302; baseline 0.001 -15"><span class='ocrx_word' id='word_1_258' title='bbox 112 2247 164 2287; x_wconf 84' lang='lat' dir='ltr'>ad</span> <span class='ocrx_word' id='word_1_259' title='bbox 189 2250 230 2288; x_wconf 87' lang='lat' dir='ltr'>te</span> <span class='ocrx_word' id='word_1_260' title='bbox 256 2248 463 2288; x_wconf 84' lang='lat' dir='ltr'>miseram.</span> <span class='ocrx_word' id='word_1_261' title='bbox 516 2246 636 2300; x_wconf 85' lang='lat' dir='ltr'>Cura,</span> <span class='ocrx_word' id='word_1_262' title='bbox 668 2247 703 2287; x_wconf 89' lang='lat' dir='ltr'>si</span> <span class='ocrx_word' id='word_1_263' title='bbox 734 2261 801 2288; x_wconf 88' lang='lat' dir='ltr'>me</span> <span class='ocrx_word' id='word_1_264' title='bbox 834 2248 987 2302; x_wconf 86' lang='lat' dir='ltr'>diligis,</span> <span class='ocrx_word' id='word_1_265' title='bbox 1020 2251 1066 2288; x_wconf 89' lang='lat' dir='ltr'>ut</span> <span class='ocrx_word' id='word_1_266' title='bbox 1098 2248 1236 2288; x_wconf 88' lang='lat' dir='ltr'>valeas</span> <span class='ocrx_word' id='word_1_267' title='bbox 1269 2250 1321 2302; x_wconf 81' lang='lat' dir='ltr'>et,</span> <span class='ocrx_word' id='word_1_268' title='bbox 1353 2262 1448 2289; x_wconf 90' lang='lat' dir='ltr'>cum</span> 
     </span>
    </p>

    <p class='ocr_par' dir='ltr' id='par_1_12' title="bbox 58 2305 1447 2361">
     <span class='ocr_line' id='line_1_36' title="bbox 58 2305 1447 2361; baseline 0.004 -19"><span class='ocrx_word' id='word_1_269' title='bbox 58 2317 92 2342; x_wconf 85' lang='lat'>35</span> <span class='ocrx_word' id='word_1_270' title='bbox 111 2308 152 2346; x_wconf 89' lang='lat' dir='ltr'>te</span> <span class='ocrx_word' id='word_1_271' title='bbox 184 2305 290 2346; x_wconf 88' lang='lat' dir='ltr'>bene</span> <span class='ocrx_word' id='word_1_272' title='bbox 323 2305 595 2359; x_wconf 83' lang='lat' dir='ltr'>confirmaris,</span> <span class='ocrx_word' id='word_1_273' title='bbox 627 2305 679 2345; x_wconf 88' lang='lat' dir='ltr'>ad</span> <span class='ocrx_word' id='word_1_274' title='bbox 709 2319 786 2346; x_wconf 90' lang='lat' dir='ltr'>nos</span> <span class='ocrx_word' id='word_1_275' title='bbox 818 2306 970 2346; x_wconf 88' lang='lat' dir='ltr'>venias.</span> <span class='ocrx_word' id='word_1_276' title='bbox 1012 2305 1128 2347; x_wconf 85' lang='lat' dir='ltr'>Vale.</span> <span class='ocrx_word' id='word_1_277' title='bbox 1162 2318 1229 2346; x_wconf 90' lang='lat'>1111</span> <span class='ocrx_word' id='word_1_278' title='bbox 1260 2305 1319 2347; x_wconf 87' lang='lat' dir='ltr'>Id.</span> <span class='ocrx_word' id='word_1_279' title='bbox 1346 2306 1447 2361; x_wconf 92' lang='lat' dir='ltr'>Apr.</span> 
     </span>
    </p>
   </div>
   <div class='ocr_carea' id='block_1_6' title="bbox 1476 386 1495 417">
    <p class='ocr_par' dir='ltr' id='par_1_13' title="bbox 1476 386 1495 417">
     <span class='ocr_line' id='line_1_37' title="bbox 1476 386 1495 417; textangle 90"><span class='ocrx_word' id='word_1_280' title='bbox 1476 386 1495 417; x_wconf 66' lang='grc' dir='ltr'>ει</span> 
     </span>
    </p>
   </div>
  </div>
 </body>
</html>
