1659 2552
573 80 717 115 LIBER
741 81 825 115 ΧΠ]
853 84 907 124 16,
936 84 990 115 17.
1362 80 1447 121 383

702 245 838 288 XVII.

385 337 459 373 Ser.
486 338 640 381 Romae,
665 343 706 373 ut
732 339 883 382 videtwr,
909 351 941 373 a.
971 340 1044 374 708
1072 339 1164 382 (46).

432 429 601 466 CICERO
636 431 668 466 S.
696 432 737 466 D.
767 431 864 466 SER.
894 430 1116 466 SULPICIO.

191 526 258 568 M'.
287 526 450 580 Curius,
484 527 556 580 qui
588 526 727 567 Patris
754 527 1010 582 negotiatur,
1041 527 1188 568 multis
1214 529 1255 568 et
1280 527 1447 583 magnis

68 587 153 627 5de
196 586 330 627 causis
371 600 395 626 a
434 600 501 626 me
543 585 758 640 diligitur3
802 600 899 626 nam
942 588 983 626 et
1024 585 1210 626 amicitia
1249 589 1448 640 pervetus

101 645 207 686 mihi
235 659 329 685 cum
362 658 410 685 eo
444 646 517 697 est,
550 647 596 684 ut
627 644 812 698 primum
844 644 887 684 in
914 644 1054 685 forum
1080 644 1208 699 venit,
1239 645 1448 699 instituta,

103 708 143 744 et
175 703 315 744 Patris
341 717 436 743 oum
469 703 724 756 aliquotiens
757 705 879 743 antea
910 706 1001 743 tum
1034 703 1226 757 proxime
1258 703 1340 744 hoc
1370 704 1448 745 mi-

102 762 279 803 serrimo
324 762 436 802 bello
479 761 628 802 domus
666 762 755 802 eius
793 764 884 802 tota
921 762 1027 802 mihi
1070 762 1225 816 patuit3
1270 777 1370 817 qua,
1412 762 1447 803 si

103 835 208 875 opus
245 821 411 875 fuisset,
453 822 540 860 tam
580 834 712 860 essem
751 834 851 860 usus
889 830 1016 874 quam
1047 835 1150 861 mea.
1211 820 1447 862 Maximum

50 892 83 916 10
103 883 245 920 autem
276 879 382 919 mihi
415 879 631 919 vinculum
670 892 765 919 cum
798 893 846 919 eo
885 881 948 919 est
980 879 1099 932 quasi
1131 879 1354 920 sanctioiis
1380 894 1448 920 cu-

103 939 268 979 iusdam
305 937 644 991 necessitudinis,
684 937 798 991 quod
836 940 898 978 est
929 936 1064 978 Attici
1101 938 1237 978 nostri
1269 938 1448 979 familia-

103 997 295 1038 rissimus
340 1010 518 1050 eumque
563 1010 695 1036 unum
743 999 912 1050 praeter
955 998 1116 1037 ceteros
1160 1000 1356 1050 opservat
1400 1011 1447 1037 ac

104 1056 256 1111 diligit.
320 1054 453 1104 Quem
485 1055 520 1095 si
552 1057 599 1095 tu
632 1055 716 1095 iam
747 1055 858 1095 forte
890 1055 1100 1110 cognosti,
1131 1058 1236 1109 puto
1261 1070 1328 1096 me
1353 1055 1446 1110 hoc,

104 1115 217 1168 quod
256 1114 382 1168 facio,
420 1114 556 1154 facere
595 1114 744 1168 serius3
786 1128 834 1154 ea
866 1116 928 1154 est
966 1114 1078 1154 enim
1109 1113 1373 1154 humanitate
1405 1117 1447 1155 et

52 1184 85 1209 15
105 1173 392 1225 observantia,
434 1174 480 1213 ut
519 1186 615 1213 eum
652 1172 732 1212 tibi
770 1172 855 1212 iam
886 1172 1026 1226 ipsum
1056 1187 1132 1227 per
1163 1187 1205 1213 se
1238 1187 1447 1213 commen-

106 1232 250 1272 datum
281 1234 437 1285 putem.
501 1230 623 1280 Quod
653 1233 795 1271 tamen
821 1231 856 1271 si
882 1231 942 1271 ita
973 1234 1047 1285 est,
1078 1245 1233 1286 magno
1267 1245 1392 1285 opere
1424 1246 1448 1272 a

104 1294 146 1331 te
178 1304 353 1345 quaeso,
395 1292 442 1330 ut
479 1289 533 1330 ad
569 1304 660 1329 eam
692 1289 974 1344 voluntatem,
1017 1290 1052 1330 si
1091 1304 1217 1343 quam
1248 1290 1293 1330 in
1324 1290 1447 1330 illum

105 1352 201 1390 ante
257 1348 333 1389 has
382 1362 497 1389 meas
552 1347 716 1388 litteras
766 1348 1007 1402 contulisti,
1063 1363 1189 1402 quam
1238 1349 1448 1389 maximus

104 1411 201 1462 post
231 1421 325 1448 mea
356 1406 720 1448 commendatione
752 1406 944 1447 cumulus
981 1407 1167 1462 accedat,
1209 1407 1274 1447 sin
1307 1410 1447 1448 autem

54 1478 86 1502 ·20
106 1469 280 1520 propter
311 1465 606 1506 verecundiam
644 1479 763 1506 suam
800 1465 941 1506 minus
973 1480 1015 1506 se
1046 1466 1128 1506 tibi
1161 1465 1335 1520 optulit,
1377 1468 1449 1506 aut

106 1525 294 1565 nondum
321 1539 416 1565 eum
443 1524 544 1564 satis
569 1523 700 1564 habes
727 1524 957 1579 cognitum,
983 1527 1056 1565 aut
1088 1538 1193 1578 quae
1226 1538 1349 1565 causa
1375 1527 1449 1579 est,

108 1597 182 1623 cur
224 1583 398 1623 maioris
442 1582 820 1623 commendationis
863 1582 1074 1638 indigeat,
1126 1582 1186 1624 sic
1227 1583 1309 1623 tibi
1353 1597 1449 1623 eum

107 1641 373 1695 commendo,
412 1644 459 1681 ut
489 1655 624 1694 neque
662 1641 821 1681 maiore
854 1641 994 1681 studio
1027 1655 1281 1695 quemquam
1313 1656 1448 1695 neque

108 1699 358 1740 iustioribus
397 1699 446 1740 de
488 1699 622 1739 causis
660 1699 952 1739 commendare
992 1699 1173 1753 possim,
1213 1700 1448 1753 faciamque

55 1771 88 1795 25
110 1758 163 1812 id,
196 1757 310 1812 quod
348 1757 502 1798 debent
538 1758 674 1798 faceie
705 1758 754 1811 11,
792 1757 864 1811 qui
896 1757 1093 1812 religiose
1125 1760 1166 1798 et
1198 1758 1286 1798 sine
1319 1758 1450 1798 ambi-

108 1817 224 1858 tione
245 1816 558 1869 commendant3
589 1815 803 1869 spondebo
830 1816 942 1856 enim
967 1816 1048 1856 tibi
1067 1816 1135 1856 vel
1158 1816 1302 1870 potius
1328 1830 1450 1870 spon-

111 1875 187 1916 deo
219 1875 264 1916 in
295 1889 446 1928 meque
478 1849 634 1928 recipio
667 1888 738 1914 eos
764 1888 851 1914 esse
877 1873 945 1915 M'.
973 1873 1074 1915 Curi
1104 1888 1242 1915 mores
1274 1889 1450 1928 eamque

111 1948 205 1974 cum
242 1933 501 1987 probitatem
538 1935 630 1972 tum
668 1932 796 1972 etiam
832 1932 1157 1986 humanitatem,
1190 1935 1237 1973 ut
1274 1947 1370 1973 eum
1408 1935 1450 1973 et

111 1992 296 2032 amicitia
334 1994 407 2032 tua
445 1993 485 2032 et
522 1994 609 2031 tam
647 1993 840 2031 accurata
878 1966 1257 2044 commendatione,
1295 1991 1330 2032 si
1367 1991 1449 2032 tibi

59 2062 92 2087 30
112 2051 168 2091 sit
212 2050 426 2106 cognitus,
472 2049 647 2104 dignum
692 2049 748 2089 sis
791 2049 1119 2090 existimaturus.
1186 2049 1294 2090 Mihi
1338 2052 1449 2090 certe

111 2109 399 2164 gratissimum
431 2107 598 2161 feceris,
631 2107 665 2147 si
697 2107 945 2148 intellexero
975 2108 1052 2148 has
1082 2108 1246 2148 litteras
1271 2110 1449 2163 tantum,

112 2170 317 2221 quantum
343 2167 529 2208 scribens
550 2165 823 2220 confidebam,
849 2166 960 2220 apud
984 2168 1026 2207 te
1050 2166 1215 2220 pondus
1240 2166 1448 2208 habuisse.
