1659 2552
638 87 781 122 LIBER
805 87 856 122 IV
880 90 914 131 4,
941 89 971 122 5.
1419 85 1474 126 87

139 185 283 228 17311113
313 185 431 240 colit,
463 184 581 225 cuius
612 198 691 239 ego
724 198 819 224 cum
851 183 966 224 omni
991 182 1204 236 probitate
1229 196 1477 235 summaque

139 245 297 286 virtute
336 246 429 285 tum
468 243 619 284 studiis
636 218 933 296 &doctrinaque
975 241 1170 282 delector.
1230 239 1272 281 Is
1311 255 1476 281 mecum

139 318 262 358 saepe
306 303 356 343 de
398 305 472 343 tua
513 301 730 343 mansione
778 303 851 342 aut
894 300 1133 342 decessione
1183 299 1476 341 communicat.

139 362 293 404 Adhuc
329 362 373 402 in
409 361 489 402 hac
524 375 618 401 sum
655 359 878 413 sententia,
914 359 1024 400 1111111
1054 361 1102 400 ut
1132 359 1354 412 faciamus,
1395 358 1478 398 nisi

105 432 122 458 5
143 421 257 476 quod
295 420 478 461 maxime
519 418 671 460 Caesar
709 418 816 459 velle
855 418 1058 459 videatur.
1120 417 1204 458 Res
1247 419 1346 457 sunt
1389 416 1478 457 eius

140 480 274 534 modi,
315 482 379 533 ut,
417 478 452 519 si
483 477 644 518 Romae
681 477 754 531 818,
795 477 903 517 nihil
938 479 1106 531 praeter
1142 479 1239 517 tuos
1272 475 1478 516 delectare

140 513 286 594 possit.
330 537 393 579 De
418 537 592 591 reliquis
617 536 725 576 nihil
750 535 901 577 melius
926 535 1018 590 ipso
1044 537 1108 576 est
1128 534 1315 589 Caesare,
1342 536 1480 575 cetera

142 600 240 638 sunt
260 597 348 638 eius
374 596 501 650 modi,
527 598 585 648 ut,
611 595 647 635 81
673 595 853 635 3116111111
878 596 1022 635 111111111
1046 607 1214 634 11606886
1241 593 1308 647 811,
1334 592 1479 634 audire

143 671 191 697 ea
220 655 343 696 malis
375 669 501 709 quam
532 654 685 694 videre.
746 652 841 694 Hoc
875 655 1069 694 nostrum
1100 627 1325 693 consilium
1356 651 1480 692 nobis

90 727 123 752 1ο
142 715 316 755 minime
347 713 576 754 iucundum
608 715 682 767 est,
714 712 787 766 qui
812 715 853 753 te
884 711 1026 753 videre
1053 711 1256 766 cupimus,
1287 710 1361 751 sed
1386 724 1481 751 con-

143 773 320 815 sulimus
351 772 443 813 tibi.
504 770 622 812 Vale.

786 875 838 917 V.

271 958 344 993 Ser.
371 957 522 992 Athenis
547 957 628 991 circ.
655 958 771 991 medio
796 967 912 990 mense
938 956 1080 990 Martio
1105 968 1138 990 a.
1166 958 1238 990 709
1264 956 1354 999 (45).

567 1037 765 1072 SERVIUS
792 1036 1015 1072 CICERONI
1041 1036 1074 1072 S.

94 1137 126 1162 15
231 1123 514 1177 Posteaquam
543 1122 651 1163 mihi
682 1122 971 1163 renuntiatum
996 1123 1059 1162 est
1085 1121 1136 1162 de
1162 1120 1283 1162 obitu
1307 1120 1482 1175 Tulliae,

145 1183 257 1224 filiae
288 1185 402 1236 tuae,
434 1196 532 1222 sane
564 1196 691 1236 quam
721 1195 799 1235 pro
831 1194 893 1234 60,
924 1194 972 1220 30
1004 1180 1147 1234 debui,
1179 1179 1367 1235 graviter
1396 1193 1484 1220 mo—

144 1242 332 1296 lesteque
371 1240 453 1281 tuli
493 1254 842 1293 communemque
885 1254 977 1280 eam
1020 1238 1303 1279 calamitatem
1343 1238 1485 1279 existi-

146 1300 277 1355 mavi,
309 1299 393 1354 qui,
424 1299 461 1340 81
491 1298 587 1339 18110
618 1298 857 1352 adfuissem,
888 1311 1023 1351 neque
1048 1297 1129 1338 tibi
1162 1297 1388 1338 defuissem
1420 1311 1485 1337 co—

147 1373 320 1413 ramque
356 1372 498 1399 meum
538 1357 727 1398 dolorem
758 1357 838 1397 tibi
880 1356 1165 1397 declarassem.
1226 1355 1323 1396 Etsi
1352 1370 1484 1411 genus

94 1430 128 1455 20
146 1417 229 1459 hoc
259 1416 558 1458 consolationis
589 1416 791 1457 miserum
816 1417 942 1469 atque
967 1414 1165 1455 acerbum
1191 1417 1265 1468 est,
1295 1417 1487 1468 propter-

149 1491 197 1517 ea
236 1476 354 1530 quia,
399 1490 475 1530 per
515 1489 620 1529 quos
661 1489 709 1515 ea
746 1474 919 1515 confieri
960 1473 1100 1527 debet,
1138 1473 1401 1527 propinquos
1439 1486 1487 1513 ac

149 1534 386 1588 familiaris,
423 1533 455 1574 ii
485 1533 567 1588 ipsi
596 1533 690 1587 pari
719 1532 915 1574 molestia
945 1532 1200 1572 adficiuntur
1230 1546 1366 1596 neque
1397 1531 1486 1571 sine

148 1593 333 1633 lacrimis
363 1592 509 1633 multis
541 1592 585 1632 id
615 1592 758 1633 0011311
788 1593 977 1646 possunt,
1009 1591 1073 1631 uti
1103 1590 1239 1646 magis
1269 1590 1351 1644 ipsi
1375 1589 1487 1631 vide-

150 1653 275 1691 antur
311 1650 490 1691 aliorum
526 1650 813 1691 consolatione
849 1650 1039 1705 indigere
1077 1664 1204 1703 quam
1241 1648 1335 1689 aliis
1365 1663 1487 1702 posse

96 1721 130 1746 25
151 1724 273 1750 suum
306 1709 493 1749 officium
523 1711 747 1763 praestare,
779 1711 931 1762 tamen,
964 1722 1069 1762 quae
1101 1708 1145 1748 in
1175 1707 1413 1761 praesentia
1444 1706 1488 1747 in

150 1770 336 1808 mentem
359 1767 466 1807 mihi
490 1769 707 1821 venerunt,
739 1766 903 1807 decrevi
928 1766 1047 1807 brevi
1073 1766 1126 1806 ad
1149 1768 1191 1806 te
1216 1765 1488 1819 perscribere,

151 1840 237 1867 non
277 1840 360 1880 quo
401 1839 449 1865 ea
487 1827 529 1865 te
568 1825 715 1880 fugere
752 1825 1009 1878 existimem,
1050 1824 1124 1865 sed
1160 1824 1275 1877 quod
1309 1824 1489 1864 forsitan

153 1885 298 1926 dolore
329 1883 557 1937 impeditus
587 1883 727 1923 minus
759 1898 806 1924 ea
836 1858 1075 1936 perspicias

242 1942 353 1991 Quid
383 1945 456 1995 est,
489 1941 603 1995 quod
632 1944 751 1982 tanto
784 1955 908 1994 opere
933 1944 975 1982 te
1001 1942 1264 1981 commoveat
1294 1910 1393 1979 tuus
1420 1938 1489 1979 do

99 2013 134 2038 30
152 2001 219 2042 101
249 1976 505 2041 intestinu's‘?
538 1998 700 2054 Cogita,
733 2014 857 2053 quem
883 1999 936 2039 ad
959 1998 1133 2039 modum
1158 1998 1295 2038 adhuc
1318 1998 1490 2037 fortuna

152 2059 375 2102 nobiscum
411 2058 562 2115 egerit,
603 2072 650 2098 ea
686 2057 809 2098 nobis
847 2059 991 2110 erepta
1021 2071 1126 2110 esse,
1165 2070 1270 2110 quae
1309 2055 1490 2096 homini-

153 2117 233 2159 bus
263 2133 349 2159 non
379 2118 518 2158 minus
550 2131 676 2170 quam
706 2115 830 2156 liberi
863 2130 957 2156 cara
988 2129 1076 2156 esse
1102 2114 1266 2167 debent,
1296 2113 1490 2168 patriam,

153 2176 430 2230 honestatem,
463 2176 735 2231 dignitatem,
766 2174 948 2215 honores
980 2172 1127 2214 omnis.
1190 2172 1284 2213 Hoc
1314 2186 1398 2213 uno
1431 2171 1491 2212 in-

155 2235 376 2276 commodo
408 2235 551 2275 addito
584 2233 687 2288 quid
717 2233 770 2274 3(1
801 2233 990 2273 (101016111
1015 2231 1189 2286 adiungi
1213 2230 1387 2285 potuit?
1418 2233 1490 2271 aut

102 2305 137 2331 85
157 2294 230 2348 qui
261 2308 347 2335 non
377 2293 422 2334 in
458 2293 543 2333 11118
581 2292 707 2333 rebus
745 2291 997 2332 exercitatus
1029 2290 1193 2330 animus
1226 2289 1375 2330 callere
1407 2289 1492 2330 iam

1515 1949 1535 1978 10
