1659 2552
139 93 195 136 98
639 91 979 128 EPISTULARUM

141 192 184 232 et
215 189 447 231 amicorum
485 189 781 231 benevolentia
817 201 954 242 neque
986 187 1030 228 in
1068 187 1243 228 adversa
1272 202 1409 242 neque
1440 187 1486 228 111

141 249 323 290 secunda
352 249 524 290 fortuna
550 249 773 302 quisquam
798 247 940 288 vivere
965 246 1111 300 possit.
1159 244 1346 300 Itaque
1335 261 1379 287 111
1403 246 1486 287 hoc

142 322 235 373 ego.
252 307 359 348 mihi
390 307 600 362 gr·3atuloi
637 309 684 347 tu
716 320 816 347 vero
848 307 896 346 ut
934 305 1157 360 intellegas
1188 304 1352 346 homini
1384 305 1486 346 ami-

142 366 310 408 cissimo
341 369 384 408 te
414 366 614 407 tribuisse
647 365 856 420 officium,
888 377 933 405 re
963 363 1047 405 tibi
1076 363 1312 418 praestabo.
1367 362 1485 405 Vale.

769 550 863 594 XII.

379 645 452 681 Ser.
486 646 639 680 Athenis
665 656 724 689 pr.
753 644 801 678 K.
833 644 967 678 Iunias
998 655 1032 678 a.
1061 645 1133 678 709
1161 645 1252 687 (45).

445 716 645 773 saavms
672 737 898 772 oicnaom
925 736 1021 771 SAL.
1049 736 1185 771 PLUR.

234 835 328 876 Etsi
369 834 455 876 scio
495 848 581 875 non
625 833 976 875 iucundissimum
1019 847 1086 874 me
1130 832 1328 873 nuntium
1368 830 1490 873 vobis

147 895 394 947 allaturum,
426 896 588 947 tamen,
630 892 831 947 quoniam
870 906 988 933 casus
1030 894 1071 932 et
1108 894 1261 932 natura
1291 891 1335 932 in
1366 890 1490 932 nobis

148 953 400 1006 dominatur,
431 952 569 993 visum
601 955 664 993 est
695 951 955 1006 faciendum,
987 964 1158 1005 quoquo
1190 949 1317 991 modo
1350 963 1415 990 res
1447 963 1490 990 se

146 1012 333 1066 haberet,
364 1025 439 1052 vos
471 1010 671 1052 certiores
702 1011 849 1051 facere.
910 1009 960 1050 A.
989 1009 1024 1050 d.
1050 1024 1079 1050 x
1110 1008 1160 1050 K.
1191 1007 1282 1049 Iun.
1315 1022 1411 1049 cum
1437 1007 1489 1049 ab

149 1045 364 1125 Epidauro
402 1069 600 1111 Piraeum
636 1069 736 1110 navi
774 1068 972 1110 advectus
1005 1082 1155 1122 essem,
1193 1068 1254 1108 ibi
1286 1066 1350 1108 Μ
1382 1066 1492 1107 Mar-

150 1129 321 1183 cellum,
363 1128 582 1184 conlegam
612 1130 827 1182 nostrum,
868 1127 1044 1168 conveni
1076 1141 1256 1181 eumque
1289 1126 1399 1167 diem
1431 1125 1493 1166 ibi

151 1163 408 1242 consumpsi,
446 1190 494 1227 ut
532 1201 626 1228 cum
665 1201 714 1227 eo
752 1200 895 1227 essem.
957 1185 1134 1226 Postero
1167 1185 1233 1226 die
1266 1184 1318 1225 ab
1352 1198 1400 1225 eo
1434 1183 1493 1224 di-

150 1261 318 1303 gressus
355 1260 448 1286 sum
486 1260 535 1287 eo
574 1245 769 1299 consilio,
806 1248 854 1285 ut
891 1244 943 1285 ab
975 1243 1157 1285 Athenis
1195 1244 1239 1284 in
1270 1242 1493 1284 Boeotiam

151 1306 257 1346 irem
290 1305 581 1358 reliquamque
613 1304 717 1345 iuris
751 1279 978 1344 dictionem
1011 1303 1294 1357 absolverem3
1325 1301 1415 1356 ille,
1446 1303 1494 1342 ut

152 1364 303 1418 aiebat,
347 1377 473 1417 supra
515 1362 673 1403 Maleas
723 1362 766 1402 in
809 1360 978 1402 Italiam
1022 1375 1167 1402 versus
1215 1360 1493 1415 navigaturus

154 1425 253 1464 erat.
314 1421 418 1462 Post
459 1421 570 1462 diem
609 1421 784 1462 tertium
829 1420 917 1461 eius
959 1420 1042 1460 diei
1083 1434 1177 1460 cum
1218 1419 1270 1460 ab
1311 1418 1493 1459 Athenis

154 1480 364 1535 proficisci
396 1480 439 1520 in
472 1480 612 1520 animo
644 1479 857 1533 haberem,
889 1478 1056 1519 circiter
1080 1474 1185 1519 hora
1212 1477 1373 1518 decima
1397 1491 1493 1518 noc-

153 1540 208 1581 tis
239 1538 283 1580 P.
315 1538 571 1592 Postumius,
602 1537 823 1578 familiaris
855 1537 955 1591 eius,
987 1536 1039 1577 ad
1069 1551 1135 1577 me
1167 1536 1283 1577 venit
1314 1538 1356 1577 et
1386 1535 1493 1576 mihi

155 1598 367 1639 nuntiavit
397 1597 452 1638 M.
482 1596 741 1651 Marcellum,
774 1595 979 1651 collegam
1004 1598 1209 1649 nostrum,
1240 1596 1337 1649 post
1368 1608 1493 1636 cenae

154 1661 321 1711 tempus
347 1672 371 1697 a
394 1655 439 1696 P.
465 1655 608 1712 Magio
637 1654 795 1709 Cilone,
827 1654 1034 1695 familiare
1060 1654 1160 1708 eius,
1191 1653 1378 1709 pugione
1402 1667 1494 1708 per-

156 1730 322 1756 cussum
360 1729 447 1756 esse
485 1717 526 1755 et
564 1714 646 1755 duo
685 1714 859 1754 vulnera
899 1713 1125 1767 accepisse,
1166 1727 1298 1753 unum
1335 1712 1379 1752 in
1411 1714 1494 1753 sto-

155 1774 317 1828 macho,
348 1773 527 1814 alterum
560 1773 603 1813 in
630 1773 765 1827 capite
797 1772 1025 1813 secundum
1057 1786 1218 1836 aurem3
1250 1770 1409 1826 sperari
1434 1773 1494 1811 ta-

1511 961 1545 987 10

1513 1255 1546 1280 15

1513 1548 1547 1574 20

155 1847 252 1874 men
284 1847 379 1873 eum
410 1832 551 1873 vivere
588 1846 727 1886 posse3
767 1830 958 1886 Magium
990 1845 1032 1871 se
1065 1831 1204 1884 ipsum
1234 1828 1493 1870 interfecisse
1512 1840 1546 1866 25

155 1894 318 1946 postea3
359 1905 400 1931 se
433 1906 456 1931 a
487 1890 687 1931 Marcello
728 1889 781 1930 ad
819 1904 886 1930 me
926 1889 1101 1930 missum
1133 1903 1241 1943 esse,
1282 1887 1355 1942 qui
1390 1887 1494 1928 haec

156 1950 371 1991 nuntiaret
402 1952 443 1990 et
475 1951 655 2005 rogaret,
687 1948 751 1989 uti
775 1948 960 1989 medicos
992 1947 1030 1989 ei
1060 1947 1283 1988 mitterem.
1343 1944 1492 2000 Itaque

155 2009 340 2050 medicos
381 2007 500 2064 coegi
538 2010 580 2048 et
614 2022 635 2048 e
667 2007 847 2062 vestigio
889 2021 938 2048 eo
975 2021 1069 2047 sum
1105 2006 1318 2060 profectus
1355 2004 1493 2058 prima

155 2068 257 2108 luce.
321 2066 427 2107 Cum
459 2081 543 2107 non
574 2066 700 2122 longe
727 2081 750 2107 a
775 2042 924 2106 Piraeo
956 2065 1155 2131 abessem,
1186 2078 1291 2118 puer
1321 2062 1491 2103 Acidini

157 2126 325 2166 obviam
356 2125 463 2166 mihi
488 2125 604 2166 venit
630 2139 724 2166 cum
751 2124 966 2178 codicillis,
997 2124 1041 2164 in
1067 2123 1220 2177 quibus
1251 2123 1340 2162 erat
1365 2121 1492 2176 scrip-
1511 2133 1546 2160 80

157 2188 247 2224 tum
285 2184 411 2238 paulo
449 2186 545 2224 ante
582 2184 719 2225 lucem
750 2183 997 2224 Marcessum
1035 2181 1145 2222 diem
1182 2194 1304 2221 suum
1343 2179 1491 2222 obisse.

157 2241 221 2282 Ita
252 2243 317 2283 vir
354 2242 609 2283 clarissimus
647 2242 699 2283 ab
737 2241 907 2283 homine
940 2241 1178 2282 deterrumo
1211 2238 1493 2280 acerbissuma

158 2303 293 2341 morte
326 2303 388 2341 est
419 2301 623 2355 adfectus,
656 2303 714 2354 et,
747 2301 813 2341 cui
845 2298 1004 2340 inimici
1036 2300 1209 2353 propter
1241 2297 1492 2353 dignitatem
