1659 2552
635 103 779 138 LIBER
803 103 837 138 V
863 107 1013 138 17—19.
1422 104 1502 145 131

160 199 324 240 dicione
357 214 501 240 omnes
531 199 725 240 homines
757 201 799 240 et
831 199 985 253 quibus
1016 199 1282 253 temporibus
1314 214 1390 240 nos
1415 200 1505 240 nati

161 259 304 313 simus,
337 259 507 314 cogites.
570 257 672 299 Plus
703 258 784 299 tibi
816 258 952 299 virtus
983 260 1057 298 tua
1089 257 1221 311 dedit,
1264 272 1390 312 quam
1422 259 1505 299 for-

160 321 265 358 tuna
302 317 495 370 abstulit,
537 319 761 371 propterea
801 317 915 370 quod
958 316 1134 370 adeptus
1178 331 1221 357 es
1263 317 1377 370 quod
1418 332 1505 357 non

163 376 288 417 multi
328 376 522 417 homines
559 376 680 428 novi,
722 375 900 416 amisisti
942 389 1047 429 quae
1094 375 1266 429 plurimi
1311 375 1506 416 homiues

126 435 429 476 5nobilissimi.
491 434 554 475 Ea
599 434 779 488 denique
819 434 989 475 videtur
1028 434 1219 475 condicio
1263 434 1506 488 impendere

161 495 323 550 legum,
362 493 633 547 iudiciorum,
672 497 928 546 temporum,
967 494 1014 533 ut
1046 493 1205 547 optime
1237 496 1378 534 actum
1411 507 1505 534 cum

162 568 212 594 eo
238 553 431 593 videatur
462 566 561 605 esse,
594 551 666 606 qui
699 566 825 605 quam
855 551 1070 592 levissima
1099 566 1234 606 poena
1267 552 1318 592 ab
1351 552 1430 593 hac
1461 566 1505 593 re

162 628 200 667 p.
235 611 481 652 discesserit.
544 610 607 651 Tu
639 625 751 665 vero,
785 610 857 664 qui
889 613 931 651 et
962 611 1154 651 fortunas
1180 614 1222 652 et
1245 611 1403 651 liberos
1434 610 1506 651 ha-

162 671 262 712 beas
300 673 342 711 et
377 684 454 710 nos
496 672 740 723 ceterosque
780 669 1087 710 necessitudine
1129 672 1171 710 et
1210 669 1506 711 benevolentia

109 741 143 764 10
163 734 303 771 tecum
344 728 727 782 coniunctissimos,
770 742 982 782 quomque
1022 743 1220 783 magnam
1261 728 1506 769 facultatem

163 790 220 830 sis
250 788 476 829 habiturus
512 786 735 828 nobiscum
767 790 809 827 et
846 801 941 843 cum
980 787 1177 828 omnibus
1208 787 1292 828 tuis
1324 787 1506 841 vivendi,

164 851 206 889 et
237 862 332 888 oum
363 861 495 886 unum
537 846 592 886 sit
632 846 836 886 iudicium
877 859 928 886 ex
968 847 1055 886 tam
1095 846 1259 900 multis,
1301 846 1414 900 quod
1444 860 1506 886 re-

162 905 465 962 prehendatur,
504 907 552 945 ut
584 904 698 958 quod
735 918 819 944 una
856 904 1064 945 sententia
1102 919 1231 958 eaque
1270 904 1397 945 dubia
1434 919 1507 959 po-

163 965 320 1007 tentiae
352 963 529 1004 alieuius
562 963 846 1004 condonatum
885 963 1167 1017 existimetur,
1207 963 1403 1004 omnibus
1439 963 1507 1004 his

111 1033 143 1058 15
164 1025 214 1066 de
247 1024 382 1065 causis
415 1022 540 1063 debes
573 1022 698 1063 istam
728 1022 969 1062 molestiam
995 1037 1122 1076 quam
1146 1022 1360 1063 lenissime
1385 1023 1505 1063 ferre.

162 1083 284 1124 Meus
315 1082 480 1122 animus
512 1080 593 1121 erit
624 1080 668 1121 in
700 1083 742 1121 te
772 1080 1014 1135 liberosque
1046 1083 1143 1122 tuos
1175 1095 1350 1135 semper,
1382 1095 1507 1135 quem

163 1146 211 1183 tu
244 1156 331 1183 esse
363 1141 447 1195 vis,
480 1143 522 1180 et
554 1139 627 1194 qui
659 1154 748 1180 esse
781 1139 916 1180 debet.

776 1290 889 1333 XIX.

343 1373 416 1408 Ser.
444 1374 484 1406 in
511 1372 673 1407 Cwna‘no
698 1373 780 1407 circ.
807 1372 872 1406 IV
896 1372 943 1407 K.
972 1372 1067 1406 Mai.
1095 1384 1127 1407 α.
1156 1374 1227 1407 705
1255 1373 1344 1415 (49).

111 1456 145 1480 20
667 1452 835 1488 CICERO
861 1453 1002 1489 RUFO.

255 1551 349 1592 Etsi
380 1550 487 1591 mihi
518 1564 749 1604 numquam
782 1549 959 1590 dubium
991 1549 1093 1604 fuit,
1126 1550 1229 1604 quin
1260 1550 1341 1590 tibi
1373 1564 1506 1591 essem

169 1610 419 1663 carissimus,
451 1611 592 1649 tamen
625 1608 779 1649 cotidie
810 1608 946 1664 magis
978 1608 1021 1649 id
1052 1609 1273 1663 perspicio,
1309 1611 1507 1663 extatque

168 1669 228 1722 id,
270 1667 382 1721 quod
422 1667 528 1707 mihi
569 1667 810 1708 ostenderas
848 1667 1101 1720 quibusdam
1137 1667 1309 1722 litteris,
1349 1667 1431 1708 hoc
1466 1670 1507 1708 te

169 1726 465 1767 studiosiorem
502 1725 547 1765 in
586 1739 653 1766 me
692 1725 866 1765 colendo
903 1726 1013 1779 foi-,e
1052 1740 1179 1779 quam
1209 1726 1253 1766 in
1290 1727 1509 1780 provincia

116 1785 319 1825 25fuisses
352 1782 450 1839 (etsi
481 1797 575 1824 meo
608 1783 763 1824 iudicio
794 1783 903 1824 nihil
935 1784 987 1824 ad
1011 1787 1133 1824 tuum
1164 1784 1421 1838 provinciale
1449 1785 1508 1825 of-

168 1844 311 1884 ficium
344 1842 440 1882 addi
470 1840 646 1897 potest),
685 1856 768 1895 quo
799 1841 974 1882 liberius
1011 1843 1215 1883 iudicium
1246 1857 1334 1883 esse
1366 1845 1508 1896 posset

168 1905 300 1942 tuum.
362 1899 509 1953 Itaque
540 1914 607 1940 me
639 1902 680 1940 et
706 1900 942 1954 superiores
967 1900 1133 1941 litterae
1158 1904 1255 1941 tuae
1281 1901 1507 1942 admodum

170 1961 499 2012 delectaverunt,
533 1958 686 2012 quibus
717 1961 758 1998 et
790 1961 1076 2012 exspectatum
1108 1973 1248 2000 meum
1280 1951 1508 2000 adventum

170 2019 244 2060 abs
276 2021 317 2059 te
350 1993 539 2059 amant'er
570 2016 765 2057 videbam
797 2019 854 2070 et,
896 2031 991 2057 cum
1028 2018 1151 2057 aliter
1182 2032 1246 2058 res
1279 2017 1506 2073 cecidisset,

118 2086 150 2111 30
170 2092 217 2119 ac
247 2080 449 2131 putasses,
481 2079 522 2116 te
554 2089 647 2116 meo
681 2075 855 2115 consilio
887 2089 1142 2130 magnopere
1174 2090 1261 2116 esse
1293 2076 1507 2130 laetatum,

170 2139 212 2177 et
250 2151 300 2177 ex
336 2136 403 2176 his
441 2134 646 2189 proximis
683 2134 837 2174 litteris
876 2148 1079 2189 magnum
1116 2135 1207 2188 cepi
1243 2134 1428 2175 fructum
1465 2138 1507 2175 et

170 2195 314 2235 iudicii
347 2197 387 2235 et
420 2193 550 2234 officii
575 2193 649 2246 tui,
682 2192 838 2246 iudicii,
871 2192 984 2246 quod
1008 2193 1209 2248 intellego
1241 2195 1294 2247 te,
1326 2193 1370 2234 id
1394 2194 1508 2247 quod

171 2267 315 2294 omnes
347 2253 477 2293 fortes
509 2266 556 2292 ac
587 2251 689 2292 boni
721 2251 801 2291 viri
839 2251 973 2291 facere
1012 2251 1181 2304 debent,
1220 2251 1329 2292 nihil
1357 2255 1506 2306 putare

170 2312 273 2352 utile
305 2325 411 2365 esse,
448 2311 530 2351 nisi
569 2310 682 2365 quod
718 2312 879 2350 rectum
910 2309 1218 2363 honestumque
1255 2310 1326 2365 sit,
1365 2311 1506 2360 officii,

1221 2379 1265 2412 9*
