1659 2552
143 1141 159 1168 1

557 675 700 710 LIBER
724 674 928 710 TERTms
954 674 1162 710 DECIMUS

333 761 422 802 AD
466 751 890 802 C.'MEMMIUM
927 758 1010 799 ET
1050 757 1371 800 CETEROS.

846 875 877 917 Ι.

205 959 280 994 Ser.
307 959 460 994 Athenis
484 959 580 994 inter
612 958 693 993 VII
714 958 761 992 K.
789 962 822 992 et
842 958 941 1002 prid.
969 957 1065 992 Non.
1096 957 1237 1003 Quinct.
1264 968 1298 992 a.
1326 958 1398 992 703
1425 959 1514 1000 (51).

523 1040 571 1075 M.
599 1038 768 1074 CICERO
797 1038 830 1074 S.
857 1039 900 1074 D.
929 1038 964 1074 C.
992 1038 1202 1073 MEMMIO.
1569 1051 1586 1077 5

276 1124 371 1165 Etsi
396 1139 482 1165 non
508 1124 610 1164 satis
635 1123 742 1164 mihi
768 1122 1027 1177 constiterat,
1061 1136 1155 1163 cum
1182 1122 1377 1176 aliquane
1403 1121 1534 1162 animi

187 1184 272 1225 mei
314 1183 511 1224 molestia
555 1197 607 1223 an
649 1182 793 1236 potius
836 1181 1033 1222 lubenter
1069 1184 1111 1221 te
1148 1180 1330 1222 Athenis
1366 1180 1534 1221 visurus

189 1257 339 1297 essem,
379 1242 492 1296 quod
524 1241 696 1295 iniuria,
739 1255 865 1294 quam
897 1240 1113 1294 accepisti,
1153 1239 1297 1280 dolore
1335 1253 1402 1280 me
1433 1238 1535 1279 adfi-

189 1304 313 1355 ceret,
345 1300 553 1354 sapientia
584 1303 668 1354 tua,
701 1314 783 1353 qua
814 1299 899 1339 fers
931 1299 1149 1352 iniuriam,
1179 1298 1360 1352 laetitia,
1391 1300 1534 1338 tamen

188 1360 343 1400 vidisse
374 1363 416 1399 te
447 1359 635 1412 mallem,
666 1372 776 1411 nam,
809 1357 922 1411 quod
955 1360 1016 1397 est
1048 1356 1278 1410 molestiae,
1310 1370 1396 1396 non
1434 1370 1532 1396 sane
1554 1368 1586 1394 10

189 1418 325 1459 multo
356 1418 491 1458 levius
523 1420 597 1471 est,
630 1431 725 1457 011111
756 1419 798 1456 te
829 1430 914 1456 non
946 1415 1086 1469 video,
1128 1415 1241 1469 quod
1273 1428 1360 1455 esse
1391 1414 1534 1468 potuit

189 1476 438 1531 voluptatis,
478 1478 605 1529 certe,
644 1474 679 1515 si
710 1474 910 1523 vidissem
941 1477 999 1528 te,
1037 1474 1132 1528 plus
1164 1473 1323 1514 fuisset.
1384 1472 1533 1527 Itaque

189 1550 275 1576 non
308 1534 513 1575 dubitabo
547 1534 644 1574 dare
677 1547 860 1587 operam,
892 1535 939 1573 ut
965 1535 1006 1573 te
1032 1532 1210 1587 videam,
1242 1546 1337 1573 011111
1363 1531 1407 1572 id
1431 1532 1534 1573 satis

191 1594 409 1635 commode
441 1594 577 1634 faeere
608 1595 806 1646 potuer03
844 1592 1015 1645 interea,
1047 1591 1161 1645 quod
1191 1605 1267 1645 per
1297 1590 1461 1632 litteras
1493 1592 1535 1631 et

191 1653 259 1709 agi
291 1655 431 1693 tecum
463 1655 515 1706 et,
548 1654 595 1692 ut
626 1650 823 1704 arbitror,
855 1650 1005 1690 confici
1036 1652 1188 1704 potest,
1220 1664 1354 1705 agam.
1408 1648 1535 1691 Nunc
1554 1660 1587 1686 15

190 1715 232 1752 te
268 1711 374 1751 illud
413 1711 600 1764 primum
640 1709 820 1764 rogabo,
857 1723 909 1749 ne
947 1708 1049 1763 quid
1087 1708 1245 1749 invitus
1282 1722 1376 1749 mea
1412 1721 1536 1748 eausa

191 1770 330 1824 facias,
363 1770 434 1810 sed
460 1769 515 1823 id,
547 1769 661 1822 quod
685 1782 779 1808 mea
804 1767 1025 1823 intelleges
1050 1767 1244 1821 multum,
1276 1770 1349 1807 tua
1375 1766 1535 1807 nullam

191 1830 234 1870 in
259 1831 424 1883 partem
450 1828 662 1881 interesse,
694 1827 754 1867 ita
778 1826 885 1867 mihi
911 1826 994 1881 des,
1020 1826 1055 1867 si
1080 1826 1173 1880 tibi,
1199 1829 1247 1866 ut
1272 1825 1316 1866 id
1340 1825 1536 1866 lubenter

191 1888 332 1942 facias,
364 1890 461 1928 ante
492 1885 761 1941 persuaseris.

281 1946 388 1987 Cum
413 1945 597 1986 Patrone
623 1944 825 1998 Epicurio
857 1943 963 1984 mihi
992 1943 1134 1984 omnia
1165 1945 1275 1996 sunt,
1306 1941 1388 1982 nisi
1421 1940 1534 1995 quod
1554 1953 1588 1978 20

191 2006 235 2046 in
278 2004 551 2059 philosophia
591 2003 862 2044 vehementer
906 2002 958 2042 ab
1001 2016 1050 2043 eo
1095 2001 1308 2042 dissentio.
1371 1998 1453 2040 Sed
1494 2004 1536 2040 et

191 2064 316 2105 initio
347 2063 525 2116 Romae,
565 2076 660 2103 011111
691 2064 732 2102 te
765 2075 933 2115 quoque
966 2063 1007 2101 et
1038 2063 1135 2101 tuos
1167 2073 1311 2100 omnes
1343 2072 1534 2112 opserva-

191 2123 282 2177 bat,
314 2136 381 2163 me
414 2122 545 2162 coluit
577 2121 620 2161 in
652 2119 802 2174 primis
834 2122 875 2159 et
906 2133 1060 2173 nuper,
1094 2133 1189 2159 011111
1221 2131 1285 2170 ea,
1327 2131 1432 2170 quae
1463 2131 1535 2158 vo-

191 2182 272 2222 luit
305 2181 354 2221 de
387 2181 473 2221 suis
500 2179 732 2220 commodis
758 2181 800 2219 et
831 2177 1042 2232 praemiis,
1074 2178 1321 2218 consecutus
1347 2178 1420 2229 est,
1451 2189 1536 2216 me-

192 2254 258 2280 me
289 2239 441 2280 habuit
473 2253 646 2279 suorum
674 2237 942 2278 defensorum
974 2239 1016 2276 et
1047 2236 1279 2276 amicorum
1305 2234 1392 2275 fere
1422 2234 1535 2288 prin-
1553 2243 1587 2270 25

194 2298 329 2351 cipem
351 2300 392 2338 et
412 2298 496 2338 iam
516 2312 539 2337 a
559 2296 764 2350 Phaedro,
798 2295 869 2349 qui
897 2294 1032 2349 nobis,
1065 2308 1159 2335 eum
1190 2292 1311 2347 pueri
1337 2307 1534 2346 essemus,
