1659 2552
615 94 759 129 LmER
783 95 833 130 Ν
859 100 892 140 2,
903 102 906 103 ⁷
918 99 949 131 3.
1399 97 1454 138 83

748 236 823 279 III.

338 318 411 353 Ser.
440 318 577 353 Romae
605 323 688 353 ante
720 319 780 352 VI
801 318 848 353 K.
875 319 962 354 Dec.
989 331 1022 353 a.
1051 322 1124 354 703
1152 322 1238 364 (46).

398 399 456 434 M.
484 398 652 434 CICERO
680 399 713 435 S.
739 400 782 435 D.
810 399 908 436 SER.
937 400 1160 437 SULPICIO.

203 483 488 525 Vehementer
523 487 566 525 te
604 499 692 525 esse
730 484 960 525 sollicitum
997 487 1039 525 et
1076 485 1120 525 in
1158 487 1455 528 communibus

80 543 296 584 5miseriis
334 544 560 597 praecipuo
599 543 781 597 quodam
820 544 964 584 dolore
1002 544 1101 600 angi
1137 545 1264 585 multi
1296 546 1348 586 ad
1378 560 1455 586 nos

116 602 270 643 cotidie
308 602 511 642 deferunt.
575 601 697 651 Quod
734 617 989 656 quamquam
1028 603 1204 644 minime
1244 604 1378 645 miror
1415 607 1456 645 et

68 676 71 677 ⁷
114 675 255 702 meum
281 661 463 714 quodim
488 661 616 701 modo
642 675 836 716 agnosco,
869 661 990 702 doleo
1015 664 1156 702 tamen
1182 665 1224 702 te
1249 660 1456 716 sapientir

114 719 352 774 prae-ditum
383 734 514 774 prope
546 720 751 775 singulari
782 734 868 760 non
898 720 984 760 tuis
1009 720 1133 761 bonis
1160 720 1358 762 delectari
1382 736 1457 776 po-

114 779 199 820 tius
241 793 366 832 quam
407 778 554 819 alienis
594 778 717 819 malis
756 770 959 819 laborare
1030 778 1099 820 Me
1140 779 1331 834 quidem,
1375 781 1455 821 etsi

63 851 96 875 10
114 837 273 878 nemini
305 837 504 891 concedo,
537 837 609 891 qui
639 837 843 878 maiorem
875 852 926 878 ex
955 838 1140 891 pernicie
1172 841 1213 878 et
1244 842 1362 892 peste
1393 840 1454 880 rei

114 896 308 951 publicae
344 896 583 936 molestiam
620 896 814 950 traxerit,
855 898 997 936 tamen
1027 896 1162 937 multa
1194 897 1277 938 iam
1310 912 1454 939 conso-

114 955 257 996 lantur
304 954 571 1008 maximeque
620 954 876 995 conscientia
928 955 1202 996 consiliorum
1250 970 1453 997 meorum.

115 1013 252 1054 Multo
284 1013 396 1054 enim
427 1016 524 1054 ante
554 1015 771 1067 tamquam
803 1027 854 1054 ex
885 1013 1026 1067 aliqua
1058 1015 1225 1068 specula
1255 1016 1454 1070 prospexi

114 1075 408 1127 tempestatem
438 1072 637 1126 futuram,
667 1086 803 1126 neque
834 1072 879 1112 id
908 1073 1046 1113 solum
1071 1087 1163 1113 mea
1189 1076 1351 1128 sponte,
1382 1074 1456 1114 sed

63 1144 95 1169 15
115 1131 250 1172 multo
289 1131 416 1172 etiam
452 1131 589 1186 magis
626 1134 823 1171 monente
856 1133 897 1171 et
939 1131 1213 1172 denuntiante
1244 1134 1296 1172 te.
1358 1132 1455 1173 Etsi

116 1190 228 1231 enim
268 1189 355 1230 afui
394 1205 592 1245 magnam
632 1192 797 1244 partem
834 1190 1076 1230 consulatus
1113 1190 1197 1244 tui,
1238 1194 1380 1231 tamen
1412 1194 1454 1232 et

115 1249 264 1289 absens
303 1248 625 1304 cognoscebam,
666 1263 772 1302 quae
808 1251 916 1289 esset
953 1251 1028 1289 tua
1064 1248 1108 1289 in
1139 1248 1221 1290 hoc
1250 1250 1453 1303 pestifero

114 1307 227 1348 bello
268 1307 450 1348 cavendo
489 1310 531 1348 et
566 1307 845 1361 praedicendo
876 1307 1101 1361 sententia,
1143 1310 1184 1348 et
1216 1308 1305 1362 ipse
1338 1309 1454 1349 adfui

114 1366 263 1421 primis
299 1366 562 1420 temporibus
600 1366 664 1406 tui
702 1365 964 1420 consulatus,
1005 1380 1100 1407 cum
1141 1366 1453 1408 accuratissime

63 1438 96 1463 20
114 1425 318 1466 monuisti
358 1427 550 1466 senatum
594 1425 793 1465 conlectis
838 1425 1034 1465 omnibus
1078 1425 1200 1465 bellis
1245 1425 1453 1480 civilibus,

115 1487 162 1524 ut
193 1486 234 1524 et
265 1483 338 1524 illa
368 1483 579 1537 timerent,
611 1498 716 1537 quae
746 1483 1054 1537 meminissent,
1087 1487 1127 1524 et
1160 1484 1326 1538 scirent,
1359 1499 1453 1525 cum

115 1542 351 1596 superiores
387 1542 506 1583 nullo
543 1542 620 1583 tali
657 1542 848 1596 exemplo
881 1545 1004 1582 antea
1034 1542 1078 1582 in
1110 1556 1154 1583 re
1185 1543 1357 1596 publica
1389 1557 1454 1584 co-

115 1601 236 1657 gnito
276 1604 364 1642 tam
404 1601 592 1641 crudeles
635 1601 834 1655 fuissent,
877 1601 1132 1655 quicumque
1174 1604 1321 1655 postea
1364 1616 1453 1642 rem

115 1659 329 1713 publicam
375 1659 650 1713 oppressisset
698 1659 825 1700 armis
835 1693 845 1713 ,
894 1660 1030 1700 multo
1074 1660 1454 1701 intolerabiliorem

63 1731 96 1756 25
117 1719 317 1758 futurum.
377 1716 500 1771 Nam,
532 1718 646 1771 quod
677 1718 869 1772 exemplo
901 1719 967 1772 fit,
1004 1718 1048 1758 id
1079 1718 1207 1759 etiam
1239 1718 1330 1759 iure
1361 1719 1454 1759 fieri

116 1779 283 1831 putant,
322 1775 395 1816 sed
425 1776 587 1830 aliquid
616 1779 742 1830 atque
773 1777 876 1817 adeo
913 1777 1048 1817 multa
1079 1777 1239 1817 addunt
1270 1780 1312 1817 et
1343 1778 1454 1817 adfe-

116 1838 215 1876 runt
247 1835 296 1875 de
327 1848 414 1875 suo.
477 1833 613 1883 Quare
642 1834 883 1875 meminisse
910 1835 1034 1876 debes
1061 1849 1143 1889 eos,
1175 1835 1249 1889 qui
1274 1836 1453 1876 auctori-
1479 1851 1487 1860 ·

116 1897 247 1935 tatem
279 1895 320 1934 et
352 1893 574 1934 consilium
605 1895 727 1933 tuum
757 1907 841 1933 non
873 1893 958 1933 sint
990 1894 1133 1947 secuti,
1166 1908 1239 1934 sua
1271 1894 1454 1934 stultitia

118 1952 337 2005 occidisse,
387 1966 482 1992 cum
531 1954 604 1991 tua
652 1951 876 2005 prudentia
918 1951 1022 1992 salvi
1067 1966 1155 1992 esse
1203 1951 1452 2005 potuissent.

64 2026 99 2051 30
116 2011 261 2052 Dices:
296 2010 424 2059 ‘Quid
452 2024 520 2050 me
551 2009 632 2050 ista
663 2023 728 2050 res
760 2010 1001 2050 consolatur
1031 2010 1075 2050 in
1106 2010 1236 2050 tantis
1266 2010 1453 2050 tenebris

118 2073 159 2111 et
184 2069 304 2124 quasi
333 2068 553 2123 parietinis
579 2068 639 2108 rei
663 2067 906 2122 publicae?'
956 2067 1035 2108 Est
1061 2068 1233 2109 omnino
1258 2068 1331 2109 vix
1358 2082 1453 2109 con-

118 2128 306 2169 solabilis
347 2127 486 2182 dolor3
525 2129 644 2167 tanta
687 2129 748 2167 est
789 2126 978 2167 omnium
1019 2141 1160 2167 rerum
1201 2126 1371 2168 amissio
1412 2130 1454 2168 et

119 2186 353 2241 desperatio
393 2185 683 2240 recuperandi3
724 2185 796 2225 sed
826 2187 967 2225 tamen
1005 2187 1047 2226 913
1080 2183 1231 2225 Caesar
1266 2185 1356 2239 ipse
1393 2185 1454 2226 ita

119 2245 169 2286 de
199 2248 241 2286 te
272 2244 441 2299 iudicat,
473 2247 514 2285 et
546 2258 690 2285 omnes
721 2243 831 2284 cives
863 2243 923 2284 sic
953 2243 1209 2297 existimant,
1242 2244 1361 2297 quasi
1391 2244 1454 2285 lu-

67 2315 100 2340 35
118 2318 215 2344 111911
258 2303 429 2358 aliquod
471 2302 668 2344 extinctis
712 2302 861 2343 ceteris
901 2301 1063 2343 elucere
1103 2302 1370 2344 sanctitatem
1411 2305 1452 2344 et

1170 2371 1213 2404 6*
