1659 2552
213 101 267 143 66
711 100 1050 136 EPISTULARUM

212 197 257 239 in
288 197 363 238 1110
395 198 567 251 sumptu
598 210 683 237 non
720 196 954 236 necessario
986 195 1214 251 neglegens
1246 210 1344 236 esse.
1406 194 1482 250 Tu,
1514 195 1554 237 si

212 256 336 297 istius
360 255 475 297 modi
508 269 721 296 sermones
752 255 804 295 ad
836 258 876 295 te
910 254 1037 294 delati
1070 254 1119 294 de
1145 268 1211 294 me
1238 257 1347 308 sunt,
1372 268 1457 295 non
1485 254 1551 295 de-

213 315 344 356 buisti
370 314 554 368 credere,
587 314 621 354 si
648 316 788 354 autem
814 313 895 353 hoc
920 326 1073 368 genere
1101 312 1330 366 delectaris,
1356 315 1414 367 ut,
1446 327 1552 367 quae

213 374 294 415 tibi
325 373 369 414 in
400 375 586 414 mentem
618 372 805 425 veniant,
844 371 937 412 aliis
969 371 1203 425 adtribuas,
1235 385 1368 427 genus
1400 385 1554 412 sermo-

214 433 280 474 nis
310 432 475 472 inducis
506 431 550 472 in
582 431 812 471 amicitiam
844 430 1018 471 minime
1049 429 1235 470 liberale.
1296 429 1412 486 Ego,
1444 430 1479 470 si
1510 430 1555 471 in

213 491 432 546 provincia
470 490 519 530 de
560 492 634 530 tua
665 490 777 530 fama
810 488 1028 530 detrahere
1060 503 1261 543 umquam
1293 489 1555 544 cogitassem,

215 565 301 591 non
332 550 571 605 †generum
602 551 724 589 tuum
750 547 952 588 libertum
978 547 1179 588 Brundisi
1203 562 1338 601 neque
1364 547 1417 588 ad
1440 562 1557 602 prae-

215 610 373 650 sectum
410 608 578 648 fabrum
618 606 843 660 Corcyrae,
888 621 1012 660 quem
1050 606 1094 647 in
1134 606 1274 647 locum
1311 621 1377 647 me
1414 606 1558 647 venire

215 668 356 721 velles,
388 666 635 707 retulissem.
699 665 836 714 Quare
866 667 988 719 potes
1024 665 1278 706 doctissimis
1311 664 1558 706 hominibus

218 726 478 779 auctoribus,
518 739 698 778 quorum
731 727 830 765 sunt
861 724 911 764 de
943 724 1130 764 amicitia
1160 723 1344 779 gerenda
1373 723 1556 778 praecla-

218 785 382 826 rissime
414 783 561 837 scripti
592 783 705 837 libri,
737 798 870 838 genus
895 782 976 823 1100
1001 785 1141 824 totum
1168 782 1372 824 orationis
1390 783 1557 824 tollere:

219 842 605 897 eDisputabant,
662 856 752 897 ego
809 844 987 883 contra
1043 841 1372 896 disserebam3
1428 841 1558 882 dice-

184 916 190 923 ·
219 902 360 956 bant,
393 916 483 957 ego
515 900 790 956 negabam'.
852 900 921 941 An
946 900 1051 941 mihi
1079 900 1128 941 de
1154 903 1196 941 te
1221 900 1330 941 nihil
1361 914 1449 941 esse
1476 899 1559 940 dic-

218 964 310 1002 tum
348 975 550 1014 umquam
580 960 734 1014 putas?
771 974 823 1000 ne
854 959 936 1000 hoc
968 959 1155 1013 quidem,
1195 959 1324 1014 quod,
1365 972 1460 1000 cum
1491 973 1558 999 me

219 1019 469 1060 Laodiceam
512 1019 655 1059 venire
698 1018 924 1072 voluisses,
973 1017 1159 1059 Taurum
1201 1018 1291 1072 ipse
1339 1017 1558 1058 transisti?

221 1078 335 1132 quod
377 1078 510 1119 isdem
561 1077 708 1118 diebus
756 1092 875 1118 meus
924 1080 1154 1118 conventus
1204 1079 1293 1117 erat
1335 1075 1559 1131 Apameae,

221 1136 433 1191 Synnade,
464 1136 704 1190 Philomeli,
735 1138 834 1177 tuus
865 1135 1014 1176 Tarsi?
1044 1135 1144 1176 Non
1171 1135 1306 1176 dicam
1331 1135 1466 1189 plura,
1496 1149 1560 1188 ne,

221 1196 265 1237 in
304 1210 387 1249 quo
426 1198 467 1236 te
506 1195 748 1250 obiurgem,
796 1195 840 1235 id
876 1195 1016 1248 ipsum
1054 1195 1198 1236 videar
1235 1194 1412 1249 imitari3
1455 1193 1561 1234 illud

222 1255 370 1308 dicam,
401 1256 449 1294 ut
481 1253 634 1294 sentio:
669 1252 713 1294 Si
745 1253 843 1307 ista,
875 1268 980 1307 quae
1013 1253 1118 1294 alios
1155 1253 1273 1306 loqui
1313 1253 1434 1307 dicis,
1471 1252 1561 1306 ipse

221 1313 363 1366 sentis,
388 1315 462 1353 tua
487 1326 651 1352 summa
677 1311 799 1365 culpa
824 1314 906 1366 est3
939 1312 1003 1352 sin
1029 1315 1170 1352 autem
1197 1312 1267 1352 alii
1293 1314 1433 1352 tecum
1457 1311 1561 1352 haee

220 1372 430 1424 locuntur,
471 1373 545 1411 tua
575 1374 728 1424 tamen,
761 1370 876 1424 quod
906 1371 1037 1424 audis,
1069 1371 1192 1424 culpa
1222 1384 1308 1411 11011
1338 1370 1455 1410 nulla
1487 1371 1560 1410 est.

221 1429 317 1470 Mea
354 1429 462 1470 ratio
501 1429 544 1469 in
582 1432 673 1469 tota
710 1429 896 1469 amicitia
932 1431 1077 1469 nostra
1115 1431 1310 1469 constans
1347 1431 1389 1469 et
1419 1428 1561 1483 gravis

223 1488 465 1543 reperietur.
516 1487 675 1536 Quodsi
702 1487 774 1541 qui
805 1502 872 1528 me
903 1488 1150 1528 astutiorem
1176 1487 1312 1542 fingit,
1344 1487 1446 1541 quid
1470 1488 1562 1541 pot-

224 1550 287 1588 est
319 1561 406 1588 esse
440 1546 632 1587 callidius
665 1560 807 1600 quam,
846 1560 941 1586 cum
978 1549 1019 1587 te
1051 1546 1268 1605 absentem
1300 1560 1464 1600 semper
1496 1545 1562 1586 de-

224 1605 448 1659 fenderem,
481 1619 576 1645 cum
607 1605 855 1659 praesertim
885 1604 991 1644 mihi
1023 1619 1100 1645 usu
1133 1608 1356 1645 venturum
1388 1618 1474 1645 non
1500 1618 1561 1644 ar·

223 1665 416 1717 bitrarer,
448 1666 495 1704 ut
521 1678 599 1719 ego
626 1678 793 1717 quoque
819 1678 842 1703 a
867 1666 908 1703 te
935 1663 1084 1704 absens
1110 1663 1393 1704 defendendus
1418 1677 1562 1716 essem,

224 1737 336 1764 nunc
367 1723 642 1774 committere,
674 1725 721 1762 ut
752 1725 798 1762 tu
831 1722 920 1762 iure
953 1722 1114 1775 optimo
1146 1736 1212 1763 me
1250 1724 1465 1776 apsentem
1497 1721 1563 1762 de-

227 1796 362 1823 serere
393 1782 566 1835 posses?
608 1780 752 1822 Unum
783 1795 916 1836 genus
948 1781 1111 1835 excipio
1144 1781 1366 1834 sermonis,
1403 1780 1447 1820 in
1479 1793 1562 1833 quo

226 1854 425 1895 persaepe
458 1840 618 1893 aliquid
651 1840 820 1893 (licitur,
859 1839 973 1893 quod
1003 1842 1044 1880 te
1077 1843 1222 1893 putem
1253 1839 1365 1880 nolle
1398 1838 1496 1891 dici,
1528 1837 1563 1878 si

227 1902 299 1940 aut
328 1899 566 1954 legatorum
598 1902 769 1939 tuorum
802 1898 1017 1951 quoipiam
1050 1901 1121 1939 aut
1152 1898 1460 1953 praefectorum
1492 1898 1564 1936 aut

226 1958 495 1999 tribunorum
534 1958 719 1998 militum
756 1957 865 1997 male
898 1957 1069 2011 dicitur3
1110 1957 1223 2011 quod
1253 1959 1394 1997 tamen
1425 1955 1564 2009 ipsum

226 2032 311 2058 non
343 2016 581 2057 mehercule
613 2016 748 2056 adhuc
779 2015 942 2070 accidit,
973 2030 1040 2056 me
1072 2016 1266 2056 audiente
1298 2017 1344 2055 ut
1369 2016 1442 2054 aut
1472 2028 1564 2069 gra-

228 2076 320 2116 vius
361 2075 570 2116 diceretur
607 2078 679 2115 aut
717 2075 759 2115 in
797 2074 950 2128 pluris,
992 2089 1118 2128 quam
1154 2087 1318 2114 mecum
1357 2070 1564 2125 Corcyrae

229 2134 401 2175 Clodius
433 2137 495 2174 est
526 2134 708 2187 locutus,
741 2148 835 2173 cum
868 2133 911 2173 in
944 2147 992 2173 eo
1024 2147 1177 2188 genere
1207 2131 1389 2172 maxime
1421 2144 1565 2184 quere-

227 2195 343 2233 retur
374 2195 415 2233 te
447 2193 626 2233 aliorum
653 2191 926 2246 improbitate
951 2191 1090 2231 minus
1115 2190 1278 2231 felicem
1305 2189 1443 2229 fuisse.
1474 2188 1566 2230 Hos

229 2265 306 2305 ego
345 2265 574 2305 sermones,
614 2251 726 2305 quod
764 2253 805 2291 et
842 2250 965 2290 multi
1005 2251 1102 2289 sunt
1133 2251 1174 2289 et
1205 2251 1321 2288 tuam
1354 2247 1565 2288 existima-

228 2309 404 2362 tionem,
443 2312 490 2349 ut
528 2323 606 2364 ego
645 2309 797 2362 sentio,
834 2322 919 2349 non
952 2307 1187 2360 offendunt,
1223 2306 1413 2347 lacessivi
1447 2321 1566 2347 num-

1576 735 1610 760 10

1578 1026 1612 1053 15

1580 1321 1614 1347 20

1581 1613 1615 1639 25

1583 1907 1617 1932 30

1585 2198 1619 2225 85
