1659 2552
95 1117 138 1148 20

166 71 223 112 24
662 73 1003 108 EPISTULARUM

228 165 347 208 ‘Ubi
378 167 665 209 nominabit
696 167 1013 222 Phaedriam,
1050 170 1103 209 tu
1134 167 1448 223 Pamphilam
1498 200 1501 201 γ

227 225 494 281 0011111111ος
527 226 567 267 31
600 227 795 280 quando
827 227 918 267 illa
950 227 1102 267 dicet:
1135 226 1454 269 ‘Phaedriam

226 285 635 326 intromittamus
668 284 1034 339 comissatum',
1072 284 1389 340 Pamphilam

227 343 482 384 cantatum
514 346 859 398 provocemus3
893 344 932 384 si
965 343 1200 385 laudabit
1230 344 1352 386 haec

226 401 370 442 illius
402 402 629 457 sormam,
662 405 714 443 tu
745 403 894 443 hiiius
927 404 1123 457 contra3
1156 402 1372 457 denique
1544 414 1561 442 5

224 475 313 515 par
344 462 433 515 pro
465 461 574 515 pari
607 462 817 516 referto,
857 461 987 515 quod
1018 475 1122 501 eam
1154 461 1407 503 mordeat.’

168 576 237 618 Sic
267 578 400 632 petivi
427 592 451 618 a
476 578 697 631 iudicibus,
729 580 787 632 ut,
821 578 1020 632 quoniam
1047 578 1217 632 quidam
1243 579 1409 620 nobiles
1433 579 1508 621 ho-

166 636 301 677 mines
340 639 381 677 et
421 636 470 677 de
508 651 575 677 me
615 637 772 691 optime
810 637 952 678 meriti
990 637 1116 678 nimis
1148 640 1338 679 amarent
1368 638 1507 679 inimi-

167 709 262 736 cum
302 710 443 735 meum
483 691 633 749 meque
675 696 935 749 inspectante
979 710 1100 750 saepe
1141 710 1236 737 eum
1278 697 1322 738 in
1359 699 1506 738 senatu

165 754 292 794 modo
318 768 459 794 severe
485 754 745 808 seducerent,
777 755 903 795 modo
930 755 1196 796 familiariter
1221 758 1346 810 atque
1371 755 1505 797 hilare
1525 768 1560 794 ιο

166 813 523 867 amplexarentur,
563 813 846 867 quoniamque
878 813 941 854 illi
972 813 1178 855 haberent
1209 828 1331 855 suum
1361 813 1506 856 Publi-

166 885 256 925 um,
297 871 443 912 darent
479 871 585 911 mihi
617 871 699 925 ipsi
731 872 861 913 alium
892 871 1110 927 Publium,
1148 872 1193 913 in
1225 887 1307 927 quo
1338 887 1506 927 possem

166 930 337 970 1110111111
364 930 526 970 animos
545 930 815 971 mediocritei
839 931 1057 972 lacessitus
1082 931 1232 972 leviter
1251 946 1505 988 repungere3

165 1003 301 1042 neque
333 989 470 1029 solum
497 988 601 1043 dixi,
643 990 715 1030 sed
752 989 880 1030 etiam
911 1004 1033 1045 saepe
1065 990 1173 1031 facio
1207 990 1294 1031 deis
1324 990 1506 1032 homini-

165 1047 328 1101 busque
360 1047 704 1101 adprobantibus.
1523 1059 1556 1086 15

253 1105 395 1147 Habes
428 1106 477 1147 de
508 1105 700 1162 Vatini03
733 1121 937 1163 cognosce
970 1107 1019 1148 de
1047 1105 1208 1148 Crasso.
1269 1107 1376 1163 Ego,
1409 1121 1504 1148 cum

165 1164 271 1205 mihi
299 1179 393 1205 cum
425 1165 499 1205 1110
531 1180 685 1220 magna
716 1165 801 1206 iam
831 1166 970 1222 gratia
1000 1169 1120 1221 esset,
1152 1166 1266 1221 quod
1296 1166 1386 1207 eius
1418 1181 1503 1207 om-

164 1237 238 1263 nes
277 1223 548 1279 gravissimas
593 1224 768 1265 iniurias
812 1225 1046 1265 communis
1090 1224 1337 1266 concordiae
1380 1239 1504 1266 causa

164 1282 404 1322 voluntaria
445 1282 625 1335 quadam
667 1282 880 1324 oblivione
924 1283 1196 1338 contrieram,
1241 1283 1503 1338 repentinam

165 1341 253 1381 eius
292 1340 577 1381 defensionem
611 1339 776 1395 Gabini,
814 1355 938 1395 quem
978 1342 1183 1396 proximis
1214 1342 1503 1396 superioribus
1522 1353 1557 1379 20

165 1399 313 1439 diebus
345 1399 545 1440 acerrime
584 1403 884 1456 oppugnasset,
916 1403 1074 1454 tamen,
1106 1400 1141 1441 si
1173 1400 1262 1441 sine
1293 1401 1380 1440 ulla
1409 1414 1503 1442 mea

165 1458 420 1498 contumelia
457 1458 723 1512 suscepisset,
761 1459 969 1512 tulissem3
1008 1459 1096 1512 sed,
1139 1472 1233 1499 cum
1265 1473 1331 1499 me
1364 1459 1503 1513 dispu-

163 1519 341 1570 tantem,
384 1530 470 1557 non
506 1516 780 1557 lacessentem
816 1516 1021 1571 laesisset,
1066 1517 1201 1557 exarsi
1242 1531 1327 1558 non
1365 1517 1502 1559 solum

162 1574 384 1629 praesenti,
417 1574 552 1629 credo,
584 1575 800 1616 iracundia
831 1573 948 1631 (nam
979 1589 1027 1616 ea
1050 1578 1139 1616 tam
1164 1575 1389 1617 vehemens
1417 1577 1500 1617 for-

162 1636 271 1674 tasse
297 1647 382 1674 non
407 1631 586 1689 fuisset),
619 1634 701 1687 sed,
734 1648 829 1674 cum
860 1634 1069 1675 inclusum
1095 1634 1201 1675 illud
1227 1634 1371 1675 odjum
1395 1635 1502 1676 mul·
1520 1645 1555 1672 25

162 1695 302 1732 tarum
340 1692 428 1732 eius
459 1693 504 1733 in
535 1706 601 1732 me
639 1692 908 1746 iniuriarum,
947 1692 1060 1746 quod
1097 1707 1175 1748 ego
1208 1693 1403 1734 effudisse
1433 1708 1501 1735 me

163 1765 285 1791 omne
317 1750 565 1805 arbitrabar,
597 1751 811 1792 residuum
842 1754 983 1792 tamen
1016 1751 1218 1792 insciente
1242 1766 1310 1793 me
1341 1752 1501 1807 fuisset,

163 1823 285 1850 omne
329 1811 499 1863 repente
544 1810 749 1863 apparuit.
823 1809 915 1858 Quo
961 1810 1131 1863 quidem
1174 1814 1364 1865 tempore
1407 1810 1499 1864 ipso

162 1868 332 1922 quidam
363 1867 556 1909 homines
587 1870 629 1909 et
660 1868 795 1909 eidem
822 1868 901 1923 illi,
935 1883 1040 1922 quos
1066 1883 1188 1923 saepe
1213 1869 1406 1925 significo
1431 1882 1499 1910 ne-

162 1941 242 1981 que
267 1927 445 1981 appello,
472 1941 566 1967 cum
593 1940 635 1967 se
660 1927 892 1968 maximum
918 1928 1104 1968 fructum
1130 1928 1286 1982 cepisse
1313 1927 1499 1968 dicerent
1518 1939 1552 1965 30

161 2000 212 2026 ex
242 1985 439 2027 libertate
475 2000 570 2026 mea
606 1999 757 2039 meque
787 1988 879 2026 tum
918 1986 1097 2040 denique
1129 1986 1211 2027 sibi
1242 1999 1330 2026 esse
1361 1985 1498 2026 visum

161 2044 221 2084 rei
260 2044 470 2098 publicae,
516 2043 651 2098 qualis
690 2044 880 2099 fuissem,
924 2045 1185 2099 restitutum,
1230 2057 1406 2097 cumque
1450 2058 1499 2085 ea

162 2103 375 2145 contentio
413 2102 519 2144 mihi
557 2117 759 2158 magnum
792 2103 920 2144 etiam
952 2103 1056 2144 foris
1094 2103 1279 2146 fructum
1319 2102 1498 2158 tulisset,

160 2162 341 2215 gaudere
382 2176 425 2203 se
467 2161 662 2203 dicebant
699 2161 806 2202 mihi
844 2164 885 2203 et
922 2161 1043 2202 illum
1081 2160 1299 2201 inimicum
1336 2164 1377 2202 et
1414 2175 1497 2216 eos,

161 2220 231 2272 qui
264 2220 307 2260 in
340 2220 484 2261 eadem
523 2235 645 2261 causa
676 2222 830 2275 essent,
869 2233 1100 2273 numquam
1132 2219 1288 2260 amicos
1319 2219 1495 2261 futuros.
1516 2230 1550 2258 85

160 2276 347 2326 Quorum
392 2279 527 2333 iniqui
577 2293 790 2320 sermones
840 2291 934 2319 cum
979 2277 1030 2318 ad
1072 2291 1139 2318 me
1182 2292 1257 2332 per
1304 2277 1498 2320 homines
