1659 2552
152 2269 172 2299 3

194 112 281 154 310
696 111 1034 147 EPISTULARUM

193 207 420 250 Ventidius
453 208 644 250 elabatur
676 210 748 248 aut
779 205 993 247 Antonius
1024 206 1067 247 in
1093 205 1217 247 Italia
1241 209 1440 248 moretur.
1483 204 1533 247 In

194 268 344 322 primis
375 282 480 323 rogo
512 270 565 319 te,
598 267 649 307 ad
681 266 896 306 hominem
928 265 1283 319 ventosissimum,
1314 265 1533 320 Lepidum,

194 327 355 380 mittas,
397 341 448 367 ne
487 326 644 366 bellum
683 324 805 365 nobis
847 323 1133 379 redintegrare
1173 325 1308 378 possit
1344 323 1533 365 Antonio

195 385 275 426 sibi
309 385 544 426 coniuncto.
605 383 716 424 Nam
749 382 799 423 de
830 381 1022 423 Pollione
1053 382 1203 424 Asinio
1236 385 1338 437 puto
1371 386 1412 424 te
1444 397 1534 437 per-

196 445 372 498 spicere,
405 443 506 497 quid
539 444 725 483 facturus
757 441 822 482 sit.
884 440 1044 482 Multae
1077 445 1117 482 et
1150 441 1284 483 bonae
1316 444 1357 482 et
1388 442 1534 482 firmae
1571 453 1586 477 ⁵

196 507 294 543 sunt
337 503 525 557 legiones
565 500 713 555 Lepidi
756 502 797 540 et
836 499 970 540 Asini.
1040 499 1190 554 Neque
1233 500 1335 541 haec
1377 500 1533 541 idcirco

195 562 275 602 tibi
314 561 470 614 scribo,
508 560 621 613 quod
658 562 699 600 te
731 573 816 599 non
854 559 998 600 eadem
1030 559 1362 600 animadvertere
1394 559 1535 613 seiam,

195 620 267 661 sed
309 620 422 674 quod
461 619 567 659 mihi
607 617 1015 673 persuasissimumst
1054 617 1261 672 Lepidum
1302 621 1413 659 recte
1454 618 1535 658 fac-

195 682 338 719 turum
371 692 613 731 numquam,
647 677 681 717 si
714 678 823 717 forte
854 676 976 717 vobis
1002 675 1046 716 id
1071 676 1121 717 de
1152 676 1233 718 hoc
1259 676 1434 717 dubium
1460 679 1534 717 est.

194 736 398 778 Plancum
439 749 607 790 quoque
645 735 920 789 confirmet-is,
963 749 1055 789 oro3
1097 750 1221 789 quem
1259 749 1381 790 spero
1412 735 1535 790 pulso
1555 747 1587 772 10

194 795 384 837 Antonio
417 795 477 836 rei
508 810 546 849 p.
580 809 665 835 non
699 794 952 835 defuturum.
1015 792 1060 834 Si
1093 808 1135 834 se
1167 793 1297 848 Alpes
1323 793 1536 835 Antonius

195 855 424 908 traiecerit,
467 853 669 894 constitui
709 853 966 907 praesidium
1008 853 1051 892 in
1091 852 1274 907 Alpibus
1318 853 1535 894 conlocare

196 916 236 954 et
279 916 320 954 te
362 913 411 953 de
453 912 569 953 omni
609 926 652 953 re
696 912 831 953 facere
875 912 1109 953 certiorem.
1170 923 1221 952 111
1257 911 1308 953 K.
1346 911 1443 953 Mai.
1485 926 1536 953 ex

197 972 346 1013 castris
378 971 526 1027 Regio.

838 1075 889 1117 X.
1556 1086 1588 1110 ις

307 1156 381 1192 Ser.
408 1158 449 1191 in
473 1158 602 1192 castris
626 1157 810 1191 Dertonae
834 1156 909 1190 III
928 1156 1025 1190 Non.
1052 1156 1147 1191 Mai.
1180 1168 1212 1191 a.
1242 1158 1310 1190 711
1339 1158 1428 1198 (7³3).

506 1238 548 1273 D.
576 1237 763 1272 BRUTUS
790 1237 823 1272 S.
850 1237 892 1272 D.
919 1237 967 1272 M.
995 1237 1226 1272 CICERONI.

284 1322 383 1364 Non
420 1322 527 1363 mihi
559 1336 648 1362 rem
685 1337 723 1375 p.
761 1321 857 1375 plus
895 1321 1045 1362 debere
1082 1321 1268 1362 arbitror
1305 1335 1430 1375 quam
1467 1333 1534 1360 me

197 1382 288 1423 tibi.
339 1382 368 1434 -ξ-
396 1380 635 1421 Gratiorem
659 1394 726 1420 me
752 1394 840 1420 esse
871 1380 916 1420 in
946 1383 988 1420 te
1019 1394 1152 1433 posse,
1185 1394 1311 1434 quam
1342 1379 1413 1419 isti
1444 1392 1534 1433 per-

198 1440 307 1481 versi
341 1440 425 1480 sint
458 1440 501 1479 in
532 1453 620 1492 me,
662 1438 928 1492 exploratum
967 1438 1096 1479 habes
1134 1438 1189 1478 sit
1227 1452 1278 1478 an
1315 1437 1396 1478 hoc
1432 1439 1535 1477 tem-
1556 1449 1588 1474 20

197 1498 313 1553 poris
350 1498 543 1538 videatur
583 1497 663 1537 dici
706 1511 848 1550 causa,
890 1497 1016 1537 malle
1059 1511 1125 1537 me
1168 1499 1289 1537 tuum
1333 1496 1535 1537 iudicium

199 1572 325 1612 quam
351 1571 401 1597 ex
425 1557 555 1597 altera
580 1558 698 1610 parte
725 1555 914 1596 omnium
940 1555 1136 1610 istorum3
1161 1558 1208 1596 tu
1235 1554 1346 1596 enim
1372 1569 1396 1595 a
1421 1557 1535 1595 certo

199 1630 322 1657 sensu
360 1618 401 1655 et
438 1629 537 1655 vero
576 1614 734 1655 iudicas
773 1614 822 1655 de
859 1613 1000 1668 nobis·
1038 1614 1152 1668 quod
1183 1613 1253 1655 isti
1284 1627 1336 1654 ne
1368 1613 1536 1666 faciant,

200 1688 362 1714 summa
387 1673 683 1714 malevolentia
704 1675 745 1713 et
770 1673 903 1713 livore
930 1672 1228 1727 impediuntur.
1260 1670 1536 1726 Interpellent

199 1747 285 1786 me,
327 1746 410 1796 quo
448 1733 587 1773 minus
624 1731 856 1772 honoratus
887 1731 988 1785 sim,
1029 1731 1129 1772 dum
1166 1745 1217 1772 ne
1256 1730 1536 1785 interpellent,
1557 1740 1590 1766 25

200 1806 283 1845 quo
315 1791 455 1831 minus
494 1805 558 1832 res
595 1806 632 1844 p.
667 1805 689 1830 a
720 1804 787 1831 me
819 1789 1037 1830 commode
1074 1789 1359 1830 administrari
1390 1789 1535 1843 possit.

200 1850 314 1899 Quae
347 1852 504 1903 quanto
536 1850 591 1890 sit
623 1849 666 1889 in
697 1848 902 1903 periculo,
941 1863 1067 1902 quam
1097 1851 1246 1903 potero
1278 1847 1536 1901 brevissime,

199 1923 418 1963 exponam.

287 1966 478 2008 Primum
519 1966 708 2007 omnium
750 1968 951 2019 quantam
991 1965 1355 2019 perturbationem
1395 1977 1535 2004 rerum

198 2026 455 2066 urbanarum
488 2025 649 2065 adferat
681 2023 823 2065 obitus
849 2023 1080 2078 consulum,
1113 2026 1396 2078 quantamque
1423 2021 1535 2076 cupi-
1555 2033 1589 2058 30

200 2084 375 2124 ditatem
406 2083 651 2125 hominibus
683 2083 829 2123 iniciat
853 2082 1051 2137 vacuitas,
1083 2096 1169 2123 non
1194 2084 1235 2122 te
1260 2081 1382 2135 fugit.
1425 2079 1537 2121 Satis

198 2157 265 2183 me
297 2142 430 2183 multa
462 2142 688 2208 scripsisse,
724 2155 829 2195 quae
860 2140 1015 2182 litteris
1047 2139 1328 2182 commendari
1361 2138 1536 2193 possint,

199 2201 401 2245 arbitr··01
439 2201 525 2242 scio
558 2201 681 2254 enim,
714 2200 781 2240 cui
813 2199 1005 2240 scribam.

287 2246 494 2301 Revertor
532 2273 643 2300 nunc
683 2258 735 2299 ad
773 2257 1019 2298 Antonium.
1087 2256 1168 2306 Qui
1209 2270 1259 2296 ex
1299 2256 1400 2311 fuga
1441 2269 1536 2296 eum

198 2318 417 2371 parvulam
443 2332 614 2359 manum
639 2317 830 2372 peditum
855 2316 1030 2357 haberet
1055 2314 1292 2369 inermium,
1325 2313 1537 2370 ergastula
1556 2323 1590 2350 ³5
