1659 2552
96 508 112 533 27}

78 886 111 910 10

79 1178 111 1203 15

78 1472 112 1497 20

81 2056 114 2081 30

623 72 768 106 LIBER
792 72 825 106 V
854 75 909 116 16,
939 75 993 107 17.
1396 69 1478 110 129

129 167 362 223 optandum
389 167 589 222 quiddam
614 182 682 208 me
709 182 797 209 esse
823 168 1084 222 adsecutum,
1111 166 1174 207 sin
1201 166 1342 207 minus
1367 166 1478 206 forte

132 227 377 280 valuissent,
420 226 561 267 officio
594 229 737 268 tamen
768 241 856 268 esse
888 226 1082 267 functum
1114 225 1195 266 viri
1227 225 1478 265 benevolen-

130 286 285 327 tissimi
317 288 444 339 atque
476 285 732 326 amicissimi.
766 285 901 334 Quem
931 299 998 326 me
1029 284 1111 325 tibi
1143 286 1185 324 et
1216 284 1346 325 fuisse
1373 298 1477 324 sem-

129 359 206 400 per
237 345 453 386 existimes
485 345 613 385 velim
645 347 687 385 et
719 345 911 385 futurum
945 357 1034 385 esse
1067 342 1263 384 confidas.

735 495 870 538 XVII.

549 577 624 613 Ser.
651 578 787 612 Romae
813 589 845 611 a.
875 579 948 611 697
969 578 1060 620 (57).

423 658 472 693 M.
500 658 667 693 CICERO
696 658 729 694 S.
755 658 798 693 D.
824 658 863 693 P.
891 657 1043 693 SITTIO
1069 658 1108 693 P.
1135 657 1173 693 F.

218 753 317 796 Non
344 754 558 795 oblivione
584 755 793 795 amicitiae
818 757 987 795 nostrae
1006 768 1142 808 neque
1162 753 1475 794 intermissione

131 813 446 854 consuetudinis
471 828 588 854 meae
608 813 1180 868 superioribus'temporibus
1201 813 1254 853 ad
1271 815 1314 853 te
1338 812 1476 852 nullas

131 873 295 913 litteras
326 872 435 926 misi,
467 872 540 913 sed
571 873 685 926 quod
716 872 859 926 priora
890 875 1083 926 tempora
1113 871 1158 912 in
1189 871 1324 912 ruinis
1349 871 1411 911 rei
1436 886 1474 925 p.

130 931 371 985 nostrisque
403 931 634 985 iacuerunt,
665 930 901 985 posteriora
927 934 1068 971 autem
1099 944 1166 970 me
1199 945 1222 970 a
1253 930 1475 970 scribendo

130 990 216 1031 tuis
240 989 530 1030 iniustissimis
562 992 688 1044 atque
720 989 1002 1030 acerbissimis
1036 989 1316 1029 incommodis
1347 991 1476 1029 retar-

132 1049 294 1089 darunt.
359 1047 466 1089 Cum
503 1062 603 1089 vero
642 1051 683 1089 et
721 1048 992 1089 intervallum
1030 1048 1115 1088 iam
1155 1048 1257 1088 satis
1297 1047 1475 1103 longum

131 1108 290 1162 fuisset,
323 1109 364 1148 et
395 1109 512 1147 tuam
544 1107 747 1148 virtutem
779 1107 993 1161 animique
1018 1106 1357 1162 magnitudinem
1384 1106 1476 1146 dili-

131 1166 300 1222 gentius
332 1180 465 1206 essem
496 1180 662 1207 mecum
693 1166 948 1220 recordatus,
979 1179 1065 1206 non
1090 1165 1238 1218 putavi
1263 1179 1352 1205 esse
1379 1164 1476 1205 alie-

131 1239 233 1265 num
283 1225 491 1265 institutis
540 1225 646 1265 meis
694 1225 798 1265 haec
841 1224 894 1264 ad
936 1227 978 1264 te
1028 1223 1221 1264 scribere.
1281 1222 1375 1278 Ego
1419 1225 1472 1277 te,

130 1283 175 1324 P.
203 1282 315 1338 Sitti,
347 1286 389 1324 et
419 1283 568 1338 primis
599 1283 863 1337 temporibus
891 1282 988 1336 illis,
1021 1282 1175 1336 quibus
1201 1282 1246 1322 in
1271 1282 1475 1323 invidiam

131 1342 280 1383 absens
312 1344 353 1382 et
384 1342 428 1382 in
460 1342 619 1383 crimen
650 1342 872 1395 vocabare,
911 1341 1079 1382 defendi
1111 1344 1170 1395 et,
1209 1355 1304 1381 cum
1336 1341 1380 1381 in
1411 1340 1475 1381 tui

131 1400 451 1442 familiarissimi
494 1401 651 1441 iudicio
693 1414 741 1441 ac
780 1400 968 1454 periculo
1010 1403 1132 1440 tuum
1176 1399 1336 1440 crimen
1380 1413 1475 1440 con—

131 1460 389 1515 iungeretur,
424 1461 472 1500 ut
496 1460 618 1514 potui
643 1459 968 1513 accuratissime,
999 1461 1041 1499 te
1072 1461 1274 1512 tuamque
1307 1472 1475 1499 causam

132 1521 294 1559 tutatus
319 1533 412 1559 sum
444 1521 485 1559 et
515 1518 708 1572 proxime
734 1518 892 1559 recenti
917 1518 1101 1558 adventu
1125 1531 1232 1571 meo,
1265 1531 1360 1558 cum
1385 1531 1475 1557 rem

133 1577 256 1617 aliter
285 1577 525 1617 institutam
557 1577 835 1630 offendissem,
867 1591 915 1617 ac
939 1576 1046 1617 mihi
1070 1576 1307 1630 placuisset,
1340 1575 1375 1616 si
1407 1575 1476 1615 ad-

133 1635 324 1689 fuissem,
360 1637 502 1676 tamen
533 1636 650 1676 nulla
681 1650 725 1676 re
757 1635 883 1676 saluti
915 1638 1012 1676 tuae
1044 1635 1176 1689 defui,
1215 1648 1393 1688 cumque
1425 1648 1474 1674 eo

132 1696 322 1747 tempore
348 1693 506 1733 invidia
532 1708 732 1747 annonae,
764 1693 926 1734 inimici
951 1708 1037 1734 non
1063 1693 1201 1734 solum
1226 1693 1302 1747 tui,
1327 1707 1475 1734 verum

81 1780 95 1788 ε
135 1751 262 1792 etiam
293 1751 525 1792 amicorum
556 1755 748 1805 tuorum,
788 1752 991 1805 iniquitas
1027 1752 1160 1792 totius
1191 1751 1338 1792 iudicii
1369 1752 1474 1791 mul-

135 1813 260 1864 taque
293 1810 375 1850 alia
405 1810 466 1850 rei
497 1825 535 1863 p.
562 1810 666 1850 vitia
697 1810 792 1863 plus
819 1825 945 1864 quam
971 1824 1094 1851 causa
1119 1811 1209 1864 ipsa
1235 1810 1473 1863 veritasque

134 1868 380 1921 valuissent,
412 1867 566 1908 Publio
599 1870 673 1908 tuo
704 1883 839 1921 neque
873 1882 999 1922 opera
1030 1883 1165 1921 neque
1198 1868 1374 1908 consilio
1406 1882 1475 1908 ne-

135 1942 214 1981 que
240 1927 385 1968 labore
410 1941 546 1980 neque
571 1926 709 1982 gratia
734 1940 869 1980 neque
894 1927 1139 1967 testimonio
1167 1926 1291 1966 defui.
1331 1925 1475 1974 -Quam

135 1986 188 2026 ob
232 2000 321 2026 rem
366 1986 562 2026 omnibus
613 1985 765 2025 officiis
814 1984 1023 2025 amicitiae
1073 1985 1299 2039 diligenter
1343 1999 1366 2024 a
1407 1998 1474 2024 me

135 2047 359 2098 sancteque
400 2044 576 2085 servatis
619 2058 671 2083 ne
714 2043 796 2083 hoc
839 2042 1009 2096 quidem
1051 2042 1475 2097 praetermittendum

134 2117 221 2144 esse
254 2103 366 2157 duxi,
398 2105 440 2144 te
471 2105 519 2143 ut
549 2102 744 2143 hortarer
775 2115 1071 2156 rogaremque,
1109 2104 1155 2142 ut
1188 2104 1229 2142 et
1259 2101 1476 2141 hominem

136 2164 177 2202 te
209 2164 250 2202 et
281 2162 421 2202 virum
453 2175 541 2202 esse
573 2159 852 2213 meminisses,
890 2159 934 2200 id
965 2162 1027 2200 est
1058 2162 1106 2200 ut
1138 2162 1179 2200 et
1211 2174 1477 2200 communem

135 2220 427 2274 incertumque
460 2234 618 2274 casum,
661 2233 786 2272 quem
817 2232 953 2272 neque
985 2219 1118 2259 vitare
1151 2218 1375 2272 quisquam
1405 2232 1478 2259 no-

132 2281 268 2319 strum
299 2293 376 2319 nec
406 2281 620 2333 praestare
652 2277 740 2318 ullo
772 2279 896 2331 pacto
928 2280 1080 2332 potest,
1113 2277 1323 2331 sapienter
1348 2277 1478 2318 ferres

210 2353 366 2379 Ciceronis
388 2354 475 2384 epist.
495 2355 518 2379 1.
1178 2349 1196 2379 9
