<?xml version="1.0" encoding="UTF-8"?>
<!DOCTYPE html PUBLIC "-//W3C//DTD XHTML 1.0 Transitional//EN"
    "http://www.w3.org/TR/xhtml1/DTD/xhtml1-transitional.dtd">
<html xmlns="http://www.w3.org/1999/xhtml" xml:lang="en" lang="en">
 <head>
  <title>
</title>
<meta http-equiv="Content-Type" content="text/html;charset=utf-8" />
  <meta name='ocr-system' content='tesseract 3.04.00' />
  <meta name='ocr-capabilities' content='ocr_page ocr_carea ocr_par ocr_line ocrx_word'/>
</head>
<body>
  <div class='ocr_page' id='page_1' title='image "./p1scriptaquaemanse03ciceuoft_0274.png"; bbox 0 0 1659 2552; ppageno 0'>
   <div class='ocr_carea' id='block_1_1' title="bbox 192 110 1042 152">
    <p class='ocr_par' dir='ltr' id='par_1_1' title="bbox 192 110 1042 152">
     <span class='ocr_line' id='line_1_1' title="bbox 192 110 1042 152; baseline -0.011 0"><span class='ocrx_word' id='word_1_1' title='bbox 192 113 212 152; x_wconf 93' lang='grc'>1</span> <span class='ocrx_word' id='word_1_2' title='bbox 222 111 274 152; x_wconf 74' lang='grc'>76</span> <span class='ocrx_word' id='word_1_3' title='bbox 697 110 1042 146; x_wconf 79' lang='lat' dir='ltr'><strong>EPISTULARUM</strong></span> 
     </span>
    </p>
   </div>
   <div class='ocr_carea' id='block_1_2' title="bbox 188 205 1593 1846">
    <p class='ocr_par' dir='ltr' id='par_1_2' title="bbox 188 205 1593 1846">
     <span class='ocr_line' id='line_1_2' title="bbox 189 205 1538 262; baseline 0 -14"><span class='ocrx_word' id='word_1_4' title='bbox 189 207 323 262; x_wconf 88' lang='lat' dir='ltr'>Nam,</span> <span class='ocrx_word' id='word_1_5' title='bbox 366 221 460 248; x_wconf 90' lang='lat' dir='ltr'>cum</span> <span class='ocrx_word' id='word_1_6' title='bbox 500 207 549 248; x_wconf 91' lang='lat' dir='ltr'>de</span> <span class='ocrx_word' id='word_1_7' title='bbox 586 207 667 248; x_wconf 88' lang='lat' dir='ltr'>hoc</span> <span class='ocrx_word' id='word_1_8' title='bbox 705 207 796 261; x_wconf 80' lang='lat' dir='ltr'>ipso</span> <span class='ocrx_word' id='word_1_9' title='bbox 835 206 1036 247; x_wconf 76' lang='lat' dir='ltr'>Trebatio</span> <span class='ocrx_word' id='word_1_10' title='bbox 1076 220 1171 247; x_wconf 89' lang='lat' dir='ltr'>cum</span> <span class='ocrx_word' id='word_1_11' title='bbox 1212 205 1348 247; x_wconf 82' lang='lat' dir='ltr'>Balbo</span> <span class='ocrx_word' id='word_1_12' title='bbox 1389 209 1538 248; x_wconf 83' lang='lat' dir='ltr'>nostro</span> 
     </span>
     <span class='ocr_line' id='line_1_3' title="bbox 189 264 1540 321; baseline -0.001 -14"><span class='ocrx_word' id='word_1_13' title='bbox 189 267 387 321; x_wconf 81' lang='lat' dir='ltr'>loquerer</span> <span class='ocrx_word' id='word_1_14' title='bbox 418 267 655 307; x_wconf 77' lang='lat' dir='ltr'>accuratius</span> <span class='ocrx_word' id='word_1_15' title='bbox 688 266 800 306; x_wconf 88' lang='lat' dir='ltr'>domi</span> <span class='ocrx_word' id='word_1_16' title='bbox 834 279 962 318; x_wconf 88' lang='lat' dir='ltr'>meae,</span> <span class='ocrx_word' id='word_1_17' title='bbox 994 265 1162 305; x_wconf 79' lang='lat' dir='ltr'>litterae</span> <span class='ocrx_word' id='word_1_18' title='bbox 1194 264 1300 305; x_wconf 87' lang='lat' dir='ltr'>mihi</span> <span class='ocrx_word' id='word_1_19' title='bbox 1334 264 1488 306; x_wconf 88' lang='lat' dir='ltr'>dantur</span> <span class='ocrx_word' id='word_1_20' title='bbox 1515 280 1540 306; x_wconf 91' lang='lat' dir='ltr'>a</span> 
     </span>
     <span class='ocr_line' id='line_1_4' title="bbox 190 322 1538 379; baseline -0.001 -13"><span class='ocrx_word' id='word_1_21' title='bbox 190 328 250 379; x_wconf 93' lang='lat' dir='ltr'>te,</span> <span class='ocrx_word' id='word_1_22' title='bbox 289 325 444 379; x_wconf 87' lang='lat' dir='ltr'>quibus</span> <span class='ocrx_word' id='word_1_23' title='bbox 482 325 525 366; x_wconf 93' lang='lat' dir='ltr'>in</span> <span class='ocrx_word' id='word_1_24' title='bbox 565 324 764 365; x_wconf 78' lang='lat' dir='ltr'>extremis</span> <span class='ocrx_word' id='word_1_25' title='bbox 797 324 1003 378; x_wconf 86' lang='lat' dir='ltr'>scriptum</span> <span class='ocrx_word' id='word_1_26' title='bbox 1035 326 1142 364; x_wconf 85' lang='lat' dir='ltr'>erat:</span> <span class='ocrx_word' id='word_1_27' title='bbox 1181 322 1258 365; x_wconf 52' lang='grc' dir='ltr'>(Μ.</span> <span class='ocrx_word' id='word_1_28' title='bbox 1284 324 1314 377; x_wconf 88' lang='lat'>†</span> <span class='ocrx_word' id='word_1_29' title='bbox 1339 323 1538 377; x_wconf 90' lang='lat' dir='ltr'>itfiuium,</span> 
     </span>
     <span class='ocr_line' id='line_1_5' title="bbox 192 381 1540 438; baseline -0.001 -14"><span class='ocrx_word' id='word_1_30' title='bbox 192 398 318 438; x_wconf 90' lang='lat' dir='ltr'>quem</span> <span class='ocrx_word' id='word_1_31' title='bbox 349 383 455 424; x_wconf 88' lang='lat' dir='ltr'>mihi</span> <span class='ocrx_word' id='word_1_32' title='bbox 489 383 774 436; x_wconf 81' lang='lat' dir='ltr'>commendas,</span> <span class='ocrx_word' id='word_1_33' title='bbox 807 383 873 423; x_wconf 77' lang='lat' dir='ltr'>vel</span> <span class='ocrx_word' id='word_1_34' title='bbox 905 397 1049 436; x_wconf 77' lang='lat' dir='ltr'>regem</span> <span class='ocrx_word' id='word_1_35' title='bbox 1083 381 1244 423; x_wconf 84' lang='lat' dir='ltr'>Galliae</span> <span class='ocrx_word' id='word_1_36' title='bbox 1276 382 1440 436; x_wconf 87' lang='lat' dir='ltr'>faciam,</span> <span class='ocrx_word' id='word_1_37' title='bbox 1471 383 1540 424; x_wconf 86' lang='lat' dir='ltr'>vel</span> 
     </span>
     <span class='ocr_line' id='line_1_6' title="bbox 190 440 1593 497; baseline -0.001 -14"><span class='ocrx_word' id='word_1_38' title='bbox 190 443 304 483; x_wconf 92' lang='lat' dir='ltr'>hunc</span> <span class='ocrx_word' id='word_1_39' title='bbox 340 442 498 496; x_wconf 79' lang='lat' dir='ltr'>Leptae</span> <span class='ocrx_word' id='word_1_40' title='bbox 538 442 701 497; x_wconf 81' lang='lat' dir='ltr'>delega,</span> <span class='ocrx_word' id='word_1_41' title='bbox 741 442 775 481; x_wconf 86' lang='lat' dir='ltr'>si</span> <span class='ocrx_word' id='word_1_42' title='bbox 808 441 881 481; x_wconf 80' lang='lat' dir='ltr'>vis.</span> <span class='ocrx_word' id='word_1_43' title='bbox 950 440 1015 481; x_wconf 88' lang='lat' dir='ltr'>Tu</span> <span class='ocrx_word' id='word_1_44' title='bbox 1053 440 1106 481; x_wconf 90' lang='lat' dir='ltr'>ad</span> <span class='ocrx_word' id='word_1_45' title='bbox 1141 455 1209 482; x_wconf 92' lang='lat' dir='ltr'>me</span> <span class='ocrx_word' id='word_1_46' title='bbox 1241 441 1371 482; x_wconf 89' lang='lat' dir='ltr'>alium</span> <span class='ocrx_word' id='word_1_47' title='bbox 1403 441 1538 496; x_wconf 87' lang='lat' dir='ltr'>mitte,</span> <span class='ocrx_word' id='word_1_48' title='bbox 1576 452 1593 478; x_wconf 89' lang='lat'><strong>5</strong></span> 
     </span>
     <span class='ocr_line' id='line_1_7' title="bbox 191 499 1537 555; baseline -0.001 -13"><span class='ocrx_word' id='word_1_49' title='bbox 191 516 317 555; x_wconf 89' lang='lat' dir='ltr'>quem</span> <span class='ocrx_word' id='word_1_50' title='bbox 357 501 529 541; x_wconf 86' lang='lat' dir='ltr'>ornem’.</span> <span class='ocrx_word' id='word_1_51' title='bbox 592 500 851 541; x_wconf 80' lang='lat' dir='ltr'>Sustulimus</span> <span class='ocrx_word' id='word_1_52' title='bbox 891 513 1042 540; x_wconf 84' lang='lat' dir='ltr'>manus</span> <span class='ocrx_word' id='word_1_53' title='bbox 1083 501 1125 540; x_wconf 88' lang='lat' dir='ltr'>et</span> <span class='ocrx_word' id='word_1_54' title='bbox 1167 514 1245 555; x_wconf 86' lang='lat' dir='ltr'>ego</span> <span class='ocrx_word' id='word_1_55' title='bbox 1287 503 1329 541; x_wconf 87' lang='lat' dir='ltr'>et</span> <span class='ocrx_word' id='word_1_56' title='bbox 1366 499 1537 541; x_wconf 81' lang='lat' dir='ltr'>Balbus.</span> 
     </span>
     <span class='ocr_line' id='line_1_8' title="bbox 190 558 1539 613; baseline 0 -13"><span class='ocrx_word' id='word_1_57' title='bbox 190 560 326 600; x_wconf 84' lang='lat' dir='ltr'>Tanta</span> <span class='ocrx_word' id='word_1_58' title='bbox 359 560 440 600; x_wconf 86' lang='lat' dir='ltr'>fuit</span> <span class='ocrx_word' id='word_1_59' title='bbox 473 559 781 613; x_wconf 76' lang='lat' dir='ltr'>opportunitas,</span> <span class='ocrx_word' id='word_1_60' title='bbox 814 561 861 599; x_wconf 89' lang='lat' dir='ltr'>ut</span> <span class='ocrx_word' id='word_1_61' title='bbox 893 558 1000 599; x_wconf 89' lang='lat' dir='ltr'>illud</span> <span class='ocrx_word' id='word_1_62' title='bbox 1030 558 1172 599; x_wconf 88' lang='lat' dir='ltr'>nescio</span> <span class='ocrx_word' id='word_1_63' title='bbox 1205 559 1308 613; x_wconf 89' lang='lat' dir='ltr'>quid</span> <span class='ocrx_word' id='word_1_64' title='bbox 1338 573 1424 600; x_wconf 90' lang='lat' dir='ltr'>non</span> <span class='ocrx_word' id='word_1_65' title='bbox 1455 559 1539 600; x_wconf 86' lang='lat' dir='ltr'>for-</span> 
     </span>
     <span class='ocr_line' id='line_1_9' title="bbox 190 616 1538 673; baseline 0 -14"><span class='ocrx_word' id='word_1_66' title='bbox 190 619 369 671; x_wconf 88' lang='lat' dir='ltr'>tuitum,</span> <span class='ocrx_word' id='word_1_67' title='bbox 414 618 486 659; x_wconf 89' lang='lat' dir='ltr'>sed</span> <span class='ocrx_word' id='word_1_68' title='bbox 526 618 717 658; x_wconf 76' lang='lat' dir='ltr'>divinum</span> <span class='ocrx_word' id='word_1_69' title='bbox 757 617 982 658; x_wconf 73' lang='lat' dir='ltr'>videretur.</span> <span class='ocrx_word' id='word_1_70' title='bbox 1053 616 1181 658; x_wconf 86' lang='lat' dir='ltr'>Mitto</span> <span class='ocrx_word' id='word_1_71' title='bbox 1224 617 1359 673; x_wconf 87' lang='lat' dir='ltr'>igitur</span> <span class='ocrx_word' id='word_1_72' title='bbox 1402 617 1455 658; x_wconf 88' lang='lat' dir='ltr'>ad</span> <span class='ocrx_word' id='word_1_73' title='bbox 1496 620 1538 659; x_wconf 88' lang='lat' dir='ltr'>te</span> 
     </span>
     <span class='ocr_line' id='line_1_10' title="bbox 191 676 1539 731; baseline 0 -14"><span class='ocrx_word' id='word_1_74' title='bbox 191 677 437 718; x_wconf 82' lang='lat' dir='ltr'>Trebatium</span> <span class='ocrx_word' id='word_1_75' title='bbox 471 679 596 730; x_wconf 87' lang='lat' dir='ltr'>atque</span> <span class='ocrx_word' id='word_1_76' title='bbox 629 677 688 717; x_wconf 86' lang='lat' dir='ltr'>ita</span> <span class='ocrx_word' id='word_1_77' title='bbox 718 677 857 730; x_wconf 89' lang='lat' dir='ltr'>mitto,</span> <span class='ocrx_word' id='word_1_78' title='bbox 889 678 937 716; x_wconf 91' lang='lat' dir='ltr'>ut</span> <span class='ocrx_word' id='word_1_79' title='bbox 968 676 1093 717; x_wconf 90' lang='lat' dir='ltr'>initio</span> <span class='ocrx_word' id='word_1_80' title='bbox 1124 690 1218 717; x_wconf 87' lang='lat' dir='ltr'>mea</span> <span class='ocrx_word' id='word_1_81' title='bbox 1249 678 1411 731; x_wconf 89' lang='lat' dir='ltr'>sponte,</span> <span class='ocrx_word' id='word_1_82' title='bbox 1441 679 1539 731; x_wconf 89' lang='lat' dir='ltr'>post</span> 
     </span>
     <span class='ocr_line' id='line_1_11' title="bbox 193 734 1592 789; baseline -0.001 -13"><span class='ocrx_word' id='word_1_83' title='bbox 193 739 334 776; x_wconf 88' lang='lat' dir='ltr'>autem</span> <span class='ocrx_word' id='word_1_84' title='bbox 378 735 560 776; x_wconf 78' lang='lat' dir='ltr'>invitatu</span> <span class='ocrx_word' id='word_1_85' title='bbox 605 738 679 776; x_wconf 93' lang='lat' dir='ltr'>tuo</span> <span class='ocrx_word' id='word_1_86' title='bbox 722 735 979 776; x_wconf 84' lang='lat' dir='ltr'>mittendum</span> <span class='ocrx_word' id='word_1_87' title='bbox 1025 735 1228 775; x_wconf 82' lang='lat' dir='ltr'>duxerim.</span> <span class='ocrx_word' id='word_1_88' title='bbox 1290 734 1435 789; x_wconf 91' lang='lat' dir='ltr'>Hunc,</span> <span class='ocrx_word' id='word_1_89' title='bbox 1478 736 1592 776; x_wconf 80' lang='lat' dir='ltr'>mim</span> 
     </span>
     <span class='ocr_line' id='line_1_12' title="bbox 194 794 1539 849; baseline 0.001 -15"><span class='ocrx_word' id='word_1_90' title='bbox 194 794 362 849; x_wconf 80' lang='lat' dir='ltr'>Caesar,</span> <span class='ocrx_word' id='word_1_91' title='bbox 401 795 461 834; x_wconf 89' lang='lat' dir='ltr'>sic</span> <span class='ocrx_word' id='word_1_92' title='bbox 497 794 625 835; x_wconf 73' lang='lat' dir='ltr'>velim</span> <span class='ocrx_word' id='word_1_93' title='bbox 664 794 779 835; x_wconf 91' lang='lat' dir='ltr'>omni</span> <span class='ocrx_word' id='word_1_94' title='bbox 817 796 891 834; x_wconf 84' lang='lat' dir='ltr'>tua</span> <span class='ocrx_word' id='word_1_95' title='bbox 923 794 1123 835; x_wconf 89' lang='lat' dir='ltr'>comitate</span> <span class='ocrx_word' id='word_1_96' title='bbox 1155 794 1453 848; x_wconf 81' lang='lat' dir='ltr'>complectare,</span> <span class='ocrx_word' id='word_1_97' title='bbox 1491 797 1539 835; x_wconf 90' lang='lat' dir='ltr'>ut</span> 
     </span>
     <span class='ocr_line' id='line_1_13' title="bbox 193 852 1538 908; baseline 0.001 -15"><span class='ocrx_word' id='word_1_98' title='bbox 193 854 345 908; x_wconf 89' lang='lat' dir='ltr'>omnia,</span> <span class='ocrx_word' id='word_1_99' title='bbox 378 867 483 907; x_wconf 85' lang='lat' dir='ltr'>quae</span> <span class='ocrx_word' id='word_1_100' title='bbox 514 867 590 907; x_wconf 89' lang='lat' dir='ltr'>per</span> <span class='ocrx_word' id='word_1_101' title='bbox 620 867 687 893; x_wconf 89' lang='lat' dir='ltr'>me</span> <span class='ocrx_word' id='word_1_102' title='bbox 718 853 855 907; x_wconf 86' lang='lat' dir='ltr'>possis</span> <span class='ocrx_word' id='word_1_103' title='bbox 887 852 1037 894; x_wconf 87' lang='lat' dir='ltr'>adduci</span> <span class='ocrx_word' id='word_1_104' title='bbox 1063 855 1111 893; x_wconf 86' lang='lat' dir='ltr'>ut</span> <span class='ocrx_word' id='word_1_105' title='bbox 1136 852 1181 893; x_wconf 88' lang='lat' dir='ltr'>in</span> <span class='ocrx_word' id='word_1_106' title='bbox 1205 867 1322 894; x_wconf 89' lang='lat' dir='ltr'>meos</span> <span class='ocrx_word' id='word_1_107' title='bbox 1348 853 1538 894; x_wconf 88' lang='lat' dir='ltr'>conferre</span> 
     </span>
     <span class='ocr_line' id='line_1_14' title="bbox 191 911 1538 966; baseline 0.001 -14"><span class='ocrx_word' id='word_1_108' title='bbox 191 912 312 966; x_wconf 71' lang='lat' dir='ltr'>velis,</span> <span class='ocrx_word' id='word_1_109' title='bbox 350 912 395 952; x_wconf 88' lang='lat' dir='ltr'>in</span> <span class='ocrx_word' id='word_1_110' title='bbox 433 926 564 952; x_wconf 92' lang='lat' dir='ltr'>unum</span> <span class='ocrx_word' id='word_1_111' title='bbox 601 911 715 952; x_wconf 90' lang='lat' dir='ltr'>hunc</span> <span class='ocrx_word' id='word_1_112' title='bbox 753 912 954 952; x_wconf 87' lang='lat' dir='ltr'>conferas.</span> <span class='ocrx_word' id='word_1_113' title='bbox 1016 911 1080 952; x_wconf 93' lang='lat' dir='ltr'>De</span> <span class='ocrx_word' id='word_1_114' title='bbox 1123 926 1206 965; x_wconf 93' lang='lat' dir='ltr'>quo</span> <span class='ocrx_word' id='word_1_115' title='bbox 1244 911 1326 952; x_wconf 86' lang='lat' dir='ltr'>tibi</span> <span class='ocrx_word' id='word_1_116' title='bbox 1365 911 1538 953; x_wconf 89' lang='lat' dir='ltr'>homine</span> 
     </span>
     <span class='ocr_line' id='line_1_15' title="bbox 190 970 1539 1025; baseline 0 -14"><span class='ocrx_word' id='word_1_117' title='bbox 190 970 293 1011; x_wconf 86' lang='lat' dir='ltr'>haec</span> <span class='ocrx_word' id='word_1_118' title='bbox 324 970 509 1025; x_wconf 87' lang='lat' dir='ltr'>spondeo</span> <span class='ocrx_word' id='word_1_119' title='bbox 541 984 627 1011; x_wconf 91' lang='lat' dir='ltr'>non</span> <span class='ocrx_word' id='word_1_120' title='bbox 659 970 733 1011; x_wconf 91' lang='lat' dir='ltr'>illo</span> <span class='ocrx_word' id='word_1_121' title='bbox 760 973 901 1012; x_wconf 80' lang='lat' dir='ltr'>vetere</span> <span class='ocrx_word' id='word_1_122' title='bbox 925 970 1056 1011; x_wconf 85' lang='lat' dir='ltr'>verbo</span> <span class='ocrx_word' id='word_1_123' title='bbox 1081 984 1188 1025; x_wconf 92' lang='lat' dir='ltr'>meo,</span> <span class='ocrx_word' id='word_1_124' title='bbox 1220 970 1335 1024; x_wconf 89' lang='lat' dir='ltr'>quod</span> <span class='ocrx_word' id='word_1_125' title='bbox 1365 984 1461 1012; x_wconf 91' lang='lat' dir='ltr'>cum</span> <span class='ocrx_word' id='word_1_126' title='bbox 1486 970 1539 1011; x_wconf 86' lang='lat' dir='ltr'>ad</span> 
     </span>
     <span class='ocr_line' id='line_1_16' title="bbox 191 1028 1592 1084; baseline 0.001 -15"><span class='ocrx_word' id='word_1_127' title='bbox 191 1032 232 1069; x_wconf 88' lang='lat' dir='ltr'>te</span> <span class='ocrx_word' id='word_1_128' title='bbox 266 1029 315 1070; x_wconf 90' lang='lat' dir='ltr'>de</span> <span class='ocrx_word' id='word_1_129' title='bbox 353 1029 512 1070; x_wconf 89' lang='lat' dir='ltr'>Milone</span> <span class='ocrx_word' id='word_1_130' title='bbox 551 1029 832 1084; x_wconf 78' lang='lat' dir='ltr'>scripsissem,</span> <span class='ocrx_word' id='word_1_131' title='bbox 870 1029 961 1070; x_wconf 87' lang='lat' dir='ltr'>iure</span> <span class='ocrx_word' id='word_1_132' title='bbox 996 1029 1154 1083; x_wconf 90' lang='lat' dir='ltr'>lusisti,</span> <span class='ocrx_word' id='word_1_133' title='bbox 1197 1029 1269 1070; x_wconf 90' lang='lat' dir='ltr'>sed</span> <span class='ocrx_word' id='word_1_134' title='bbox 1305 1044 1423 1070; x_wconf 86' lang='lat' dir='ltr'>more</span> <span class='ocrx_word' id='word_1_135' title='bbox 1454 1028 1592 1070; x_wconf 84' lang='lat' dir='ltr'>Ro-15</span> 
     </span>
     <span class='ocr_line' id='line_1_17' title="bbox 191 1088 1538 1143; baseline 0.001 -15"><span class='ocrx_word' id='word_1_136' title='bbox 191 1102 334 1142; x_wconf 87' lang='lat' dir='ltr'>mano,</span> <span class='ocrx_word' id='word_1_137' title='bbox 367 1102 450 1142; x_wconf 92' lang='lat' dir='ltr'>quo</span> <span class='ocrx_word' id='word_1_138' title='bbox 482 1088 609 1129; x_wconf 90' lang='lat' dir='ltr'>modo</span> <span class='ocrx_word' id='word_1_139' title='bbox 641 1088 835 1129; x_wconf 88' lang='lat' dir='ltr'>homines</span> <span class='ocrx_word' id='word_1_140' title='bbox 866 1103 952 1129; x_wconf 92' lang='lat' dir='ltr'>non</span> <span class='ocrx_word' id='word_1_141' title='bbox 984 1088 1118 1143; x_wconf 89' lang='lat' dir='ltr'>inepti</span> <span class='ocrx_word' id='word_1_142' title='bbox 1149 1088 1364 1142; x_wconf 89' lang='lat' dir='ltr'>locuntur,</span> <span class='ocrx_word' id='word_1_143' title='bbox 1395 1088 1538 1143; x_wconf 89' lang='lat' dir='ltr'>probi—</span> 
     </span>
     <span class='ocr_line' id='line_1_18' title="bbox 192 1146 1537 1201; baseline 0.001 -14"><span class='ocrx_word' id='word_1_144' title='bbox 192 1161 307 1187; x_wconf 89' lang='lat' dir='ltr'>orem</span> <span class='ocrx_word' id='word_1_145' title='bbox 350 1146 588 1200; x_wconf 88' lang='lat' dir='ltr'>hominem,</span> <span class='ocrx_word' id='word_1_146' title='bbox 637 1147 857 1188; x_wconf 88' lang='lat' dir='ltr'>meliorem</span> <span class='ocrx_word' id='word_1_147' title='bbox 900 1147 1060 1201; x_wconf 86' lang='lat' dir='ltr'>virum,</span> <span class='ocrx_word' id='word_1_148' title='bbox 1108 1147 1405 1201; x_wconf 88' lang='lat' dir='ltr'>pudentiorem</span> <span class='ocrx_word' id='word_1_149' title='bbox 1449 1161 1537 1188; x_wconf 86' lang='lat' dir='ltr'>esse</span> 
     </span>
     <span class='ocr_line' id='line_1_19' title="bbox 190 1205 1538 1260; baseline 0.001 -15"><span class='ocrx_word' id='word_1_150' title='bbox 190 1206 420 1259; x_wconf 78' lang='lat' dir='ltr'>neminem3</span> <span class='ocrx_word' id='word_1_151' title='bbox 459 1205 618 1246; x_wconf 85' lang='lat' dir='ltr'>accedit</span> <span class='ocrx_word' id='word_1_152' title='bbox 656 1206 801 1260; x_wconf 88' lang='lat' dir='ltr'>etiam,</span> <span class='ocrx_word' id='word_1_153' title='bbox 839 1206 954 1260; x_wconf 90' lang='lat' dir='ltr'>quod</span> <span class='ocrx_word' id='word_1_154' title='bbox 985 1205 1191 1247; x_wconf 86' lang='lat' dir='ltr'>familiam</span> <span class='ocrx_word' id='word_1_155' title='bbox 1224 1206 1340 1247; x_wconf 93' lang='lat' dir='ltr'>ducit</span> <span class='ocrx_word' id='word_1_156' title='bbox 1371 1206 1416 1246; x_wconf 92' lang='lat' dir='ltr'>in</span> <span class='ocrx_word' id='word_1_157' title='bbox 1446 1206 1538 1247; x_wconf 87' lang='lat' dir='ltr'>iure</span> 
     </span>
     <span class='ocr_line' id='line_1_20' title="bbox 191 1264 1536 1321; baseline 0.001 -17"><span class='ocrx_word' id='word_1_158' title='bbox 191 1264 305 1305; x_wconf 76' lang='lat' dir='ltr'>civili</span> <span class='ocrx_word' id='word_1_159' title='bbox 344 1264 551 1318; x_wconf 73' lang='lat' dir='ltr'>singulari</span> <span class='ocrx_word' id='word_1_160' title='bbox 588 1265 809 1318; x_wconf 90' lang='lat' dir='ltr'>memoria,</span> <span class='ocrx_word' id='word_1_161' title='bbox 854 1279 1017 1305; x_wconf 87' lang='lat' dir='ltr'>summa</span> <span class='ocrx_word' id='word_1_162' title='bbox 1055 1265 1240 1305; x_wconf 84' lang='lat' dir='ltr'>scientia.</span> <span class='ocrx_word' id='word_1_163' title='bbox 1302 1264 1416 1306; x_wconf 88' lang='lat' dir='ltr'>Huic</span> <span class='ocrx_word' id='word_1_164' title='bbox 1458 1279 1536 1321; x_wconf 86' lang='lat' dir='ltr'>ego</span> 
     </span>
     <span class='ocr_line' id='line_1_21' title="bbox 189 1323 1592 1378; baseline 0.001 -15"><span class='ocrx_word' id='word_1_165' title='bbox 189 1337 325 1376; x_wconf 88' lang='lat' dir='ltr'>neque</span> <span class='ocrx_word' id='word_1_166' title='bbox 356 1323 623 1363; x_wconf 88' lang='lat' dir='ltr'>tribunatum</span> <span class='ocrx_word' id='word_1_167' title='bbox 653 1338 790 1377; x_wconf 86' lang='lat' dir='ltr'>neque</span> <span class='ocrx_word' id='word_1_168' title='bbox 821 1324 1128 1377; x_wconf 87' lang='lat' dir='ltr'>praefecturam</span> <span class='ocrx_word' id='word_1_169' title='bbox 1153 1337 1289 1378; x_wconf 88' lang='lat' dir='ltr'>neque</span> <span class='ocrx_word' id='word_1_170' title='bbox 1315 1323 1443 1365; x_wconf 89' lang='lat' dir='ltr'>ullius</span> <span class='ocrx_word' id='word_1_171' title='bbox 1467 1323 1538 1364; x_wconf 87' lang='lat' dir='ltr'>be·</span> <span class='ocrx_word' id='word_1_172' title='bbox 1557 1333 1592 1358; x_wconf 83' lang='lat'>2⁰</span> 
     </span>
     <span class='ocr_line' id='line_1_22' title="bbox 189 1381 1537 1436; baseline 0.001 -15"><span class='ocrx_word' id='word_1_173' title='bbox 189 1381 329 1422; x_wconf 83' lang='lat' dir='ltr'>neficii</span> <span class='ocrx_word' id='word_1_174' title='bbox 356 1384 518 1422; x_wconf 89' lang='lat' dir='ltr'>certum</span> <span class='ocrx_word' id='word_1_175' title='bbox 543 1396 698 1422; x_wconf 89' lang='lat' dir='ltr'>nomen</span> <span class='ocrx_word' id='word_1_176' title='bbox 722 1384 834 1436; x_wconf 92' lang='lat' dir='ltr'>peto,</span> <span class='ocrx_word' id='word_1_177' title='bbox 860 1382 1199 1422; x_wconf 84' lang='lat' dir='ltr'>benevolentiam</span> <span class='ocrx_word' id='word_1_178' title='bbox 1224 1384 1342 1423; x_wconf 89' lang='lat' dir='ltr'>tuam</span> <span class='ocrx_word' id='word_1_179' title='bbox 1369 1385 1410 1423; x_wconf 93' lang='lat' dir='ltr'>et</span> <span class='ocrx_word' id='word_1_180' title='bbox 1434 1381 1537 1422; x_wconf 92' lang='lat' dir='ltr'>libe-</span> 
     </span>
     <span class='ocr_line' id='line_1_23' title="bbox 190 1440 1536 1494; baseline 0.001 -14"><span class='ocrx_word' id='word_1_181' title='bbox 190 1440 403 1480; x_wconf 87' lang='lat' dir='ltr'>ralitatem</span> <span class='ocrx_word' id='word_1_182' title='bbox 437 1443 536 1494; x_wconf 87' lang='lat' dir='ltr'>peto</span> <span class='ocrx_word' id='word_1_183' title='bbox 574 1454 710 1493; x_wconf 90' lang='lat' dir='ltr'>neque</span> <span class='ocrx_word' id='word_1_184' title='bbox 746 1440 949 1494; x_wconf 78' lang='lat' dir='ltr'>impedio,</span> <span class='ocrx_word' id='word_1_185' title='bbox 988 1454 1071 1494; x_wconf 94' lang='lat' dir='ltr'>quo</span> <span class='ocrx_word' id='word_1_186' title='bbox 1106 1441 1264 1494; x_wconf 91' lang='lat' dir='ltr'>minus,</span> <span class='ocrx_word' id='word_1_187' title='bbox 1297 1441 1332 1481; x_wconf 87' lang='lat' dir='ltr'>si</span> <span class='ocrx_word' id='word_1_188' title='bbox 1363 1440 1444 1481; x_wconf 89' lang='lat' dir='ltr'>tibi</span> <span class='ocrx_word' id='word_1_189' title='bbox 1477 1440 1536 1481; x_wconf 86' lang='lat' dir='ltr'>ita</span> 
     </span>
     <span class='ocr_line' id='line_1_24' title="bbox 189 1498 1538 1555; baseline 0.001 -17"><span class='ocrx_word' id='word_1_190' title='bbox 189 1498 413 1553; x_wconf 85' lang='lat' dir='ltr'>placuerit,</span> <span class='ocrx_word' id='word_1_191' title='bbox 451 1498 579 1538; x_wconf 88' lang='lat' dir='ltr'>etiam</span> <span class='ocrx_word' id='word_1_192' title='bbox 610 1498 725 1539; x_wconf 87' lang='lat' dir='ltr'>hisce</span> <span class='ocrx_word' id='word_1_193' title='bbox 758 1513 1009 1540; x_wconf 71' lang='lat' dir='ltr'>eumornes</span> <span class='ocrx_word' id='word_1_194' title='bbox 1041 1499 1246 1554; x_wconf 84' lang='lat' dir='ltr'>gloriolae</span> <span class='ocrx_word' id='word_1_195' title='bbox 1279 1499 1538 1555; x_wconf 80' lang='lat' dir='ltr'>insignibus3</span> 
     </span>
     <span class='ocr_line' id='line_1_25' title="bbox 189 1556 1537 1612; baseline 0.001 -15"><span class='ocrx_word' id='word_1_196' title='bbox 189 1560 329 1598; x_wconf 86' lang='lat' dir='ltr'>totum</span> <span class='ocrx_word' id='word_1_197' title='bbox 362 1556 542 1610; x_wconf 87' lang='lat' dir='ltr'>denique</span> <span class='ocrx_word' id='word_1_198' title='bbox 573 1557 791 1598; x_wconf 89' lang='lat' dir='ltr'>hominem</span> <span class='ocrx_word' id='word_1_199' title='bbox 823 1557 903 1598; x_wconf 88' lang='lat' dir='ltr'>tibi</span> <span class='ocrx_word' id='word_1_200' title='bbox 935 1558 996 1598; x_wconf 88' lang='lat' dir='ltr'>ita</span> <span class='ocrx_word' id='word_1_201' title='bbox 1026 1557 1160 1612; x_wconf 87' lang='lat' dir='ltr'>trado,</span> <span class='ocrx_word' id='word_1_202' title='bbox 1193 1558 1258 1599; x_wconf 74' lang='lat' dir='ltr'>‘de</span> <span class='ocrx_word' id='word_1_203' title='bbox 1290 1558 1457 1612; x_wconf 87' lang='lat' dir='ltr'>manu&#39;,</span> <span class='ocrx_word' id='word_1_204' title='bbox 1488 1561 1537 1599; x_wconf 92' lang='lat' dir='ltr'>ut</span> 
     </span>
     <span class='ocr_line' id='line_1_26' title="bbox 191 1616 1590 1671; baseline 0.001 -15"><span class='ocrx_word' id='word_1_205' title='bbox 191 1616 320 1669; x_wconf 87' lang='lat' dir='ltr'>aiunt,</span> <span class='ocrx_word' id='word_1_206' title='bbox 354 1616 421 1656; x_wconf 72' lang='lat' dir='ltr'>‘in</span> <span class='ocrx_word' id='word_1_207' title='bbox 447 1616 641 1656; x_wconf 86' lang='lat' dir='ltr'>manum&#39;</span> <span class='ocrx_word' id='word_1_208' title='bbox 674 1619 791 1657; x_wconf 87' lang='lat' dir='ltr'>tuam</span> <span class='ocrx_word' id='word_1_209' title='bbox 817 1617 942 1657; x_wconf 89' lang='lat' dir='ltr'>istam</span> <span class='ocrx_word' id='word_1_210' title='bbox 969 1619 1009 1657; x_wconf 92' lang='lat' dir='ltr'>et</span> <span class='ocrx_word' id='word_1_211' title='bbox 1035 1616 1214 1658; x_wconf 85' lang='lat' dir='ltr'>victoria</span> <span class='ocrx_word' id='word_1_212' title='bbox 1240 1619 1281 1658; x_wconf 87' lang='lat' dir='ltr'>et</span> <span class='ocrx_word' id='word_1_213' title='bbox 1305 1617 1388 1658; x_wconf 90' lang='lat' dir='ltr'>fide</span> <span class='ocrx_word' id='word_1_214' title='bbox 1419 1631 1536 1671; x_wconf 87' lang='lat' dir='ltr'>prae·</span> <span class='ocrx_word' id='word_1_215' title='bbox 1556 1626 1590 1652; x_wconf 82' lang='lat'>25</span> 
     </span>
     <span class='ocr_line' id='line_1_27' title="bbox 190 1673 1535 1730; baseline 0.001 -15"><span class='ocrx_word' id='word_1_216' title='bbox 190 1678 383 1715; x_wconf 87' lang='lat' dir='ltr'>stantem.</span> <span class='ocrx_word' id='word_1_217' title='bbox 447 1673 587 1715; x_wconf 85' lang='lat' dir='ltr'>Simus</span> <span class='ocrx_word' id='word_1_218' title='bbox 626 1675 738 1715; x_wconf 89' lang='lat' dir='ltr'>enim</span> <span class='ocrx_word' id='word_1_219' title='bbox 769 1675 1064 1730; x_wconf 87' lang='lat' dir='ltr'>putidiusculi,</span> <span class='ocrx_word' id='word_1_220' title='bbox 1102 1690 1357 1730; x_wconf 80' lang='lat' dir='ltr'>quamquam</span> <span class='ocrx_word' id='word_1_221' title='bbox 1387 1690 1463 1730; x_wconf 89' lang='lat' dir='ltr'>per</span> <span class='ocrx_word' id='word_1_222' title='bbox 1493 1678 1535 1716; x_wconf 89' lang='lat' dir='ltr'>te</span> 
     </span>
     <span class='ocr_line' id='line_1_28' title="bbox 190 1733 1536 1789; baseline 0.001 -16"><span class='ocrx_word' id='word_1_223' title='bbox 190 1734 261 1774; x_wconf 72' lang='lat' dir='ltr'>vix</span> <span class='ocrx_word' id='word_1_224' title='bbox 292 1733 408 1787; x_wconf 82' lang='lat' dir='ltr'>licet3</span> <span class='ocrx_word' id='word_1_225' title='bbox 441 1747 599 1787; x_wconf 87' lang='lat' dir='ltr'>verum,</span> <span class='ocrx_word' id='word_1_226' title='bbox 630 1736 679 1774; x_wconf 91' lang='lat' dir='ltr'>ut</span> <span class='ocrx_word' id='word_1_227' title='bbox 709 1734 844 1788; x_wconf 76' lang='lat' dir='ltr'>video,</span> <span class='ocrx_word' id='word_1_228' title='bbox 875 1734 1032 1775; x_wconf 89' lang='lat' dir='ltr'>licebit.</span> <span class='ocrx_word' id='word_1_229' title='bbox 1085 1733 1206 1789; x_wconf 87' lang='lat' dir='ltr'>Cura,</span> <span class='ocrx_word' id='word_1_230' title='bbox 1239 1737 1286 1775; x_wconf 92' lang='lat' dir='ltr'>ut</span> <span class='ocrx_word' id='word_1_231' title='bbox 1312 1734 1462 1789; x_wconf 80' lang='lat' dir='ltr'>valeas,</span> <span class='ocrx_word' id='word_1_232' title='bbox 1494 1736 1536 1776; x_wconf 86' lang='lat' dir='ltr'>et</span> 
     </span>
     <span class='ocr_line' id='line_1_29' title="bbox 188 1794 1217 1846; baseline -0.001 -12"><span class='ocrx_word' id='word_1_233' title='bbox 188 1807 276 1846; x_wconf 89' lang='lat' dir='ltr'>me,</span> <span class='ocrx_word' id='word_1_234' title='bbox 309 1794 357 1833; x_wconf 92' lang='lat' dir='ltr'>ut</span> <span class='ocrx_word' id='word_1_235' title='bbox 388 1806 522 1846; x_wconf 82' lang='lat' dir='ltr'>amaS,</span> <span class='ocrx_word' id='word_1_236' title='bbox 555 1806 658 1833; x_wconf 87' lang='lat' dir='ltr'>ama.</span> <span class='ocrx_word' id='word_1_237' title='bbox 1203 1806 1217 1814; x_wconf 56' lang='lat'>³</span> 
     </span>
    </p>
   </div>
   <div class='ocr_carea' id='block_1_3' title="bbox 290 1897 1589 2095">
    <p class='ocr_par' dir='ltr' id='par_1_3' title="bbox 290 1897 1589 2095">
     <span class='ocr_line' id='line_1_30' title="bbox 823 1897 895 1939; baseline 0.014 -1"><span class='ocrx_word' id='word_1_238' title='bbox 823 1897 895 1939; x_wconf 88' lang='lat' dir='ltr'>VI.</span> 
     </span>
     <span class='ocr_line' id='line_1_31' title="bbox 290 1977 1589 2023; baseline 0.002 -11"><span class='ocrx_word' id='word_1_239' title='bbox 290 1977 363 2013; x_wconf 77' lang='lat' dir='ltr'>Ser.</span> <span class='ocrx_word' id='word_1_240' title='bbox 391 1978 431 2012; x_wconf 78' lang='lat' dir='ltr'>in</span> <span class='ocrx_word' id='word_1_241' title='bbox 459 1978 620 2013; x_wconf 80' lang='lat' dir='ltr'>Cumano</span> <span class='ocrx_word' id='word_1_242' title='bbox 646 1982 711 2013; x_wconf 79' lang='lat' dir='ltr'>aut</span> <span class='ocrx_word' id='word_1_243' title='bbox 737 1978 958 2023; x_wconf 81' lang='lat' dir='ltr'>Pompeiano</span> <span class='ocrx_word' id='word_1_244' title='bbox 983 1990 1027 2013; x_wconf 85' lang='lat' dir='ltr'>m.</span> <span class='ocrx_word' id='word_1_245' title='bbox 1057 1978 1152 2013; x_wconf 74' lang='lat' dir='ltr'>Mai.</span> <span class='ocrx_word' id='word_1_246' title='bbox 1180 1990 1213 2013; x_wconf 88' lang='grc' dir='ltr'>α.</span> <span class='ocrx_word' id='word_1_247' title='bbox 1242 1980 1316 2012; x_wconf 89' lang='grc'>700</span> <span class='ocrx_word' id='word_1_248' title='bbox 1344 1980 1432 2020; x_wconf 77' lang='grc'><em>(54).</em></span> <span class='ocrx_word' id='word_1_249' title='bbox 1554 1990 1589 2015; x_wconf 83' lang='grc'>30</span> 
     </span>
     <span class='ocr_line' id='line_1_32' title="bbox 573 2059 1155 2095; baseline 0 -1"><span class='ocrx_word' id='word_1_250' title='bbox 573 2059 743 2095; x_wconf 85' lang='lat' dir='ltr'>CICERO</span> <span class='ocrx_word' id='word_1_251' title='bbox 772 2060 805 2095; x_wconf 83' lang='lat' dir='ltr'>S.</span> <span class='ocrx_word' id='word_1_252' title='bbox 832 2060 875 2095; x_wconf 92' lang='lat' dir='ltr'>D.</span> <span class='ocrx_word' id='word_1_253' title='bbox 903 2059 1155 2094; x_wconf 88' lang='lat' dir='ltr'><strong>TREBATIO.</strong></span> 
     </span>
    </p>
   </div>
   <div class='ocr_carea' id='block_1_4' title="bbox 190 2142 1535 2376">
    <p class='ocr_par' dir='ltr' id='par_1_4' title="bbox 190 2142 1535 2376">
     <span class='ocr_line' id='line_1_33' title="bbox 277 2142 1535 2199; baseline 0.001 -16"><span class='ocrx_word' id='word_1_254' title='bbox 277 2142 326 2184; x_wconf 93' lang='lat' dir='ltr'>In</span> <span class='ocrx_word' id='word_1_255' title='bbox 366 2145 562 2185; x_wconf 90' lang='lat' dir='ltr'>omnibus</span> <span class='ocrx_word' id='word_1_256' title='bbox 600 2144 706 2185; x_wconf 91' lang='lat' dir='ltr'>meis</span> <span class='ocrx_word' id='word_1_257' title='bbox 738 2144 946 2199; x_wconf 86' lang='lat' dir='ltr'>epistolis,</span> <span class='ocrx_word' id='word_1_258' title='bbox 985 2159 1089 2198; x_wconf 87' lang='lat' dir='ltr'>quas</span> <span class='ocrx_word' id='word_1_259' title='bbox 1127 2143 1178 2185; x_wconf 90' lang='lat' dir='ltr'>ad</span> <span class='ocrx_word' id='word_1_260' title='bbox 1211 2142 1430 2184; x_wconf 86' lang='lat' dir='ltr'>Caesarem</span> <span class='ocrx_word' id='word_1_261' title='bbox 1462 2145 1535 2184; x_wconf 86' lang='lat' dir='ltr'>aut</span> 
     </span>
     <span class='ocr_line' id='line_1_34' title="bbox 190 2202 1535 2258; baseline 0.001 -17"><span class='ocrx_word' id='word_1_262' title='bbox 190 2202 241 2242; x_wconf 88' lang='lat' dir='ltr'>ad</span> <span class='ocrx_word' id='word_1_263' title='bbox 273 2202 453 2243; x_wconf 89' lang='lat' dir='ltr'>Balbum</span> <span class='ocrx_word' id='word_1_264' title='bbox 485 2204 623 2257; x_wconf 90' lang='lat' dir='ltr'>mitto,</span> <span class='ocrx_word' id='word_1_265' title='bbox 655 2203 861 2258; x_wconf 84' lang='lat' dir='ltr'>legituma</span> <span class='ocrx_word' id='word_1_266' title='bbox 886 2203 1091 2257; x_wconf 86' lang='lat' dir='ltr'>quaedam</span> <span class='ocrx_word' id='word_1_267' title='bbox 1106 2205 1181 2243; x_wconf 75' lang='lat' dir='ltr'>est</span> <span class='ocrx_word' id='word_1_268' title='bbox 1212 2202 1392 2243; x_wconf 88' lang='lat' dir='ltr'>accessio</span> <span class='ocrx_word' id='word_1_269' title='bbox 1425 2216 1535 2243; x_wconf 89' lang='lat' dir='ltr'>com-</span> 
     </span>
     <span class='ocr_line' id='line_1_35' title="bbox 192 2260 1534 2317; baseline 0.001 -17"><span class='ocrx_word' id='word_1_270' title='bbox 192 2261 475 2302; x_wconf 88' lang='lat' dir='ltr'>mendationis</span> <span class='ocrx_word' id='word_1_271' title='bbox 507 2264 616 2315; x_wconf 87' lang='lat' dir='ltr'>tuae,</span> <span class='ocrx_word' id='word_1_272' title='bbox 648 2276 723 2302; x_wconf 91' lang='lat' dir='ltr'>nec</span> <span class='ocrx_word' id='word_1_273' title='bbox 757 2276 804 2302; x_wconf 86' lang='lat' dir='ltr'>ea</span> <span class='ocrx_word' id='word_1_274' title='bbox 835 2262 1036 2317; x_wconf 82' lang='lat' dir='ltr'>vulgaris,</span> <span class='ocrx_word' id='word_1_275' title='bbox 1068 2261 1140 2302; x_wconf 90' lang='lat' dir='ltr'>sed</span> <span class='ocrx_word' id='word_1_276' title='bbox 1171 2274 1266 2302; x_wconf 89' lang='lat' dir='ltr'>cum</span> <span class='ocrx_word' id='word_1_277' title='bbox 1299 2260 1441 2314; x_wconf 90' lang='lat' dir='ltr'>aliquo</span> <span class='ocrx_word' id='word_1_278' title='bbox 1474 2261 1534 2301; x_wconf 90' lang='lat' dir='ltr'>in-</span> 
     </span>
     <span class='ocr_line' id='line_1_36' title="bbox 192 2318 1534 2376; baseline 0.002 -19"><span class='ocrx_word' id='word_1_279' title='bbox 192 2318 301 2373; x_wconf 78' lang='lat' dir='ltr'>signi</span> <span class='ocrx_word' id='word_1_280' title='bbox 343 2320 499 2361; x_wconf 85' lang='lat' dir='ltr'>indicio</span> <span class='ocrx_word' id='word_1_281' title='bbox 540 2335 656 2361; x_wconf 89' lang='lat' dir='ltr'>meae</span> <span class='ocrx_word' id='word_1_282' title='bbox 699 2335 798 2376; x_wconf 86' lang='lat' dir='ltr'>erga</span> <span class='ocrx_word' id='word_1_283' title='bbox 835 2323 877 2361; x_wconf 88' lang='lat' dir='ltr'>te</span> <span class='ocrx_word' id='word_1_284' title='bbox 914 2319 1243 2361; x_wconf 83' lang='lat' dir='ltr'>benevolentiae.</span> <span class='ocrx_word' id='word_1_285' title='bbox 1305 2318 1371 2360; x_wconf 87' lang='lat' dir='ltr'>Tu</span> <span class='ocrx_word' id='word_1_286' title='bbox 1407 2319 1534 2360; x_wconf 91' lang='lat' dir='ltr'>modo</span> 
     </span>
    </p>
   </div>
  </div>
 </body>
</html>
