1659 2552
637 114 779 148 LIBER
803 113 836 148 V
863 118 892 148 2.
1348 112 1430 153 107

92 226 218 265 quam
250 210 334 251 cito
373 213 565 252 senatum
606 210 681 250 illo
715 210 780 250 die
812 210 922 250 facta
953 208 1176 249 sortitione
1209 207 1432 263 coegerim,

92 284 218 324 quam
254 269 390 309 multa
428 269 476 310 de
514 272 556 310 te
594 268 723 309 verba
760 268 949 322 fecerim,
988 281 1083 308 cum
1120 270 1167 307 tu
1206 267 1295 321 ipse
1326 267 1433 307 mihi

92 328 238 369 dixisti
270 328 506 369 orationem
537 342 674 368 meam
706 341 792 368 non
823 326 961 368 solum
993 326 1037 366 111
1068 328 1109 366 te
1140 325 1431 379 honorificam,

92 387 165 428 sed
196 386 324 427 etiam
357 387 400 427 in
432 386 614 441 collegas
646 389 742 426 tuos
774 384 1122 426 contumeliosam
1154 384 1293 425 fuisse.
1342 382 1432 424 Iam

55 445 198 486 sillud
238 448 405 486 senatus
444 445 701 498 consultum,
740 444 854 498 quod
891 458 939 485 eo
979 443 1044 484 die
1076 444 1236 483 factum
1268 444 1347 497 est,
1386 456 1433 483 ea

91 504 421 559 praescriptione
453 507 527 558 est,
559 506 618 557 ut,
651 503 750 543 dum
782 502 826 543 id
850 502 1045 556 exstabit,
1078 502 1267 542 officium
1291 515 1434 542 meum

92 563 136 603 111
174 566 216 604 133
256 563 481 604 01)33111·11111
520 576 608 602 3333
644 575 731 602 11011
770 561 914 616 possit.
975 560 1129 601 Postea
1168 574 1268 601 vero
1307 573 1434 614 quam

91 622 306 687 profectus
333 636 387 675 es,
419 620 547 662 velim
573 620 802 674 r·,ecoidere
835 634 940 674 quae
967 634 1045 675 ego
1073 619 1122 660 de
1148 622 1190 660 te
1216 619 1260 659 in
1286 621 1434 659 senatu

93 680 264 736 egerim,
297 694 402 734 quae
435 680 478 720 in
511 679 780 720 contionibus
807 678 998 732 dixerim
1030 692 1133 732 quas
1165 677 1218 718 ad
1249 680 1290 718 te
1322 677 1434 718 litte-

39 752 72 776 10
93 754 159 780 ras
189 738 389 779 miseiim.
452 737 566 787 Quae
599 752 694 778 cum
727 738 868 778 omnia
900 736 1137 792 collegeris,
1169 739 1216 777 tu
1248 736 1337 790 ipse
1368 750 1435 776 ve-

91 798 168 838 lim
199 797 374 851 iudices,
414 797 570 837 satisne
601 796 795 837 videatur
834 785 900 836 his
939 795 1136 836 omnibus
1174 795 1300 836 rebus
1336 797 1435 835 tuus

92 857 313 910 adventus,
357 870 452 897 cum
495 855 688 910 proxime
737 854 918 895 Romam
967 854 1141 908 venisti,
1184 856 1331 894 mutue
1375 867 1436 894 re-

93 914 320 970 spondisse.

181 972 304 1022 Quod
343 972 492 1014 scribis
535 972 584 1013 de
626 971 912 1012 reconciliata
949 971 1103 1024 yratz'a’
1144 973 1306 1024 nostra,
1349 984 1436 1010 non

41 1044 73 1069 15
93 1032 307 1088 intellego,
340 1045 413 1072 cur
444 1030 758 1072 reconciliatam
790 1044 877 1071 esse
911 1029 1034 1083 (11333,
1067 1044 1173 1083 quae
1204 1042 1436 1082 numquam

94 1091 369 1132 imminutast
431 1089 554 1139 Quod
590 1089 740 1130 scribis
783 1103 869 1129 non
907 1088 1144 1142 oportuisse
1188 1087 1436 1141 ‘Metellum,

95 1151 269 1191 fratrem
307 1152 445 1203 tuum,
488 1148 541 1189 ob
581 1148 741 1188 dictum
779 1162 802 1187 a
832 1161 900 1188 me
938 1146 1196 1202 oppugnari’
1198 1180 1208 1200 ,
1248 1146 1435 1200 primum

94 1209 177 1250 hoc
206 1208 334 1249 velim
366 1207 598 1261 existimes,
637 1206 826 1247 animum
862 1205 969 1246 mihi
1001 1206 1130 1246 istum
1161 1207 1283 1245 tuum
1315 1204 1436 1245 vehe-

93 1269 258 1308 menter
300 1266 474 1321 probari
513 1268 554 1306 et
593 1266 824 1306 fraternam
865 1264 1034 1329 plenam
1074 1263 1352 1305 humanitatis
1390 1277 1438 1303 ac

42 1338 75 1363 2⁰
94 1325 266 1380 pietatis
304 1325 585 1379 voluntatem3
628 1323 797 1377 deinde,
840 1323 876 1363 si
914 1337 997 1376 qua
1033 1337 1112 1378 ego
1150 1322 1195 1363 in
1232 1336 1276 1363 re
1313 1321 1436 1362 fratri

94 1388 169 1426 tuo
212 1384 274 1425 rei
316 1383 510 1438 publicae
555 1396 677 1423 causa
717 1357 963 1436 restiterim,
1008 1383 1056 1422 ut
1095 1380 1202 1421 mihi
1242 1381 1436 1436 ignoscas

96 1442 203 1499 (tam
235 1442 347 1483 enim
378 1457 471 1483 sum
503 1441 661 1482 amicus
693 1440 754 1481 rei
784 1456 823 1494 Ρ.
865 1455 992 1494 quam
1030 1439 1103 1494 qui
1140 1437 1363 1495 maxime)3
1401 1438 1436 1479 si

95 1516 195 1542 vero
226 1515 363 1542 meam
395 1501 574 1541 salutem
605 1502 752 1540 contra
788 1498 903 1539 illius
935 1499 1142 1553 impetum
1173 1498 1217 1538 in
1247 1512 1315 1538 me
1347 1511 1437 1538 cru-

99 1560 357 1600 delissimum
399 1558 677 1612 defenderim,
719 1558 819 1599 satis
859 1557 1015 1598 habeas
1055 1556 1164 1597 nihil
1200 1571 1267 1597 me
1308 1556 1437 1597 etiam

45 1630 78 1654 25
98 1622 238 1659 tecum
271 1618 319 1658 de
350 1618 415 1658 tui
445 1617 589 1658 fratris
621 1592 775 1657 iniuria
801 1616 1012 1670 conqueri.
1075 1615 1209 1664 Quem
1235 1629 1314 1670 380
1341 1629 1436 1655 311111

99 1676 380 1730 conperissem
413 1690 580 1717 omnem
619 1675 683 1715 sui
719 1675 963 1716 tribunatus
995 1677 1194 1715 conatum
1224 1674 1268 1714 in
1299 1688 1437 1714 meam

98 1734 328 1789 perniciem
370 1748 517 1787 parare
561 1736 686 1787 atque
729 1733 946 1786 meditari,
996 1733 1065 1788 egi
1109 1746 1205 1773 311111
1250 1731 1436 1785 Claudia,

99 1807 230 1834 uxore
261 1795 346 1846 tua,
378 1795 419 1832 et
451 1806 545 1832 cum
576 1794 716 1832 vestra
746 1805 889 1832 sorore
915 1790 1067 1845 Mucia,
1100 1791 1218 1831 cuius
1245 1805 1345 1855 erga
1369 1804 1437 1830 me

99 1851 286 1893 studium
316 1865 394 1904 pro
428 1849 500 1890 Cn.
531 1848 708 1903 Pompei
731 1849 1038 1890 necessitudine
1069 1849 1216 1889 multis
1242 1849 1287 1889 111
1312 1848 1437 1889 rebus

47 1923 80 1948 30
100 1923 406 1965 perspexeram,
437 1911 485 1948 ut
511 1922 607 1948 eum
632 1907 684 1947 ab
711 1907 783 1948 illa
808 1907 963 1948 iniuria
990 1907 1259 1948 deterrerent.
1288 1906 1438 1971 Atqui

100 1970 183 2023 ille,
216 1968 329 2023 quod
353 1970 395 2008 te
422 1967 584 2007 audisse
612 1968 725 2006 certo
751 1965 849 2019 scio,
881 1980 942 2019 pr.
962 1965 1013 2005 K.
1033 1964 1118 2005 Ian.
1126 1999 1137 2019 ,
1170 1979 1253 2018 qua
1283 1964 1439 2005 iniuria

98 2042 223 2069 nemo
266 2040 467 2080 umquam
517 2025 560 2065 111
608 2024 755 2065 infimo
803 2024 1056 2078 magistratu
1100 2023 1438 2077 improbissimus

101 2086 204 2127 civis
241 2085 428 2126 adfectus
466 2086 545 2137 est,
584 2097 631 2123 ea
662 2096 729 2122 me
767 2082 981 2122 301131113111
1012 2081 1184 2135 adfecit,
1222 2095 1317 2121 cum
1349 2096 1438 2122 rem

100 2160 139 2199 p
172 2157 498 2196 conservassem,
531 2144 656 2195 atque
689 2140 913 2181 abeuntem
944 2139 1196 2195 magistratu
1229 2139 1438 2180 contionis

49 2215 83 2241 35
102 2202 319 2244 habendae
350 2204 559 2256 potestate
590 2199 785 2254 privavit.
832 2197 960 2239 Cuius
986 2198 1141 2239 iniuria
1164 2198 1271 2238 mihi
1296 2201 1437 2239 tamen

99 2261 254 2302 honori
285 2274 449 2302 summo
481 2259 582 2313 fuit3
614 2272 728 2311 nam,
761 2271 856 2298 cum
888 2257 958 2297 ille
989 2256 1096 2297 mihi
1126 2256 1246 2310 nihil,
1276 2257 1358 2297 nisi
1389 2260 1438 2298 ut

102 2320 300 2374 iurarem,
341 2318 624 2373 permitteret,
666 2330 819 2371 magna
856 2329 956 2356 voce
997 2315 1133 2356 iuravi
1170 2315 1437 2356 verissimum
