1659 2552
376 85 441 119 AD
469 83 626 126 QUINT.
652 83 823 118 FRATR.
849 83 991 117 LIBER
1016 83 1065 116 111
1091 87 1123 127 3,
1151 87 1181 117 9.
1361 83 1447 123 559

108 183 242 236 eptus,
275 195 401 235 quam
434 194 476 221 se
507 180 596 234 ipse
629 194 772 220 amans
805 179 892 220 31110
924 179 1067 220 rivali!
1108 178 1304 220 Crassum
1334 177 1448 220 Iuni—

107 255 246 294 anum,
279 240 495 280 hominem
520 238 626 279 mihi
654 238 853 292 deditum,
878 252 954 292 per
977 252 1044 278 me
1071 237 1285 278 deterruit.
1318 236 1448 291 Velit,

87 299 234 353 nolit,
273 299 378 339 scire
417 297 588 338 difficile
627 299 706 351 est,
743 296 873 337 Hirro
905 299 1047 337 tamen
1078 299 1228 352 agente
1259 296 1372 337 nolle
1404 310 1447 336 se

107 372 194 399 non
225 356 436 411 probabit.
486 355 618 396 Aliud
648 356 729 396 1100
759 358 949 409 tempore
982 355 1031 396 de
1064 369 1107 395 re
1138 355 1309 409 publica
1339 354 1449 395 nihil

73 428 89 453 5
107 416 409 471 loquebantur3
442 414 647 470 agebatur
672 414 843 468 quidem
869 416 980 454 certe
1004 413 1123 454 nihil.
1169 413 1339 454 Serrani
1363 413 1448 454 Do-
1474 423 1494 454 5

107 475 272 515 mestici
303 474 382 515 filii
414 474 539 514 funus
569 473 887 527 perluctuosum
922 472 1004 513 fuit
1035 487 1069 514 a.
1102 472 1139 513 d.
1171 484 1253 513 VIII
1284 472 1335 512 K.
1367 472 1449 512 De-

108 533 261 574 cembr.
322 532 530 573 Laud-avit
561 534 681 586 pater
713 531 870 585 scripto
901 546 1006 572 meo.

194 591 320 633 Nunc
352 591 401 631 de
432 590 602 631 Milone.
652 589 880 643 Pompeius
907 590 944 630 ei
975 590 1085 630 nihil
1115 590 1268 630 tribuit
1295 592 1335 630 et
1363 604 1448 629 om-
1476 601 1495 630 6

106 650 177 691 nia
205 650 358 691 Guttae
391 649 576 703 dicitque
608 663 651 689 se
675 644 975 703 perfecturum,
1006 651 1054 689 ut
1079 648 1124 688 in
1149 649 1270 689 illum
1298 648 1449 689 Caesar

55 722 88 746 10
108 709 336 750 incumbat.
397 707 491 749 Hoc
527 708 673 748 horret
710 707 835 761 Milo,
878 722 955 748 1100
991 707 1163 762 111111113,
1207 709 1266 761 et,
1310 707 1346 747 si
1377 706 1449 747 ille

110 768 291 809 dictator
327 767 462 807 factus
500 767 572 820 sit,
608 780 740 820 paene
779 766 946 806 diffidit.
1006 765 1334 807 Intercessorem
1367 765 1449 806 die-

108 829 273 868 taturae
305 826 340 866 si
377 825 531 866 iuverit
568 840 696 865 manu
733 827 774 865 et
814 825 1024 879 praesidio
1062 839 1158 879 suo,
1197 824 1450 878 Pompeium

108 885 261 926 metuit
304 884 541 939 inimicum,
585 884 620 924 si
656 898 743 924 non
780 884 952 937 iuverit,
993 884 1133 937 timet,
1173 898 1226 924 ne
1256 897 1332 938 per
1362 883 1449 924 vim

107 944 355 999 perferatur.
416 942 558 984 Ludos
591 942 764 996 adparat
795 942 1255 998 magnificentissimos,
1288 942 1358 996 310,
1389 942 1450 981 111-

57 1014 90 1039 15
110 1017 253 1057 quam,
291 1005 338 1042 ut
374 1016 498 1043 nemo
537 1001 888 1055 sumptuosiores,
929 1001 1057 1042 stulte
1088 1001 1154 1041 bis
1185 1003 1333 1054 terque
1364 1014 1450 1041 non

109 1062 363 1116 postulatos,
400 1061 467 1101 vel
505 1061 603 1113 quia
639 1074 793 1100 munus
836 1060 1110 1115 magnificum
1149 1059 1340 1113 dederat,
1383 1059 1451 1100 vel

111 1120 209 1174 quia
234 1119 456 1160 facultates
481 1133 567 1159 non
588 1121 717 1172 erant,
751 1118 837 1172 [vel
864 1119 962 1172 quia
987 1118 1220 1174 magister,]
1253 1118 1321 1159 vel
1353 1118 1451 1172 quia

110 1181 307 1233 potuerat
343 1178 596 1233 magistrum
635 1191 694 1231 se,
738 1191 823 1218 non
861 1177 1038 1218 aedilem
1077 1180 1236 1231 putare.
1299 1175 1452 1217 Omnia

111 1238 199 1278 fere
231 1236 390 1290 scripsi.
444 1235 565 1290 Cura,
596 1236 656 1276 mi
689 1236 901 1276 carissime
932 1236 1074 1291 frater,
1106 1238 1153 1277 ut
1184 1236 1333 1277 valeas.

57 1401 90 1425 20
743 1386 816 1428 IX.

440 1467 513 1502 Ser.
540 1468 676 1503 Romae
700 1480 743 1502 m.
771 1468 857 1503 Dec.
884 1480 917 1503 a.
945 1470 1017 1503 700
1045 1470 1134 1512 (54).

302 1549 520 1584 MARCUS
545 1549 745 1595 QUINTO
771 1550 982 1585 FRATRI
1003 1549 1268 1585 SALUTEM.

202 1643 265 1684 De
300 1643 480 1685 Gabinio
517 1644 627 1685 nihil
663 1645 745 1685 fuit
782 1645 1021 1685 faciendum
1059 1644 1260 1697 istorum,
1293 1657 1399 1696 quae
1430 1658 1454 1683 a
1482 1655 1499 1684 1

115 1705 157 1743 te
184 1702 470 1743 amantissime
491 1702 677 1757 cogitata
696 1705 804 1743 sunt.
843 1703 970 1744 ‘Tota
995 1718 1068 1756 μοι
1095 1703 1220 1755 χάνοι
1236 1702 1324 1741 ——'!
1355 1701 1455 1741 Feci

63 1774 96 1798 25
117 1775 281 1802 summa
319 1774 414 1801 cum
450 1761 675 1815 gravitate,
713 1763 761 1801 ut
793 1775 936 1801 omnes
975 1760 1180 1814 sentiunt,
1219 1762 1259 1800 et
1291 1764 1455 1800 summa

117 1834 212 1860 cum
248 1819 440 1872 lenitate,
479 1833 584 1872 quae
621 1819 711 1859 feci.
772 1818 899 1859 Illum
935 1833 1070 1873 neque
1108 1819 1195 1859 ursi
1232 1832 1368 1871 neque
1399 1818 1455 1859 le-

116 1878 234 1931 vavi,
274 1878 394 1917 testis
432 1877 656 1918 vehemens
693 1878 775 1931 fui,
815 1880 1031 1932 praeterea
1064 1877 1215 1931 quievi.
1276 1876 1454 1917 Exitum

119 1936 264 1976 iudicii
290 1936 461 1976 foedum
487 1939 528 1976 et
552 1936 836 1990 perniciosum
860 1936 1071 1976 levissime
1097 1936 1194 1989 tuli3
1227 1935 1341 1988 quod
1367 1935 1456 1988 qui-

119 1995 214 2035 dem
245 1994 404 2035 bonum
434 1994 541 2034 mihi
572 2009 683 2035 1111110
709 1995 887 2048 denique
913 1995 1129 2049 redundat,
1161 1997 1208 2035 ut
1237 1993 1305 2033 his
1332 1994 1456 2033 malis

65 2065 99 2089 30
119 2053 180 2093 rei
204 2053 398 2107 publicae
429 2053 681 2106 licentiaque
713 2053 944 2107 audacium,
978 2068 1059 2107 qua
1091 2055 1186 2093 ante
1217 2052 1455 2106 rumpebar,

117 2126 229 2152 nuno
258 2126 310 2152 ne
341 2125 513 2151 movear
538 2111 717 2165 quidem.
772 2111 895 2153 Nihil
927 2115 989 2152 est
1015 2112 1127 2152 enim
1157 2111 1363 2165 perditius
1388 2111 1455 2151 his

116 2169 372 2224 hominibus,
397 2169 465 2209 his
484 2169 757 2223 temporibus.
807 2169 967 2224 Itaque,
993 2185 1044 2210 ex
1064 2185 1108 2210 re.
1133 2170 1303 2223 publica
1324 2183 1454 2222 quon-
1480 2180 1500 2211 2

118 2227 201 2268 iam
237 2229 346 2269 nihil
383 2228 466 2268 iam
503 2228 734 2282 voluptatis
767 2228 858 2282 oapi
894 2231 1050 2282 potest,
1096 2242 1169 2268 cur
1207 2227 1454 2282 stomacher,

117 2286 268 2327 1103010.
328 2286 514 2327 Litterae
546 2301 612 2327 me
645 2289 686 2327 et
721 2287 859 2328 studia
896 2289 1041 2327 nostra
1072 2289 1114 2327 et
1147 2286 1282 2327 otium
1313 2286 1455 2327 villae-
