<?xml version="1.0" encoding="UTF-8"?>
<!DOCTYPE html PUBLIC "-//W3C//DTD XHTML 1.0 Transitional//EN"
    "http://www.w3.org/TR/xhtml1/DTD/xhtml1-transitional.dtd">
<html xmlns="http://www.w3.org/1999/xhtml" xml:lang="en" lang="en">
 <head>
  <title>
</title>
<meta http-equiv="Content-Type" content="text/html;charset=utf-8" />
  <meta name='ocr-system' content='tesseract 3.04.00' />
  <meta name='ocr-capabilities' content='ocr_page ocr_carea ocr_par ocr_line ocrx_word'/>
</head>
<body>
  <div class='ocr_page' id='page_1' title='image "./p1scriptaquaemanse03ciceuoft_0141.png"; bbox 0 0 1659 2552; ppageno 0'>
   <div class='ocr_carea' id='block_1_1' title="bbox 627 99 1437 141">
    <p class='ocr_par' dir='ltr' id='par_1_1' title="bbox 627 99 1437 141">
     <span class='ocr_line' id='line_1_1' title="bbox 627 99 1437 141; baseline 0.009 -7"><span class='ocrx_word' id='word_1_1' title='bbox 627 100 770 134; x_wconf 79' lang='lat' dir='ltr'>LIBER</span> <span class='ocrx_word' id='word_1_2' title='bbox 794 99 828 134; x_wconf 86' lang='grc' dir='ltr'>Π</span> <span class='ocrx_word' id='word_1_3' title='bbox 854 104 907 135; x_wconf 83' lang='lat'>16.</span> <span class='ocrx_word' id='word_1_4' title='bbox 1381 101 1437 141; x_wconf 84' lang='lat'>47</span> 
     </span>
    </p>
   </div>
   <div class='ocr_carea' id='block_1_2' title="bbox 41 194 1440 2364">
    <p class='ocr_par' dir='ltr' id='par_1_2' title="bbox 41 194 1440 2364">
     <span class='ocr_line' id='line_1_2' title="bbox 96 194 1440 251; baseline -0.001 -13"><span class='ocrx_word' id='word_1_5' title='bbox 96 197 141 238; x_wconf 88' lang='lat' dir='ltr'>in</span> <span class='ocrx_word' id='word_1_6' title='bbox 165 196 373 238; x_wconf 83' lang='lat' dir='ltr'>sententia</span> <span class='ocrx_word' id='word_1_7' title='bbox 396 196 715 251; x_wconf 80' lang='lat' dir='ltr'>permanerem?</span> <span class='ocrx_word' id='word_1_8' title='bbox 748 194 903 237; x_wconf 79' lang='lat' dir='ltr'>Credas</span> <span class='ocrx_word' id='word_1_9' title='bbox 926 196 1009 237; x_wconf 88' lang='lat' dir='ltr'>hoc</span> <span class='ocrx_word' id='word_1_10' title='bbox 1032 196 1139 236; x_wconf 91' lang='lat' dir='ltr'>mihi</span> <span class='ocrx_word' id='word_1_11' title='bbox 1158 196 1298 251; x_wconf 84' lang='lat' dir='ltr'>velim,</span> <span class='ocrx_word' id='word_1_12' title='bbox 1325 196 1440 250; x_wconf 91' lang='lat' dir='ltr'>quod</span> 
     </span>
     <span class='ocr_line' id='line_1_3' title="bbox 94 254 1439 310; baseline -0.001 -14"><span class='ocrx_word' id='word_1_13' title='bbox 94 257 200 310; x_wconf 92' lang='lat' dir='ltr'>puto</span> <span class='ocrx_word' id='word_1_14' title='bbox 224 258 267 296; x_wconf 91' lang='lat' dir='ltr'>te</span> <span class='ocrx_word' id='word_1_15' title='bbox 292 255 545 309; x_wconf 82' lang='lat' dir='ltr'>existimare,</span> <span class='ocrx_word' id='word_1_16' title='bbox 571 269 638 296; x_wconf 89' lang='lat' dir='ltr'>me</span> <span class='ocrx_word' id='word_1_17' title='bbox 664 269 715 296; x_wconf 82' lang='lat' dir='ltr'>ex</span> <span class='ocrx_word' id='word_1_18' title='bbox 739 254 806 295; x_wconf 90' lang='lat' dir='ltr'>his</span> <span class='ocrx_word' id='word_1_19' title='bbox 831 254 1014 295; x_wconf 87' lang='lat' dir='ltr'>miseriis</span> <span class='ocrx_word' id='word_1_20' title='bbox 1039 255 1148 295; x_wconf 90' lang='lat' dir='ltr'>nihil</span> <span class='ocrx_word' id='word_1_21' title='bbox 1173 255 1290 295; x_wconf 88' lang='lat' dir='ltr'>aliud</span> <span class='ocrx_word' id='word_1_22' title='bbox 1315 269 1439 309; x_wconf 89' lang='lat' dir='ltr'>quae-</span> 
     </span>
     <span class='ocr_line' id='line_1_4' title="bbox 96 289 1438 369; baseline -0.001 -14"><span class='ocrx_word' id='word_1_23' title='bbox 96 328 204 369; x_wconf 87' lang='lat' dir='ltr'>rere,</span> <span class='ocrx_word' id='word_1_24' title='bbox 241 314 324 355; x_wconf 84' lang='lat' dir='ltr'>nisi</span> <span class='ocrx_word' id='word_1_25' title='bbox 361 317 408 355; x_wconf 88' lang='lat' dir='ltr'>ut</span> <span class='ocrx_word' id='word_1_26' title='bbox 444 289 638 355; x_wconf 83' lang='grc'>11011111103</span> <span class='ocrx_word' id='word_1_27' title='bbox 679 313 905 368; x_wconf 88' lang='lat' dir='ltr'>aliquando</span> <span class='ocrx_word' id='word_1_28' title='bbox 942 314 1194 369; x_wconf 71' lang='lat' dir='ltr'>intellegant</span> <span class='ocrx_word' id='word_1_29' title='bbox 1230 327 1298 354; x_wconf 89' lang='lat' dir='ltr'>me</span> <span class='ocrx_word' id='word_1_30' title='bbox 1329 313 1438 354; x_wconf 82' lang='lat' dir='ltr'>nihil</span> 
     </span>
     <span class='ocr_line' id='line_1_5' title="bbox 95 372 1437 428; baseline -0.001 -14"><span class='ocrx_word' id='word_1_31' title='bbox 95 373 293 414; x_wconf 89' lang='lat' dir='ltr'>maluisse</span> <span class='ocrx_word' id='word_1_32' title='bbox 326 387 452 427; x_wconf 88' lang='lat' dir='ltr'>quam</span> <span class='ocrx_word' id='word_1_33' title='bbox 483 387 646 427; x_wconf 83' lang='lat' dir='ltr'>pacem,</span> <span class='ocrx_word' id='word_1_34' title='bbox 685 387 733 414; x_wconf 88' lang='lat' dir='ltr'>ea</span> <span class='ocrx_word' id='word_1_35' title='bbox 771 372 989 427; x_wconf 75' lang='lat' dir='ltr'>despelata</span> <span class='ocrx_word' id='word_1_36' title='bbox 1019 372 1129 413; x_wconf 87' lang='lat' dir='ltr'>nihil</span> <span class='ocrx_word' id='word_1_37' title='bbox 1158 375 1247 413; x_wconf 84' lang='lat' dir='ltr'>tam</span> <span class='ocrx_word' id='word_1_38' title='bbox 1278 372 1437 428; x_wconf 83' lang='lat' dir='ltr'>fugisse</span> 
     </span>
     <span class='ocr_line' id='line_1_6' title="bbox 60 430 1437 487; baseline -0.001 -14"><span class='ocrx_word' id='word_1_39' title='bbox 60 449 76 473; x_wconf 86' lang='lat'>5</span> <span class='ocrx_word' id='word_1_40' title='bbox 96 446 224 487; x_wconf 88' lang='lat' dir='ltr'>quam</span> <span class='ocrx_word' id='word_1_41' title='bbox 261 446 378 472; x_wconf 89' lang='lat' dir='ltr'>arma</span> <span class='ocrx_word' id='word_1_42' title='bbox 415 432 565 472; x_wconf 87' lang='lat' dir='ltr'>civilia.</span> <span class='ocrx_word' id='word_1_43' title='bbox 626 430 766 472; x_wconf 90' lang='lat' dir='ltr'>Huius</span> <span class='ocrx_word' id='word_1_44' title='bbox 802 446 869 472; x_wconf 91' lang='lat' dir='ltr'>me</span> <span class='ocrx_word' id='word_1_45' title='bbox 907 432 1166 473; x_wconf 71' lang='lat' dir='ltr'>constantiae</span> <span class='ocrx_word' id='word_1_46' title='bbox 1202 433 1308 485; x_wconf 90' lang='lat' dir='ltr'>puto</span> <span class='ocrx_word' id='word_1_47' title='bbox 1346 431 1437 472; x_wconf 85' lang='lat' dir='ltr'>fore</span> 
     </span>
     <span class='ocr_line' id='line_1_7' title="bbox 95 489 1437 546; baseline 0 -15"><span class='ocrx_word' id='word_1_48' title='bbox 95 493 144 531; x_wconf 91' lang='lat' dir='ltr'>ut</span> <span class='ocrx_word' id='word_1_49' title='bbox 173 505 406 545; x_wconf 82' lang='lat' dir='ltr'>numquam</span> <span class='ocrx_word' id='word_1_50' title='bbox 438 491 661 545; x_wconf 86' lang='lat' dir='ltr'>paeniteat.</span> <span class='ocrx_word' id='word_1_51' title='bbox 711 489 883 531; x_wconf 89' lang='lat' dir='ltr'>Etenim</span> <span class='ocrx_word' id='word_1_52' title='bbox 907 490 1082 531; x_wconf 89' lang='lat' dir='ltr'>memini</span> <span class='ocrx_word' id='word_1_53' title='bbox 1108 491 1153 531; x_wconf 91' lang='lat' dir='ltr'>in</span> <span class='ocrx_word' id='word_1_54' title='bbox 1176 490 1259 531; x_wconf 91' lang='grc'>1100</span> <span class='ocrx_word' id='word_1_55' title='bbox 1283 504 1437 546; x_wconf 85' lang='lat' dir='ltr'>genere</span> 
     </span>
     <span class='ocr_line' id='line_1_8' title="bbox 94 548 1437 606; baseline -0.001 -16"><span class='ocrx_word' id='word_1_56' title='bbox 94 549 270 606; x_wconf 87' lang='lat' dir='ltr'>gloriari</span> <span class='ocrx_word' id='word_1_57' title='bbox 302 549 476 590; x_wconf 87' lang='lat' dir='ltr'>solitum</span> <span class='ocrx_word' id='word_1_58' title='bbox 507 564 595 591; x_wconf 86' lang='lat' dir='ltr'>esse</span> <span class='ocrx_word' id='word_1_59' title='bbox 627 549 878 590; x_wconf 83' lang='lat' dir='ltr'>familiarem</span> <span class='ocrx_word' id='word_1_60' title='bbox 909 552 1114 604; x_wconf 88' lang='lat' dir='ltr'>nostrum,</span> <span class='ocrx_word' id='word_1_61' title='bbox 1147 548 1192 599; x_wconf 86' lang='lat' dir='ltr'>Q.</span> <span class='ocrx_word' id='word_1_62' title='bbox 1254 548 1437 590; x_wconf 88' lang='lat' dir='ltr'>Horten-</span> 
     </span>
     <span class='ocr_line' id='line_1_9' title="bbox 95 607 1437 663; baseline -0.001 -14"><span class='ocrx_word' id='word_1_63' title='bbox 95 608 216 663; x_wconf 84' lang='lat' dir='ltr'>sium,</span> <span class='ocrx_word' id='word_1_64' title='bbox 237 608 351 662; x_wconf 91' lang='lat' dir='ltr'>quod</span> <span class='ocrx_word' id='word_1_65' title='bbox 369 623 601 662; x_wconf 81' lang='lat' dir='ltr'>numquam</span> <span class='ocrx_word' id='word_1_66' title='bbox 620 607 733 648; x_wconf 88' lang='lat' dir='ltr'>bello</span> <span class='ocrx_word' id='word_1_67' title='bbox 754 608 868 648; x_wconf 82' lang='lat' dir='ltr'>civili</span> <span class='ocrx_word' id='word_1_68' title='bbox 887 607 1165 663; x_wconf 79' lang='lat' dir='ltr'>interfuisset3</span> <span class='ocrx_word' id='word_1_69' title='bbox 1191 607 1273 648; x_wconf 90' lang='grc'>1100</span> <span class='ocrx_word' id='word_1_70' title='bbox 1291 610 1437 648; x_wconf 88' lang='lat' dir='ltr'>nostra</span> 
     </span>
     <span class='ocr_line' id='line_1_10' title="bbox 93 666 1436 722; baseline -0.001 -14"><span class='ocrx_word' id='word_1_71' title='bbox 93 667 186 708; x_wconf 91' lang='lat' dir='ltr'>laus</span> <span class='ocrx_word' id='word_1_72' title='bbox 217 667 298 708; x_wconf 85' lang='lat' dir='ltr'>erit</span> <span class='ocrx_word' id='word_1_73' title='bbox 329 667 569 721; x_wconf 75' lang='lat' dir='ltr'>inlustrior,</span> <span class='ocrx_word' id='word_1_74' title='bbox 603 667 717 720; x_wconf 91' lang='lat' dir='ltr'>quod</span> <span class='ocrx_word' id='word_1_75' title='bbox 746 666 810 707; x_wconf 85' lang='lat' dir='ltr'>illi</span> <span class='ocrx_word' id='word_1_76' title='bbox 841 666 1110 708; x_wconf 89' lang='lat' dir='ltr'>tribuebatur</span> <span class='ocrx_word' id='word_1_77' title='bbox 1140 667 1352 722; x_wconf 82' lang='lat' dir='ltr'>ignaviae,</span> <span class='ocrx_word' id='word_1_78' title='bbox 1385 667 1436 707; x_wconf 91' lang='lat' dir='ltr'>de</span> 
     </span>
     <span class='ocr_line' id='line_1_11' title="bbox 41 724 1436 779; baseline -0.002 -11"><span class='ocrx_word' id='word_1_79' title='bbox 41 745 76 769; x_wconf 76' lang='grc' dir='ltr'>ιο</span> <span class='ocrx_word' id='word_1_80' title='bbox 94 726 219 766; x_wconf 87' lang='grc'>1101113</span> <span class='ocrx_word' id='word_1_81' title='bbox 249 726 294 766; x_wconf 94' lang='grc'>1(1</span> <span class='ocrx_word' id='word_1_82' title='bbox 325 726 557 766; x_wconf 75' lang='lat' dir='ltr'>existimari</span> <span class='ocrx_word' id='word_1_83' title='bbox 593 740 715 779; x_wconf 84' lang='lat' dir='ltr'>posse</span> <span class='ocrx_word' id='word_1_84' title='bbox 753 739 839 766; x_wconf 90' lang='lat' dir='ltr'>non</span> <span class='ocrx_word' id='word_1_85' title='bbox 876 725 1070 767; x_wconf 61' lang='lat' dir='ltr'>arbitrnoi</span> <span class='ocrx_word' id='word_1_86' title='bbox 1131 724 1222 767; x_wconf 88' lang='lat' dir='ltr'>Nec</span> <span class='ocrx_word' id='word_1_87' title='bbox 1252 740 1320 766; x_wconf 91' lang='lat' dir='ltr'>me</span> <span class='ocrx_word' id='word_1_88' title='bbox 1354 725 1436 766; x_wconf 89' lang='lat' dir='ltr'>ista</span> 
     </span>
     <span class='ocr_line' id='line_1_12' title="bbox 93 776 1435 838; baseline 0 -13"><span class='ocrx_word' id='word_1_89' title='bbox 93 787 270 838; x_wconf 85' lang='lat' dir='ltr'>terrent,</span> <span class='ocrx_word' id='word_1_90' title='bbox 313 799 418 838; x_wconf 88' lang='lat' dir='ltr'>quae</span> <span class='ocrx_word' id='word_1_91' title='bbox 455 784 561 824; x_wconf 85' lang='lat' dir='ltr'>mihi</span> <span class='ocrx_word' id='word_1_92' title='bbox 600 799 623 824; x_wconf 88' lang='lat' dir='ltr'>a</span> <span class='ocrx_word' id='word_1_93' title='bbox 662 787 704 824; x_wconf 89' lang='lat' dir='ltr'>te</span> <span class='ocrx_word' id='word_1_94' title='bbox 741 784 794 824; x_wconf 85' lang='lat' dir='ltr'>ad</span> <span class='ocrx_word' id='word_1_95' title='bbox 830 776 1028 825; x_wconf 74' lang='lat' dir='ltr'>tim&#39;orem</span> <span class='ocrx_word' id='word_1_96' title='bbox 1064 785 1267 825; x_wconf 89' lang='lat' dir='ltr'>fidissime</span> <span class='ocrx_word' id='word_1_97' title='bbox 1308 786 1435 838; x_wconf 88' lang='lat' dir='ltr'>atque</span> 
     </span>
     <span class='ocr_line' id='line_1_13' title="bbox 95 842 1435 897; baseline -0.001 -13"><span class='ocrx_word' id='word_1_98' title='bbox 95 842 380 884; x_wconf 82' lang='lat' dir='ltr'>amantissime</span> <span class='ocrx_word' id='word_1_99' title='bbox 415 845 723 897; x_wconf 63' lang='lat' dir='ltr'>prxoponuntui</span> <span class='ocrx_word' id='word_1_100' title='bbox 790 842 921 884; x_wconf 86' lang='lat' dir='ltr'>Nulla</span> <span class='ocrx_word' id='word_1_101' title='bbox 961 846 1023 884; x_wconf 87' lang='lat' dir='ltr'>est</span> <span class='ocrx_word' id='word_1_102' title='bbox 1064 843 1177 884; x_wconf 90' lang='lat' dir='ltr'>enim</span> <span class='ocrx_word' id='word_1_103' title='bbox 1217 843 1435 897; x_wconf 79' lang='lat' dir='ltr'>acerbitas,</span> 
     </span>
     <span class='ocr_line' id='line_1_14' title="bbox 95 901 1435 957; baseline -0.001 -14"><span class='ocrx_word' id='word_1_104' title='bbox 95 917 201 957; x_wconf 91' lang='lat' dir='ltr'>quae</span> <span class='ocrx_word' id='word_1_105' title='bbox 237 916 324 942; x_wconf 93' lang='lat' dir='ltr'>non</span> <span class='ocrx_word' id='word_1_106' title='bbox 362 901 558 942; x_wconf 89' lang='lat' dir='ltr'>omnibus</span> <span class='ocrx_word' id='word_1_107' title='bbox 595 901 674 942; x_wconf 88' lang='lat' dir='ltr'>hac</span> <span class='ocrx_word' id='word_1_108' title='bbox 712 901 827 942; x_wconf 76' lang='lat' dir='ltr'>orbis</span> <span class='ocrx_word' id='word_1_109' title='bbox 867 904 1076 942; x_wconf 88' lang='lat' dir='ltr'>terrarum</span> <span class='ocrx_word' id='word_1_110' title='bbox 1114 902 1435 956; x_wconf 72' lang='lat' dir='ltr'>perturbatione</span> 
     </span>
     <span class='ocr_line' id='line_1_15' title="bbox 94 960 1436 1016; baseline 0 -15"><span class='ocrx_word' id='word_1_111' title='bbox 94 960 320 1015; x_wconf 73' lang='lat' dir='ltr'>inpendere</span> <span class='ocrx_word' id='word_1_112' title='bbox 360 960 573 1015; x_wconf 79' lang='lat' dir='ltr'>videatur3</span> <span class='ocrx_word' id='word_1_113' title='bbox 617 975 743 1014; x_wconf 90' lang='lat' dir='ltr'>quam</span> <span class='ocrx_word' id='word_1_114' title='bbox 784 960 955 1014; x_wconf 88' lang='lat' dir='ltr'>quidem</span> <span class='ocrx_word' id='word_1_115' title='bbox 996 975 1074 1016; x_wconf 89' lang='lat' dir='ltr'>ego</span> <span class='ocrx_word' id='word_1_116' title='bbox 1116 976 1139 1001; x_wconf 86' lang='lat' dir='ltr'>a</span> <span class='ocrx_word' id='word_1_117' title='bbox 1180 975 1224 1001; x_wconf 88' lang='lat' dir='ltr'>re</span> <span class='ocrx_word' id='word_1_118' title='bbox 1263 960 1436 1015; x_wconf 88' lang='lat' dir='ltr'>publica</span> 
     </span>
     <span class='ocr_line' id='line_1_16' title="bbox 43 1018 1435 1073; baseline -0.001 -12"><span class='ocrx_word' id='word_1_119' title='bbox 43 1037 76 1062; x_wconf 87' lang='lat'>15</span> <span class='ocrx_word' id='word_1_120' title='bbox 93 1020 199 1060; x_wconf 87' lang='lat' dir='ltr'>meis</span> <span class='ocrx_word' id='word_1_121' title='bbox 242 1019 421 1073; x_wconf 87' lang='lat' dir='ltr'>privatis</span> <span class='ocrx_word' id='word_1_122' title='bbox 464 1021 505 1060; x_wconf 90' lang='lat' dir='ltr'>et</span> <span class='ocrx_word' id='word_1_123' title='bbox 550 1018 790 1059; x_wconf 83' lang='lat' dir='ltr'>domesticis</span> <span class='ocrx_word' id='word_1_124' title='bbox 833 1019 1113 1060; x_wconf 85' lang='lat' dir='ltr'>incommodis</span> <span class='ocrx_word' id='word_1_125' title='bbox 1154 1019 1435 1060; x_wconf 86' lang='lat' dir='ltr'>libentissime</span> 
     </span>
     <span class='ocr_line' id='line_1_17' title="bbox 94 1078 1435 1133; baseline 0 -14"><span class='ocrx_word' id='word_1_126' title='bbox 94 1078 162 1120; x_wconf 85' lang='lat' dir='ltr'>vel</span> <span class='ocrx_word' id='word_1_127' title='bbox 200 1078 294 1119; x_wconf 88' lang='lat' dir='ltr'>istis</span> <span class='ocrx_word' id='word_1_128' title='bbox 333 1078 454 1132; x_wconf 89' lang='lat' dir='ltr'>ipsis,</span> <span class='ocrx_word' id='word_1_129' title='bbox 496 1092 602 1132; x_wconf 87' lang='lat' dir='ltr'>quae</span> <span class='ocrx_word' id='word_1_130' title='bbox 641 1081 689 1118; x_wconf 88' lang='lat' dir='ltr'>tu</span> <span class='ocrx_word' id='word_1_131' title='bbox 729 1092 796 1118; x_wconf 91' lang='lat' dir='ltr'>me</span> <span class='ocrx_word' id='word_1_132' title='bbox 832 1092 979 1119; x_wconf 89' lang='lat' dir='ltr'>mones</span> <span class='ocrx_word' id='word_1_133' title='bbox 1010 1081 1057 1119; x_wconf 94' lang='lat' dir='ltr'>ut</span> <span class='ocrx_word' id='word_1_134' title='bbox 1095 1092 1280 1133; x_wconf 78' lang='lat' dir='ltr'>caveam,</span> <span class='ocrx_word' id='word_1_135' title='bbox 1320 1078 1435 1119; x_wconf 84' lang='lat' dir='ltr'>rede-</span> 
     </span>
     <span class='ocr_line' id='line_1_18' title="bbox 94 1135 1434 1192; baseline -0.001 -14"><span class='ocrx_word' id='word_1_136' title='bbox 94 1137 274 1178; x_wconf 87' lang='lat' dir='ltr'>missem.</span> <span class='ocrx_word' id='word_1_137' title='bbox 335 1135 446 1177; x_wconf 86' lang='lat' dir='ltr'>Filio</span> <span class='ocrx_word' id='word_1_138' title='bbox 477 1150 590 1190; x_wconf 88' lang='lat' dir='ltr'>meo,</span> <span class='ocrx_word' id='word_1_139' title='bbox 622 1151 748 1190; x_wconf 90' lang='lat' dir='ltr'>quem</span> <span class='ocrx_word' id='word_1_140' title='bbox 778 1136 860 1177; x_wconf 88' lang='lat' dir='ltr'>tibi</span> <span class='ocrx_word' id='word_1_141' title='bbox 892 1151 1035 1177; x_wconf 88' lang='lat' dir='ltr'>carum</span> <span class='ocrx_word' id='word_1_142' title='bbox 1066 1151 1154 1177; x_wconf 90' lang='lat' dir='ltr'>esse</span> <span class='ocrx_word' id='word_1_143' title='bbox 1185 1137 1366 1192; x_wconf 85' lang='lat' dir='ltr'>gaudeo,</span> <span class='ocrx_word' id='word_1_144' title='bbox 1399 1137 1434 1177; x_wconf 90' lang='lat' dir='ltr'>si</span> 
     </span>
     <span class='ocr_line' id='line_1_19' title="bbox 95 1195 1434 1250; baseline 0 -14"><span class='ocrx_word' id='word_1_145' title='bbox 95 1196 176 1237; x_wconf 88' lang='lat' dir='ltr'>erit</span> <span class='ocrx_word' id='word_1_146' title='bbox 205 1196 292 1236; x_wconf 86' lang='lat' dir='ltr'>ulla</span> <span class='ocrx_word' id='word_1_147' title='bbox 322 1209 388 1236; x_wconf 87' lang='lat' dir='ltr'>res</span> <span class='ocrx_word' id='word_1_148' title='bbox 418 1195 600 1249; x_wconf 85' lang='lat' dir='ltr'>publica,</span> <span class='ocrx_word' id='word_1_149' title='bbox 632 1195 733 1236; x_wconf 88' lang='lat' dir='ltr'>satis</span> <span class='ocrx_word' id='word_1_150' title='bbox 765 1195 953 1249; x_wconf 85' lang='lat' dir='ltr'>amplum</span> <span class='ocrx_word' id='word_1_151' title='bbox 978 1196 1284 1250; x_wconf 80' lang='lat' dir='ltr'>patrimonium</span> <span class='ocrx_word' id='word_1_152' title='bbox 1310 1195 1434 1237; x_wconf 87' lang='lat' dir='ltr'>relin-</span> 
     </span>
     <span class='ocr_line' id='line_1_20' title="bbox 95 1254 1434 1309; baseline 0 -14"><span class='ocrx_word' id='word_1_153' title='bbox 95 1270 221 1309; x_wconf 87' lang='lat' dir='ltr'>quam</span> <span class='ocrx_word' id='word_1_154' title='bbox 252 1254 297 1295; x_wconf 92' lang='lat' dir='ltr'>in</span> <span class='ocrx_word' id='word_1_155' title='bbox 326 1254 532 1295; x_wconf 88' lang='lat' dir='ltr'>memoria</span> <span class='ocrx_word' id='word_1_156' title='bbox 561 1254 746 1294; x_wconf 88' lang='lat' dir='ltr'>nominis</span> <span class='ocrx_word' id='word_1_157' title='bbox 781 1254 883 1309; x_wconf 81' lang='lat' dir='ltr'>mei3</span> <span class='ocrx_word' id='word_1_158' title='bbox 925 1254 990 1295; x_wconf 89' lang='lat' dir='ltr'>sin</span> <span class='ocrx_word' id='word_1_159' title='bbox 1022 1257 1163 1295; x_wconf 89' lang='lat' dir='ltr'>autem</span> <span class='ocrx_word' id='word_1_160' title='bbox 1193 1255 1311 1295; x_wconf 89' lang='lat' dir='ltr'>nulla</span> <span class='ocrx_word' id='word_1_161' title='bbox 1342 1254 1434 1309; x_wconf 79' lang='lat' dir='ltr'>erit,</span> 
     </span>
     <span class='ocr_line' id='line_1_21' title="bbox 43 1289 1434 1378; baseline -0.001 -23"><span class='ocrx_word' id='word_1_162' title='bbox 43 1330 76 1356; x_wconf 83' lang='lat'>20</span> <span class='ocrx_word' id='word_1_163' title='bbox 94 1314 203 1354; x_wconf 81' lang='lat' dir='ltr'>nihil</span> <span class='ocrx_word' id='word_1_164' title='bbox 246 1313 405 1354; x_wconf 88' lang='lat' dir='ltr'>accidet</span> <span class='ocrx_word' id='word_1_165' title='bbox 448 1313 486 1353; x_wconf 91' lang='lat' dir='ltr'>ei</span> <span class='ocrx_word' id='word_1_166' title='bbox 530 1313 756 1378; x_wconf 78' lang='lat' dir='ltr'>separatim</span> <span class='ocrx_word' id='word_1_167' title='bbox 796 1328 820 1353; x_wconf 90' lang='lat' dir='ltr'>a</span> <span class='ocrx_word' id='word_1_168' title='bbox 863 1313 1037 1367; x_wconf 87' lang='lat' dir='ltr'>reliquis</span> <span class='ocrx_word' id='word_1_169' title='bbox 1082 1313 1255 1354; x_wconf 85' lang='lat' dir='ltr'>civibus.</span> <span class='ocrx_word' id='word_1_170' title='bbox 1321 1289 1434 1354; x_wconf 83' lang='lat' dir='ltr'>Nani</span> 
     </span>
     <span class='ocr_line' id='line_1_22' title="bbox 95 1371 1435 1436; baseline 0 -24"><span class='ocrx_word' id='word_1_171' title='bbox 95 1372 208 1427; x_wconf 91' lang='lat' dir='ltr'>quod</span> <span class='ocrx_word' id='word_1_172' title='bbox 232 1386 368 1428; x_wconf 78' lang='lat' dir='ltr'>rogaS,</span> <span class='ocrx_word' id='word_1_173' title='bbox 393 1374 441 1412; x_wconf 92' lang='lat' dir='ltr'>ut</span> <span class='ocrx_word' id='word_1_174' title='bbox 466 1371 688 1426; x_wconf 82' lang='lat' dir='ltr'>respiciam</span> <span class='ocrx_word' id='word_1_175' title='bbox 702 1386 915 1436; x_wconf 37' lang='lat' dir='ltr'>&#39;generum</span> <span class='ocrx_word' id='word_1_176' title='bbox 939 1387 1093 1426; x_wconf 84' lang='lat' dir='ltr'>meum,</span> <span class='ocrx_word' id='word_1_177' title='bbox 1125 1372 1435 1413; x_wconf 86' lang='lat' dir='ltr'>adulescentem</span> 
     </span>
     <span class='ocr_line' id='line_1_23' title="bbox 95 1430 1434 1486; baseline 0.001 -15"><span class='ocrx_word' id='word_1_178' title='bbox 95 1431 303 1486; x_wconf 89' lang='lat' dir='ltr'>optimum</span> <span class='ocrx_word' id='word_1_179' title='bbox 339 1430 530 1484; x_wconf 89' lang='lat' dir='ltr'>mihique</span> <span class='ocrx_word' id='word_1_180' title='bbox 569 1430 849 1484; x_wconf 79' lang='lat' dir='ltr'>carissimum,</span> <span class='ocrx_word' id='word_1_181' title='bbox 890 1446 943 1471; x_wconf 88' lang='lat' dir='ltr'>an</span> <span class='ocrx_word' id='word_1_182' title='bbox 984 1430 1170 1485; x_wconf 87' lang='lat' dir='ltr'>dubitas,</span> <span class='ocrx_word' id='word_1_183' title='bbox 1212 1431 1285 1485; x_wconf 90' lang='lat' dir='ltr'>qui</span> <span class='ocrx_word' id='word_1_184' title='bbox 1317 1431 1434 1485; x_wconf 78' lang='lat' dir='ltr'>scias,</span> 
     </span>
     <span class='ocr_line' id='line_1_24' title="bbox 95 1489 1435 1545; baseline 0 -15"><span class='ocrx_word' id='word_1_185' title='bbox 95 1490 242 1545; x_wconf 87' lang='lat' dir='ltr'>quanti</span> <span class='ocrx_word' id='word_1_186' title='bbox 268 1504 363 1530; x_wconf 90' lang='lat' dir='ltr'>cum</span> <span class='ocrx_word' id='word_1_187' title='bbox 387 1489 509 1530; x_wconf 87' lang='lat' dir='ltr'>illum</span> <span class='ocrx_word' id='word_1_188' title='bbox 533 1491 626 1530; x_wconf 88' lang='lat' dir='ltr'>tum</span> <span class='ocrx_word' id='word_1_189' title='bbox 644 1503 744 1530; x_wconf 83' lang='lat' dir='ltr'>vero</span> <span class='ocrx_word' id='word_1_190' title='bbox 764 1489 948 1530; x_wconf 87' lang='lat' dir='ltr'>Tulliam</span> <span class='ocrx_word' id='word_1_191' title='bbox 972 1504 1111 1530; x_wconf 86' lang='lat' dir='ltr'>meam</span> <span class='ocrx_word' id='word_1_192' title='bbox 1135 1490 1299 1544; x_wconf 86' lang='lat' dir='ltr'>faciam,</span> <span class='ocrx_word' id='word_1_193' title='bbox 1331 1490 1435 1544; x_wconf 90' lang='lat' dir='ltr'>quin</span> 
     </span>
     <span class='ocr_line' id='line_1_25' title="bbox 95 1547 1436 1605; baseline -0.001 -15"><span class='ocrx_word' id='word_1_194' title='bbox 95 1563 143 1590; x_wconf 90' lang='lat' dir='ltr'>ea</span> <span class='ocrx_word' id='word_1_195' title='bbox 167 1563 234 1589; x_wconf 90' lang='lat' dir='ltr'>me</span> <span class='ocrx_word' id='word_1_196' title='bbox 260 1562 358 1589; x_wconf 85' lang='lat' dir='ltr'>cura</span> <span class='ocrx_word' id='word_1_197' title='bbox 376 1547 743 1588; x_wconf 82' lang='lat' dir='ltr'>vehementissime</span> <span class='ocrx_word' id='word_1_198' title='bbox 769 1548 978 1603; x_wconf 86' lang='lat' dir='ltr'>sollicitet,</span> <span class='ocrx_word' id='word_1_199' title='bbox 1005 1551 1047 1589; x_wconf 91' lang='lat' dir='ltr'>et</span> <span class='ocrx_word' id='word_1_200' title='bbox 1072 1563 1121 1589; x_wconf 92' lang='lat' dir='ltr'>eo</span> <span class='ocrx_word' id='word_1_201' title='bbox 1146 1549 1295 1605; x_wconf 87' lang='lat' dir='ltr'>magis,</span> <span class='ocrx_word' id='word_1_202' title='bbox 1322 1548 1436 1603; x_wconf 91' lang='lat' dir='ltr'>quod</span> 
     </span>
     <span class='ocr_line' id='line_1_26' title="bbox 41 1606 1435 1662; baseline -0.001 -13"><span class='ocrx_word' id='word_1_203' title='bbox 41 1623 75 1649; x_wconf 83' lang='lat'>25</span> <span class='ocrx_word' id='word_1_204' title='bbox 94 1608 139 1648; x_wconf 89' lang='lat' dir='ltr'>in</span> <span class='ocrx_word' id='word_1_205' title='bbox 170 1606 464 1647; x_wconf 89' lang='lat' dir='ltr'>communibus</span> <span class='ocrx_word' id='word_1_206' title='bbox 494 1607 676 1647; x_wconf 89' lang='lat' dir='ltr'>miseriis</span> <span class='ocrx_word' id='word_1_207' title='bbox 705 1606 784 1647; x_wconf 86' lang='lat' dir='ltr'>hac</span> <span class='ocrx_word' id='word_1_208' title='bbox 814 1610 956 1648; x_wconf 87' lang='lat' dir='ltr'>tamen</span> <span class='ocrx_word' id='word_1_209' title='bbox 988 1607 1231 1648; x_wconf 88' lang='lat' dir='ltr'>oblectabar</span> <span class='ocrx_word' id='word_1_210' title='bbox 1255 1607 1435 1662; x_wconf 88' lang='lat' dir='ltr'>specula,</span> 
     </span>
     <span class='ocr_line' id='line_1_27' title="bbox 94 1665 1436 1719; baseline 0.001 -13"><span class='ocrx_word' id='word_1_211' title='bbox 94 1665 362 1707; x_wconf 84' lang='lat' dir='ltr'>Dolabellam</span> <span class='ocrx_word' id='word_1_212' title='bbox 392 1679 534 1706; x_wconf 91' lang='lat' dir='ltr'>meum</span> <span class='ocrx_word' id='word_1_213' title='bbox 564 1666 632 1706; x_wconf 76' lang='lat' dir='ltr'>vel</span> <span class='ocrx_word' id='word_1_214' title='bbox 661 1666 804 1719; x_wconf 86' lang='lat' dir='ltr'>potius</span> <span class='ocrx_word' id='word_1_215' title='bbox 835 1668 1029 1706; x_wconf 87' lang='lat' dir='ltr'>nostrum</span> <span class='ocrx_word' id='word_1_216' title='bbox 1062 1666 1153 1707; x_wconf 85' lang='lat' dir='ltr'>fore</span> <span class='ocrx_word' id='word_1_217' title='bbox 1185 1666 1237 1707; x_wconf 88' lang='lat' dir='ltr'>ab</span> <span class='ocrx_word' id='word_1_218' title='bbox 1270 1667 1322 1707; x_wconf 91' lang='lat' dir='ltr'>iis</span> <span class='ocrx_word' id='word_1_219' title='bbox 1347 1680 1436 1707; x_wconf 91' lang='lat' dir='ltr'>mo-</span> 
     </span>
     <span class='ocr_line' id='line_1_28' title="bbox 94 1723 1435 1779; baseline 0 -14"><span class='ocrx_word' id='word_1_220' title='bbox 94 1724 240 1778; x_wconf 85' lang='lat' dir='ltr'>lestiis,</span> <span class='ocrx_word' id='word_1_221' title='bbox 267 1737 370 1777; x_wconf 90' lang='lat' dir='ltr'>quas</span> <span class='ocrx_word' id='word_1_222' title='bbox 387 1723 641 1764; x_wconf 88' lang='lat' dir='ltr'>liberalitate</span> <span class='ocrx_word' id='word_1_223' title='bbox 661 1739 735 1765; x_wconf 89' lang='lat' dir='ltr'>sua</span> <span class='ocrx_word' id='word_1_224' title='bbox 755 1727 1032 1779; x_wconf 72' lang='lat' dir='ltr'>contraxerat,</span> <span class='ocrx_word' id='word_1_225' title='bbox 1049 1724 1261 1766; x_wconf 75' lang='lat' dir='ltr'>liberum?</span> <span class='ocrx_word' id='word_1_226' title='bbox 1293 1724 1435 1766; x_wconf 90' lang='lat' dir='ltr'>Velim</span> 
     </span>
     <span class='ocr_line' id='line_1_29' title="bbox 97 1782 1434 1838; baseline 0 -14"><span class='ocrx_word' id='word_1_227' title='bbox 97 1796 290 1837; x_wconf 88' lang='lat' dir='ltr'>quaeras,</span> <span class='ocrx_word' id='word_1_228' title='bbox 330 1795 435 1835; x_wconf 88' lang='lat' dir='ltr'>quos</span> <span class='ocrx_word' id='word_1_229' title='bbox 472 1782 543 1822; x_wconf 86' lang='lat' dir='ltr'>ille</span> <span class='ocrx_word' id='word_1_230' title='bbox 582 1782 669 1823; x_wconf 88' lang='lat' dir='ltr'>dies</span> <span class='ocrx_word' id='word_1_231' title='bbox 700 1783 964 1838; x_wconf 81' lang='lat' dir='ltr'>sustinuerit,</span> <span class='ocrx_word' id='word_1_232' title='bbox 997 1783 1041 1824; x_wconf 91' lang='lat' dir='ltr'>in</span> <span class='ocrx_word' id='word_1_233' title='bbox 1072 1783 1177 1824; x_wconf 89' lang='lat' dir='ltr'>urbe</span> <span class='ocrx_word' id='word_1_234' title='bbox 1210 1784 1310 1824; x_wconf 83' lang='lat' dir='ltr'>dum</span> <span class='ocrx_word' id='word_1_235' title='bbox 1341 1783 1434 1837; x_wconf 78' lang='lat' dir='ltr'>fuit,</span> 
     </span>
     <span class='ocr_line' id='line_1_30' title="bbox 97 1840 1434 1898; baseline 0 -16"><span class='ocrx_word' id='word_1_236' title='bbox 97 1856 224 1896; x_wconf 90' lang='lat' dir='ltr'>quam</span> <span class='ocrx_word' id='word_1_237' title='bbox 255 1840 427 1881; x_wconf 89' lang='lat' dir='ltr'>acerbos</span> <span class='ocrx_word' id='word_1_238' title='bbox 459 1840 552 1894; x_wconf 84' lang='grc'>31111,</span> <span class='ocrx_word' id='word_1_239' title='bbox 585 1855 711 1894; x_wconf 89' lang='lat' dir='ltr'>quam</span> <span class='ocrx_word' id='word_1_240' title='bbox 741 1841 936 1882; x_wconf 81' lang='lat' dir='ltr'>mihimet</span> <span class='ocrx_word' id='word_1_241' title='bbox 967 1842 1049 1895; x_wconf 90' lang='lat' dir='ltr'>ipsi</span> <span class='ocrx_word' id='word_1_242' title='bbox 1080 1856 1224 1883; x_wconf 88' lang='lat' dir='ltr'>socero</span> <span class='ocrx_word' id='word_1_243' title='bbox 1250 1856 1337 1882; x_wconf 93' lang='lat' dir='ltr'>non</span> <span class='ocrx_word' id='word_1_244' title='bbox 1353 1842 1434 1898; x_wconf 27' lang='lat' dir='ltr'>*ho-</span> 
     </span>
     <span class='ocr_line' id='line_1_31' title="bbox 44 1898 1434 1954; baseline -0.001 -12"><span class='ocrx_word' id='word_1_245' title='bbox 44 1903 248 1942; x_wconf 70' lang='lat' dir='ltr'>zonestos.</span> <span class='ocrx_word' id='word_1_246' title='bbox 308 1898 457 1953; x_wconf 88' lang='lat' dir='ltr'>Itaque</span> <span class='ocrx_word' id='word_1_247' title='bbox 493 1913 629 1952; x_wconf 88' lang='lat' dir='ltr'>neque</span> <span class='ocrx_word' id='word_1_248' title='bbox 665 1913 743 1954; x_wconf 88' lang='lat' dir='ltr'>ego</span> <span class='ocrx_word' id='word_1_249' title='bbox 780 1899 894 1940; x_wconf 86' lang='lat' dir='ltr'>hunc</span> <span class='ocrx_word' id='word_1_250' title='bbox 929 1899 1255 1954; x_wconf 86' lang='lat' dir='ltr'>Hispaniensem</span> <span class='ocrx_word' id='word_1_251' title='bbox 1292 1914 1434 1940; x_wconf 85' lang='lat' dir='ltr'>casum</span> 
     </span>
     <span class='ocr_line' id='line_1_32' title="bbox 96 1957 1434 2013; baseline -0.001 -12"><span class='ocrx_word' id='word_1_252' title='bbox 96 1961 289 2013; x_wconf 80' lang='lat' dir='ltr'>expecto,</span> <span class='ocrx_word' id='word_1_253' title='bbox 327 1958 376 1999; x_wconf 92' lang='lat' dir='ltr'>de</span> <span class='ocrx_word' id='word_1_254' title='bbox 415 1971 499 2012; x_wconf 90' lang='lat' dir='ltr'>quo</span> <span class='ocrx_word' id='word_1_255' title='bbox 536 1957 643 1997; x_wconf 89' lang='lat' dir='ltr'>mihi</span> <span class='ocrx_word' id='word_1_256' title='bbox 681 1957 947 2011; x_wconf 81' lang='lat' dir='ltr'>exploratum</span> <span class='ocrx_word' id='word_1_257' title='bbox 978 1962 1041 1999; x_wconf 88' lang='lat' dir='ltr'>est</span> <span class='ocrx_word' id='word_1_258' title='bbox 1071 1959 1132 1999; x_wconf 90' lang='lat' dir='ltr'>ita</span> <span class='ocrx_word' id='word_1_259' title='bbox 1162 1973 1267 2012; x_wconf 81' lang='lat' dir='ltr'>esse,</span> <span class='ocrx_word' id='word_1_260' title='bbox 1309 1961 1356 1999; x_wconf 91' lang='lat' dir='ltr'>ut</span> <span class='ocrx_word' id='word_1_261' title='bbox 1386 1960 1434 1999; x_wconf 89' lang='lat' dir='ltr'>tu</span> 
     </span>
     <span class='ocr_line' id='line_1_33' title="bbox 95 2015 1435 2072; baseline -0.001 -13"><span class='ocrx_word' id='word_1_262' title='bbox 95 2017 256 2072; x_wconf 83' lang='lat' dir='ltr'>scribis,</span> <span class='ocrx_word' id='word_1_263' title='bbox 285 2031 422 2070; x_wconf 89' lang='lat' dir='ltr'>neque</span> <span class='ocrx_word' id='word_1_264' title='bbox 454 2015 680 2070; x_wconf 86' lang='lat' dir='ltr'>quicquam</span> <span class='ocrx_word' id='word_1_265' title='bbox 705 2018 842 2057; x_wconf 88' lang='lat' dir='ltr'>astute</span> <span class='ocrx_word' id='word_1_266' title='bbox 867 2017 1020 2072; x_wconf 90' lang='lat' dir='ltr'>cogito.</span> <span class='ocrx_word' id='word_1_267' title='bbox 1083 2016 1128 2057; x_wconf 84' lang='lat' dir='ltr'>Si</span> <span class='ocrx_word' id='word_1_268' title='bbox 1161 2017 1327 2071; x_wconf 88' lang='lat' dir='ltr'>quando</span> <span class='ocrx_word' id='word_1_269' title='bbox 1354 2017 1435 2057; x_wconf 86' lang='lat' dir='ltr'>erit</span> 
     </span>
     <span class='ocr_line' id='line_1_34' title="bbox 96 2074 1434 2131; baseline -0.002 -14"><span class='ocrx_word' id='word_1_270' title='bbox 96 2076 260 2131; x_wconf 80' lang='lat' dir='ltr'>civitas,</span> <span class='ocrx_word' id='word_1_271' title='bbox 298 2076 378 2116; x_wconf 89' lang='lat' dir='ltr'>erit</span> <span class='ocrx_word' id='word_1_272' title='bbox 408 2075 598 2129; x_wconf 82' lang='lat' dir='ltr'>profecto</span> <span class='ocrx_word' id='word_1_273' title='bbox 630 2074 754 2115; x_wconf 90' lang='lat' dir='ltr'>nobis</span> <span class='ocrx_word' id='word_1_274' title='bbox 784 2074 918 2129; x_wconf 81' lang='lat' dir='ltr'>locus3</span> <span class='ocrx_word' id='word_1_275' title='bbox 957 2075 1023 2115; x_wconf 90' lang='lat' dir='ltr'>sin</span> <span class='ocrx_word' id='word_1_276' title='bbox 1054 2078 1194 2116; x_wconf 88' lang='lat' dir='ltr'>autem</span> <span class='ocrx_word' id='word_1_277' title='bbox 1225 2089 1311 2116; x_wconf 91' lang='lat' dir='ltr'>non</span> <span class='ocrx_word' id='word_1_278' title='bbox 1343 2075 1434 2130; x_wconf 88' lang='lat' dir='ltr'>erit,</span> 
     </span>
     <span class='ocr_line' id='line_1_35' title="bbox 95 2110 1435 2188; baseline -0.002 -11"><span class='ocrx_word' id='word_1_279' title='bbox 95 2135 140 2176; x_wconf 90' lang='lat' dir='ltr'>in</span> <span class='ocrx_word' id='word_1_280' title='bbox 171 2110 337 2176; x_wconf 83' lang='lat' dir='ltr'>easdem</span> <span class='ocrx_word' id='word_1_281' title='bbox 368 2133 617 2175; x_wconf 89' lang='lat' dir='ltr'>solitudines</span> <span class='ocrx_word' id='word_1_282' title='bbox 647 2136 694 2174; x_wconf 90' lang='lat' dir='ltr'>tu</span> <span class='ocrx_word' id='word_1_283' title='bbox 726 2133 834 2187; x_wconf 85' lang='lat' dir='ltr'>ipse,</span> <span class='ocrx_word' id='word_1_284' title='bbox 872 2136 919 2173; x_wconf 93' lang='lat' dir='ltr'>ut</span> <span class='ocrx_word' id='word_1_285' title='bbox 957 2133 1161 2188; x_wconf 86' lang='lat' dir='ltr'>arbitr·,01</span> <span class='ocrx_word' id='word_1_286' title='bbox 1193 2133 1352 2188; x_wconf 81' lang='lat' dir='ltr'>venies,</span> <span class='ocrx_word' id='word_1_287' title='bbox 1389 2134 1435 2174; x_wconf 90' lang='lat' dir='ltr'>in</span> 
     </span>
     <span class='ocr_line' id='line_1_36' title="bbox 46 2190 1435 2248; baseline -0.001 -13"><span class='ocrx_word' id='word_1_288' title='bbox 46 2193 254 2248; x_wconf 72' lang='lat' dir='ltr'>asquibus</span> <span class='ocrx_word' id='word_1_289' title='bbox 293 2207 371 2234; x_wconf 91' lang='lat' dir='ltr'>nos</span> <span class='ocrx_word' id='word_1_290' title='bbox 409 2192 644 2233; x_wconf 84' lang='lat' dir='ltr'>consedisse</span> <span class='ocrx_word' id='word_1_291' title='bbox 684 2191 837 2232; x_wconf 78' lang='lat' dir='ltr'>audies</span> <span class='ocrx_word' id='word_1_292' title='bbox 900 2190 983 2232; x_wconf 83' lang='lat' dir='ltr'>Sed</span> <span class='ocrx_word' id='word_1_293' title='bbox 1013 2206 1090 2248; x_wconf 88' lang='lat' dir='ltr'>ego</span> <span class='ocrx_word' id='word_1_294' title='bbox 1122 2193 1300 2233; x_wconf 84' lang='lat' dir='ltr'>fortasse</span> <span class='ocrx_word' id='word_1_295' title='bbox 1330 2193 1435 2233; x_wconf 83' lang='lat' dir='ltr'>vati-</span> 
     </span>
     <span class='ocr_line' id='line_1_37' title="bbox 97 2249 1434 2307; baseline -0.002 -13"><span class='ocrx_word' id='word_1_296' title='bbox 97 2253 232 2307; x_wconf 85' lang='grc'>011101,</span> <span class='ocrx_word' id='word_1_297' title='bbox 268 2253 310 2292; x_wconf 91' lang='lat' dir='ltr'>et</span> <span class='ocrx_word' id='word_1_298' title='bbox 345 2251 449 2292; x_wconf 90' lang='lat' dir='ltr'>haec</span> <span class='ocrx_word' id='word_1_299' title='bbox 487 2251 628 2292; x_wconf 87' lang='lat' dir='ltr'>omnia</span> <span class='ocrx_word' id='word_1_300' title='bbox 663 2250 859 2291; x_wconf 85' lang='lat' dir='ltr'>meliores</span> <span class='ocrx_word' id='word_1_301' title='bbox 895 2250 1114 2291; x_wconf 89' lang='lat' dir='ltr'>habebunt</span> <span class='ocrx_word' id='word_1_302' title='bbox 1146 2251 1293 2292; x_wconf 80' lang='lat' dir='ltr'>exitus.</span> <span class='ocrx_word' id='word_1_303' title='bbox 1354 2249 1434 2292; x_wconf 89' lang='lat' dir='ltr'>Re-</span> 
     </span>
     <span class='ocr_line' id='line_1_38' title="bbox 97 2309 1434 2364; baseline -0.001 -12"><span class='ocrx_word' id='word_1_304' title='bbox 97 2311 247 2352; x_wconf 87' lang='lat' dir='ltr'>cordor</span> <span class='ocrx_word' id='word_1_305' title='bbox 277 2310 389 2351; x_wconf 89' lang='lat' dir='ltr'>enim</span> <span class='ocrx_word' id='word_1_306' title='bbox 420 2310 731 2364; x_wconf 84' lang='lat' dir='ltr'>desperationes</span> <span class='ocrx_word' id='word_1_307' title='bbox 762 2323 919 2364; x_wconf 83' lang='lat' dir='ltr'>eorum,</span> <span class='ocrx_word' id='word_1_308' title='bbox 952 2310 1024 2364; x_wconf 93' lang='lat' dir='ltr'>qui</span> <span class='ocrx_word' id='word_1_309' title='bbox 1050 2323 1168 2351; x_wconf 91' lang='lat' dir='ltr'>senes</span> <span class='ocrx_word' id='word_1_310' title='bbox 1193 2312 1311 2351; x_wconf 88' lang='lat' dir='ltr'>erant</span> <span class='ocrx_word' id='word_1_311' title='bbox 1337 2309 1434 2351; x_wconf 85' lang='lat' dir='ltr'>adu-</span> 
     </span>
    </p>
   </div>
  </div>
 </body>
</html>
