1659 2552
120 1134 138 1162 10

167 85 252 127 238
669 86 1010 121 EPISTULARUM

166 184 327 236 tentur,
365 195 491 236 quam
530 182 721 238 intellegi
760 182 902 236 cupio,
941 182 1054 236 quod
1092 185 1202 223 certe
1234 183 1510 239 intellegitur,

166 254 233 281 me
266 255 289 280 a
320 243 362 281 te
394 241 537 281 amari.
600 240 721 290 Quod
747 244 794 281 ut
819 241 960 295 facias,
991 242 1033 281 te
1065 241 1193 282 etiam
1224 244 1350 296 atque
1381 242 1509 283 etiam

167 313 290 354 rogo,
331 299 609 354 ignoscasque
647 299 847 340 brevitati
883 299 1123 340 litterarum
1163 314 1371 355 mearum3
1410 315 1508 341 nam

167 360 208 398 et
240 357 432 398 celeriter
468 372 551 398 una
591 360 758 399 futuros
789 372 866 398 nos
898 357 1084 399 arbitror
1116 361 1157 400 et
1187 359 1376 400 nondum
1408 359 1509 400 satis

167 430 260 457 sum
292 417 565 457 confirmatus
598 417 649 457 ad
681 416 962 457 scribendum.
1547 430 1565 456 5

790 567 883 609 XII.

365 648 439 683 Scr.
468 650 506 682 in
532 649 734 684 Puteolano
758 650 846 684 med.
873 661 916 684 m.
944 649 1031 684 Dee.
1059 662 1091 684 a.
1122 652 1194 684 709
1222 651 1310 693 (45).

542 751 546 754 -
577 729 744 765 CICERO
771 730 1098 765 DOLABELLAE.

257 824 456 867 Gratulor
481 826 597 867 Baiis
623 827 792 881 nostris,
819 826 1039 881 siquidem,
1065 829 1113 867 ut
1133 826 1294 881 scribis,
1321 826 1510 868 salubres

166 888 337 938 repente
369 886 503 926 factae
536 888 650 940 sunt3
682 886 765 926 nisi
796 886 907 927 forte
939 888 980 926 te
1013 888 1156 926 amant
1187 889 1228 926 et
1258 885 1340 926 tibi
1365 885 1510 927 adsen-
1529 901 1564 926 10

166 946 311 984 tantur
354 947 395 984 et
438 947 526 984 tam
570 944 659 998 diu,
704 944 805 985 dum
845 947 892 985 tu
933 944 1048 998 ades,
1093 947 1191 985 sunt
1231 944 1390 985 oblitae
1432 944 1509 985 sui.

167 1001 289 1051 Quod
326 1002 496 1055 quidem
534 1003 569 1043 si
601 1003 662 1043 ita
693 1006 772 1057 est,
812 1003 987 1044 minime
1023 1003 1157 1044 miror
1188 1003 1349 1044 caelum
1381 1003 1509 1044 etiam

166 1064 207 1101 et
244 1064 378 1101 terras
415 1061 503 1102 vim
543 1076 679 1115 suam,
720 1062 755 1102 si
793 1062 874 1103 tibi
907 1062 966 1103 ita
1003 1061 1243 1115 conveniat,
1284 1062 1508 1103 dimittere.

166 1118 485 1160 Oratiunculam
510 1134 587 1174 pro
613 1120 828 1174 Deiotaro,
861 1135 988 1175 quam
1013 1121 1270 1175 requirebas,
1299 1120 1508 1161 habebam

165 1192 350 1232 mecum,
395 1179 509 1232 quod
548 1193 634 1220 non
675 1182 882 1233 putaram.
952 1178 1100 1233 Itaque
1141 1193 1233 1220 eam
1273 1179 1354 1220 tibi
1393 1179 1563 1234 misi315

166 1251 292 1291 quam
330 1237 457 1277 velim
498 1238 558 1278 sic
597 1238 713 1293 legas
753 1240 800 1278 ut
842 1252 1009 1279 causam
1049 1242 1219 1278 tenuem
1260 1240 1302 1279 et
1339 1238 1509 1292 inopem

165 1309 242 1336 nec
273 1296 502 1349 scriptione
539 1311 694 1351 magno
734 1310 859 1350 opere
892 1297 1081 1352 dignam3
1123 1297 1195 1337 sed
1232 1311 1310 1352 ego
1347 1296 1509 1351 hospiti

166 1354 299 1394 veteri
337 1357 378 1394 et
419 1354 554 1395 amico
594 1355 892 1395 munusculum
932 1355 1102 1395 mittere
1140 1354 1256 1395 volui
1296 1355 1508 1396 levidense

166 1426 304 1453 crasso
336 1412 426 1466 filo,
451 1411 569 1452 cuius
590 1413 705 1453 modi
744 1413 876 1467 ipsius
909 1413 1046 1454 solent
1077 1427 1165 1454 esse
1196 1428 1382 1454 munera.
1444 1412 1508 1454 Tu

165 1471 292 1511 velim
333 1471 474 1511 animo
516 1472 695 1525 sapienti
736 1472 922 1526 fortique
961 1472 1036 1525 sis,
1078 1475 1125 1512 ut
1162 1474 1235 1527 tua
1271 1472 1507 1513 moderatio
1528 1486 1561 1511 20

165 1532 207 1570 et
237 1529 424 1585 gravitas
456 1529 637 1570 aliorum
669 1530 846 1571 infamet
878 1530 1088 1570 iniuriam.

777 1681 892 1723 XIII.

317 1761 390 1797 Ser.
418 1762 554 1797 Romae
579 1774 631 1797 ex.
664 1775 697 1798 α.
727 1765 799 1798 708
831 1765 909 1806 (46)
936 1768 1000 1798 aut
1025 1765 1075 1798 in.
1103 1775 1136 1797 α.
1166 1765 1237 1797 709
1265 1764 1354 1807 (45).

551 1843 719 1879 CICERO
745 1844 1061 1879 DOLABELLAE
1089 1843 1122 1878 S.

256 1939 298 1981 C.
344 1939 576 1981 Subernius
621 1939 800 1981 Calenus
843 1943 885 1982 et
933 1955 1052 1981 meus
1096 1942 1159 1981 est
1201 1938 1423 1980 familiaris
1465 1941 1508 1980 et
1526 1952 1560 1977 25

166 1999 339 2053 Leptae,
377 1999 512 2039 nostri
550 1999 888 2053 familiarissimi,
925 1998 1272 2054 pernecessarius.
1332 1996 1374 2037 Is
1411 2011 1506 2038 cum

167 2058 328 2098 vitandi
366 2057 468 2098 belli
507 2072 631 2098 causa
666 2058 882 2111 profectus
913 2060 1022 2099 esset
1054 2058 1097 2098 in
1128 2056 1380 2110 Hispaniam
1411 2069 1506 2096 cum

166 2116 221 2156 M.
254 2115 445 2157 Varrone
477 2119 574 2157 ante
607 2116 782 2170 bellum,
823 2120 871 2157 ut
903 2117 946 2157 in
978 2131 1026 2157 ea
1056 2115 1274 2170 provincia
1305 2116 1431 2168 esset,
1462 2114 1507 2155 in

168 2189 249 2228 qua
285 2190 409 2215 nemo
447 2178 640 2215 nostrum
678 2177 774 2229 post
810 2174 1036 2215 Afranium
1073 2176 1316 2228 superatum
1347 2173 1506 2214 bellum

167 2233 301 2273 ullum
321 2234 411 2274 fore
436 2236 617 2287 putaret,
643 2233 792 2274 incidit
812 2234 856 2274 in
875 2248 924 2281 ea
942 2234 1033 2288 ipsa
1057 2233 1178 2286 mala,
1211 2246 1316 2286 quae
1342 2246 1506 2272 summo
1525 2243 1560 2268 30

168 2292 307 2331 ¹<tudio
346 2292 570 2345 vitaverat3
613 2306 836 2346 oppressus
873 2295 936 2333 est
973 2291 1085 2333 enim
1122 2290 1234 2331 bello
1274 2290 1507 2345 repentino,
