1659 2552
66 818 98 842 10

66 1167 98 1192 15

67 2043 100 2067 30

603 64 744 98 LIBER
769 64 836 99 XV
862 68 963 99 6-9.
1376 64 1462 105 455

120 159 316 201 omnibus
342 160 655 201 secundissimis
681 160 806 200 rebus
838 160 1134 215 dignissimum
1161 159 1312 213 iudico,
1345 160 1462 200 cuius

119 233 219 274 erga
250 233 316 259 me
349 219 606 274 singularem
638 219 977 260 benevolentiam
1009 219 1076 259 vel
1114 219 1158 259 in
1189 218 1334 259 labore
1366 232 1460 259 meo

119 278 185 318 vel
211 277 255 318 in
280 277 441 318 honore
472 278 679 332 perspexi,
711 280 846 318 totam
873 278 1051 331 denique
1079 277 1251 318 domum
1277 280 1460 318 vestram

119 336 186 376 vel
218 336 365 376 salutis
398 336 463 377 vel
496 336 716 391 dignitatis
747 350 863 377 meae
897 336 1249 377 studiosissimam
1282 336 1461 389 cupidis—

119 395 352 448 simamque
372 395 562 450 cognovi.
607 394 744 443 Quare
769 397 938 450 gratum
958 395 1065 435 mihi
1089 395 1249 448 feceris,
1277 395 1311 435 si
1337 395 1460 434 uxori

119 456 214 494 tuae
246 452 408 507 Iuniae,
439 453 712 509 gravissimae
745 457 870 507 atque
904 454 1087 507 optimae
1119 453 1317 507 feminae,
1355 453 1460 493 meis

118 512 259 552 verbis
290 512 372 553 eris
402 512 650 567 gratulatus.
712 511 751 552 A
782 515 835 565 te,
867 512 911 552 id
942 513 1056 566 quod
1087 512 1315 566 consuesti,
1348 515 1460 566 pet-o,

118 585 185 611 me
217 570 433 611 absentem
467 571 618 626 diligas
651 572 777 624 atque
811 571 1018 612 defendas.

751 721 823 763 IX.

297 802 372 837 Ser.
397 804 515 837 eodem
542 803 615 837 loco
641 807 674 837 et
698 807 800 847 temp.
828 814 896 848 quo
922 814 974 847 ep.
1009 803 1090 837 VII
1109 807 1142 838 et
1174 803 1282 837 VIII.

249 884 296 919 M.
325 883 492 918 CICERO
519 883 712 918 PR-OCOS.
739 884 773 919 S.
799 885 841 919 D.
869 885 916 919 M.
943 883 1199 918 MARCELLO
1228 883 1323 920 COS.

207 978 264 1019 Te
303 982 344 1020 et
381 979 552 1033 pietatis
590 980 634 1020 in
671 982 767 1020 tuos
800 982 840 1020 et
879 980 1008 1020 animi
1040 980 1085 1020 in
1117 994 1205 1020 rem
1236 995 1275 1034 p.
1308 982 1349 1020 et
1381 980 1460 1020 cla-

119 1038 275 1078 rissimi
319 1041 445 1092 atque
487 1039 637 1092 optimi
682 1039 924 1079 consulatus
966 1037 1009 1078 C.
1047 1038 1248 1079 Marcello
1290 1038 1459 1079 consule

118 1097 229 1136 facto
260 1096 446 1137 fructum
473 1097 630 1151 cepisse
655 1097 927 1137 vehementer
956 1097 1131 1152 gaudeo.
1172 1097 1214 1138 Ν
1217 1112 1272 1138 011
1298 1097 1460 1151 dubito,

120 1155 222 1208 quid
258 1158 499 1208 praesentes
537 1156 737 1209 sentiant3
777 1170 854 1196 nos
892 1156 1062 1209 quidem
1100 1155 1325 1211 longinqui
1363 1158 1404 1196 et
1437 1170 1460 1195 a

119 1216 159 1254 te
197 1213 288 1267 ipso
326 1214 445 1254 missi
482 1214 525 1254 in
566 1214 738 1254 ult-imas
768 1214 907 1269 gentis
945 1214 998 1254 ad
1029 1214 1190 1254 caelum
1221 1214 1459 1254 mehercule

117 1271 308 1312 tollimus
332 1272 562 1312 verissimis
594 1287 641 1313 ac
672 1272 915 1313 iustissimis
945 1272 1152 1313 laudibus.
1208 1272 1332 1327 Nam,
1364 1286 1459 1313 cum

117 1333 159 1370 te
191 1345 214 1370 a
244 1331 427 1384 pueritia
464 1334 537 1371 tua
568 1331 689 1371 unice
728 1331 964 1385 dilexerim,
1006 1334 1136 1385 tuque
1168 1346 1235 1372 me
1267 1331 1311 1371 in
1343 1332 1459 1372 omni

117 1403 270 1444 genere
307 1404 472 1443 semper
508 1390 815 1443 amplissimum
854 1404 942 1430 esse
974 1392 1015 1430 et
1046 1390 1231 1430 volueris
1272 1392 1313 1430 et
1353 1390 1459 1430 iudi-

65 1460 80 1484 2
119 1447 237 1501 caris,
267 1450 359 1488 tum
390 1448 472 1488 hoc
496 1448 564 1488 vel
594 1451 668 1488 tuo
701 1449 812 1488 facto
839 1448 907 1488 vel
937 1448 1085 1502 populi
1116 1447 1165 1489 R.
1199 1448 1249 1489 de
1280 1450 1321 1489 te
1353 1448 1459 1489 iudi-

119 1506 183 1545 cio
226 1481 365 1546 ⁷multo
412 1507 550 1547 acrius
594 1507 968 1561 vehementiusque
1013 1507 1146 1562 diligo
1190 1507 1458 1561 maximaque

118 1564 280 1604 laetitia
311 1565 500 1618 adficior,
542 1579 636 1605 cum
669 1566 720 1606 ab
752 1565 997 1606 hominibus
1028 1565 1369 1619 prudentissimis
1399 1566 1459 1606 vi-

119 1622 259 1675 risque
291 1623 463 1676 optimis
495 1623 692 1663 omnibus
724 1624 858 1677 dictis,
889 1624 1024 1677 factis,
1056 1624 1218 1677 studiis,
1250 1624 1458 1664 institutis

119 1681 186 1721 vel
217 1695 283 1720 me
314 1681 378 1720 tui
411 1682 592 1721 similem
623 1695 711 1722 esse
744 1682 868 1722 audio
894 1682 962 1722 vel
986 1684 1028 1721 te
1053 1682 1146 1722 mei.
1187 1681 1333 1723 Unum
1357 1696 1457 1723 vero

67 1751 96 1775 -ῑ
121 1739 155 1779 si
188 1738 305 1778 addis
337 1739 389 1778 ad
425 1739 780 1792 praeclarissimas
818 1754 883 1779 res
915 1740 1156 1780 consulatus
1187 1741 1268 1792 tui,
1307 1743 1354 1780 ut
1386 1742 1458 1780 aut

119 1797 225 1837 mihi
245 1797 439 1837 succedat
459 1812 585 1851 quam
604 1798 789 1851 primum
809 1797 973 1851 aliquis,
1005 1800 1077 1838 aut
1096 1812 1147 1838 ne
1169 1798 1272 1851 quid
1290 1799 1457 1839 accedat

119 1855 324 1909 temporis
364 1855 417 1895 ad
455 1855 518 1908 id,
560 1856 673 1909 quod
709 1859 755 1896 tu
792 1855 899 1896 mihi
937 1858 977 1896 et
1016 1858 1183 1896 senatus
1222 1870 1253 1896 0.
1287 1859 1328 1896 et
1364 1857 1457 1911 lege

120 1914 264 1967 finisti,
298 1914 438 1954 omnia
468 1928 535 1954 me
566 1928 642 1967 per
666 1916 708 1954 te
734 1916 1005 1954 consecutum
1035 1914 1207 1968 putabo.
1258 1913 1379 1968 Cura,
1412 1918 1458 1955 ut

120 1973 258 2013 valeas
290 1975 331 2012 et
361 1986 428 2012 me
461 1972 677 2012 absentem
710 1972 860 2027 diligas
892 1975 1017 2026 atque
1050 1972 1257 2013 defendas.

209 2030 323 2079 Quae
355 2030 461 2070 mihi
493 2031 542 2071 de
572 2030 742 2070 Parthis
772 2031 967 2071 nuntiata
997 2033 1106 2085 sunt,
1139 2031 1237 2085 quia
1268 2045 1354 2071 non
1384 2046 1458 2085 pu-

120 2089 263 2129 tabam
301 2104 324 2129 a
360 2103 426 2129 me
465 2089 592 2129 etiam
629 2103 739 2129 nunc
775 2089 995 2129 scribenda
1029 2103 1117 2130 esse
1151 2089 1332 2143 publice,
1364 2104 1459 2143 pro-

116 2150 261 2201 pterea
302 2162 354 2188 ne
397 2161 473 2201 pro
518 2147 804 2188 familiaritate
850 2148 1020 2201 quidem
1063 2151 1208 2188 nostra
1249 2147 1365 2188 volui
1407 2148 1459 2188 ad

117 2208 159 2246 te
190 2206 388 2258 scribere,
420 2220 491 2257 ne,
525 2219 620 2246 cum
651 2206 704 2246 ad
735 2207 948 2246 consulem
981 2206 1257 2260 scripsissem,
1289 2206 1457 2260 publice

118 2263 283 2304 viderer
314 2264 538 2318 scripsisse.

1484 1693 1503 1722 Ν)
