1659 2552
99 309 141 338 14

100 721 142 751 15

107 1895 148 1925 18

166 84 250 125 56ss
718 83 948 118 EPISTULA

166 179 258 233 tibi,
290 179 370 219 nisi
403 179 437 219 si
471 179 541 233 qui
575 178 801 219 admodum
833 181 873 218 te
906 180 1068 232 amant,
1101 177 1299 218 invidere.
1361 177 1503 218 Etiam

167 252 298 279 novos
330 238 522 278 homines
554 238 787 292 praetorios
817 237 1025 290 existimo,
1057 236 1139 277 nisi
1171 236 1243 290 qui
1276 238 1350 277 tuo
1383 235 1504 277 bene-

166 297 262 337 ficio
294 297 425 337 vincti
458 299 566 350 sunt,
597 296 709 336 nolle
737 296 810 336 abs
841 298 883 336 te
909 309 951 336 se
982 295 1143 335 honore
1175 295 1374 349 superari.
1414 292 1503 335 Iam

167 356 211 396 in
242 355 400 410 populo
432 370 557 409 quam
589 354 713 395 multi
745 354 878 394 invidi
910 354 1013 407 sint,
1046 368 1172 407 quam
1203 352 1504 395 consuetudine

167 415 320 455 horum
358 429 564 455 annorum
603 414 654 454 ab
695 413 939 453 hominibus
977 413 1097 453 novis
1136 412 1324 466 alienati,
1364 412 1506 453 venire

168 474 247 514 tibi
280 473 323 514 in
354 476 539 514 mentem
572 475 685 513 certo
718 472 822 526 scio,
861 486 948 512 6336
981 471 1108 511 etiam
1139 485 1225 512 non
1256 470 1395 512 nullos
1426 470 1506 511 tibi

169 533 299 572 iratos
331 546 382 572 ex
413 532 465 572 iis
498 531 642 585 causis,
675 545 778 584 quas
804 530 940 586 egisti,
973 544 1138 571 11666336
1164 532 1237 571 est.
1280 528 1371 570 Iam
1403 529 1508 570 illud

168 594 259 632 tute
298 590 626 644 circumspicito,
669 589 782 643 quod
818 589 871 629 ad
909 588 981 629 Cn.
1013 588 1188 642 Pompei
1226 588 1407 644 gloriam
1439 602 1507 629 au-

168 649 350 705 gendam
387 652 506 690 tanto
539 648 679 689 studio
716 651 758 689 te
792 647 961 701 dedisti,
998 662 1100 688 num
1132 661 1237 701 quos
1274 647 1354 688 tibi
1385 649 1507 701 putes

171 708 224 749 ob
258 723 349 749 eam
382 722 548 748 causam
581 721 668 748 6336
707 706 873 747 amicos.
936 705 1071 755 Quam
1103 706 1157 746 ob
1196 720 1301 759 rem,
1340 719 1434 746 cum
1466 707 1508 746 ct

169 782 380 808 summum
416 767 556 807 locum
595 765 778 806 civitatis
814 767 933 820 petas
973 767 1013 805 et
1051 764 1193 805 videas
1232 778 1320 805 esse
1357 763 1507 818 studia,

170 841 275 880 quae
314 826 604 879 adversentur,
643 824 842 865 adhibeas
879 838 1045 864 necesse
1083 825 1145 864 est
1178 837 1344 864 omnem
1382 822 1507 864 ratio-

170 900 266 925 nem
299 887 339 925 et
372 898 514 925 curam
547 886 588 924 et
618 884 807 924 laborem
840 885 881 923 et
914 882 1188 937 diligentiam.

258 943 315 984 Et
351 943 502 997 petitio
540 943 866 998 magistratuum
905 941 1037 981 divisa
1068 943 1130 981 est
1162 941 1204 980 in
1238 940 1415 981 duarum
1446 954 1508 980 ra-

170 1003 335 1043 tionum
356 1002 632 1057 diligentiam,
664 1015 841 1055 quarum
867 1000 999 1040 altera
1024 1000 1067 1039 in
1087 999 1319 1040 amicorum
1344 998 1506 1053 studiis,

171 1061 303 1102 altera
339 1061 383 1101 in
419 1060 616 1115 populari
647 1060 865 1100 voluntate
902 1058 1095 1113 ponenda
1127 1060 1199 1099 est.
1261 1057 1509 1098 Amicorum

172 1120 311 1160 studia
341 1119 557 1160 beneficiis
590 1122 630 1159 et
663 1118 815 1159 officiis
847 1119 888 1158 et
913 1119 1122 1158 vetustate
1155 1119 1196 1157 et
1227 1116 1430 1157 facilitate
1461 1129 1510 1156 ac

171 1178 431 1219 iucunditate
468 1180 643 1218 naturae
682 1180 803 1231 parta
841 1190 928 1217 esse
967 1178 1145 1230 oportet.
1208 1174 1291 1215 Sed
1326 1175 1407 1216 hoc
1437 1188 1509 1215 no-

171 1252 268 1278 men
294 1238 525 1278 amicorum
552 1237 595 1277 111
627 1236 832 1290 petitione
857 1234 984 1275 latius
1009 1237 1125 1289 patet
1152 1248 1277 1287 quam
1303 1233 1347 1274 in
1373 1236 1510 1274 cetera

171 1296 268 1337 vita.
332 1295 531 1349 Quisquis
572 1297 634 1335 est
675 1295 807 1348 enim,
849 1293 921 1347 qui
960 1292 1152 1334 ostendat
1190 1292 1350 1346 aliquid
1386 1292 1430 1332 in
1467 1294 1509 1332 te

172 1355 420 1407 voluntatis,
459 1355 532 1407 qui
563 1354 689 1405 colat,
724 1353 794 1406 qui
829 1352 999 1393 domum
1031 1351 1226 1403 ventitet,
1268 1350 1302 1390 is
1334 1350 1377 1390 in
1409 1349 1509 1390 ami-

173 1428 318 1454 corum
358 1427 533 1453 numero
575 1414 637 1452 est
677 1410 904 1451 habendus.
974 1409 1056 1450 Sed
1096 1412 1254 1461 tamen,
1299 1408 1371 1461 qui
1412 1410 1510 1448 sunt

173 1472 296 1512 amici
329 1486 379 1512 ex
412 1485 533 1511 causa
571 1469 745 1510 iustiore
778 1468 1043 1523 cognationis
1075 1470 1148 1508 aut
1186 1466 1406 1507 affinitatis
1438 1469 1510 1507 aut

172 1530 408 1571 sodalitatis
441 1532 512 1569 aut
544 1528 719 1568 alicuius
750 1527 1087 1579 necessitudinis,
1120 1526 1170 1566 iis
1204 1540 1346 1566 carum
1378 1527 1420 1565 et
1451 1525 1510 1565 iu-

174 1589 356 1630 cundum
389 1602 476 1629 esse
507 1587 689 1627 maxime
719 1586 900 1640 prodest.
962 1584 1134 1639 Deinde,
1167 1586 1214 1625 ut
1246 1584 1422 1638 quisque
1449 1585 1511 1624 est

174 1648 348 1688 intimus
381 1661 427 1687 ac
458 1646 639 1686 maxime
682 1645 954 1697 domesticus,
998 1646 1045 1684 ut
1078 1643 1136 1684 ita
1167 1643 1349 1683 maxime
1385 1656 1511 1696 quam

174 1706 481 1760 amplissimum
502 1720 588 1745 esse
614 1707 655 1744 te
676 1704 828 1757 cupiat,
854 1703 974 1743 valde
1000 1701 1301 1743 elaborandum
1321 1703 1395 1754 est,
1420 1703 1511 1741 tum

174 1768 221 1806 ut
252 1764 448 1818 tribules,
485 1766 532 1804 ut
564 1763 709 1815 vicini,
748 1765 794 1802 ut
827 1761 1015 1814 clientes,
1056 1763 1103 1801 ut
1141 1760 1319 1813 denique
1355 1758 1511 1812 liberti,

175 1827 388 1878 postremo
427 1823 554 1863 etiam
593 1821 700 1862 servi
740 1821 820 1874 tui3
858 1835 955 1860 nam
991 1820 1078 1860 fere
1117 1818 1253 1859 omnis
1291 1832 1428 1858 sermo
1461 1817 1511 1858 ad

175 1884 385 1923 forensem
417 1882 572 1921 famam
605 1895 627 1920 a
654 1879 894 1920 domesticis
926 1880 1092 1919 emanat
1124 1876 1377 1917 auctoribus.
1433 1875 1512 1916 De-

175 1942 302 1995 nique
334 1943 430 1981 sunt
463 1938 711 1980 instituendi
745 1938 944 1991 cuiusque
977 1936 1142 1992 generis
1174 1935 1310 1989 amici,
1342 1934 1394 1975 ad
1424 1948 1513 1988 spe-

176 2001 282 2040 ciem
312 1999 504 2040 homines
536 1998 722 2038 illustres
752 1996 912 2036 honore
944 2009 990 2036 ac
1022 1995 1212 2047 nomine,
1245 1993 1317 2047 qui
1349 1992 1512 2033 etiamsi

176 2058 434 2113 suffragandi
466 2056 603 2097 studia
635 2070 719 2096 non
752 2057 923 2106 navant,
955 2057 1096 2094 tamen
1128 2053 1309 2093 afferunt
1339 2050 1512 2105 petitori

177 2117 338 2170 aliquid
370 2115 605 2171 dignitatis,
647 2114 699 2154 ad
737 2114 800 2154 ius
834 2112 1110 2166 optinendum
1142 2111 1431 2167 magistratUS,
1464 2122 1513 2149 ex

178 2176 331 2229 quibus
362 2174 543 2215 maxime
577 2172 784 2225 consules,
823 2171 971 2212 deinde
1004 2170 1165 2210 tribuni
1196 2170 1269 2223 pl„
1307 2167 1358 2209 ad
1389 2168 1514 2207 confi-

1527 715 1560 740 10

1528 1008 1561 1034 15

1529 1303 1562 1327 20

1531 1595 1564 1620 25

1532 1887 1565 1911 30

1533 2177 1566 2204 35

179 2235 344 2274 ciendas
383 2233 591 2273 centurias
628 2230 820 2271 homines
859 2229 1079 2270 excellenti
1118 2228 1265 2284 gratia.
1327 2225 1407 2274 Qui
1440 2225 1515 2266 abs
1562 2278 1565 2279 ⁷

179 2296 219 2333 te
257 2292 417 2332 tribum
458 2294 529 2332 aut
569 2289 800 2331 centuriam
838 2292 909 2329 aut
948 2287 1119 2342 aliquod
1160 2285 1411 2327 beneficium
1443 2286 1515 2325 aut
