1659 2552
206 73 292 114 448
710 73 1050 108 EPISTULARUM

207 168 459 209 auctoritate
503 168 621 209 aulae
667 168 927 209 communita
976 183 1155 224 regnum
1205 182 1299 209 cum
1344 168 1551 225 dignitate

208 228 430 282 optineret.

295 284 462 327 Interea
505 285 686 341 cognovi
735 284 968 326 multorum
1011 285 1166 326 litteris
1216 287 1342 340 atque
1390 285 1552 327 nuntiis

206 359 382 401 magnas
406 344 664 385 Parthorum
697 343 838 397 copias
869 348 905 386 et
930 343 1122 384 Arabum
1153 343 1205 384 ad
1238 344 1441 398 oppidum
1466 344 1553 385 An-

206 403 418 444 tiocheam
444 403 664 443 accessisse
695 417 981 458 magnumque
1013 417 1159 443 eorum
1191 403 1447 457 equitatum,
1479 403 1553 458 qui

208 462 252 503 in
285 461 478 503 Ciliciam
510 461 746 516 transisset,
789 461 840 501 ab
880 461 1071 515 equitum
1103 476 1295 502 meorum
1326 462 1479 503 turmis
1511 464 1553 503 et

208 536 232 562 a
274 521 447 561 cohorte
487 520 720 574 praetoria,
761 535 867 574 quae
911 522 1000 561 erat
1040 520 1313 575 Epiphaneae
1352 520 1553 575 praesidii

209 594 344 634 causa,
377 579 593 620 occidione
625 579 821 620 occisum.
884 578 1034 633 Quare,
1066 594 1160 619 cum
1186 579 1373 620 viderem
1399 594 1422 620 a
1449 578 1554 634 Cap-

207 639 384 693 padocia
409 637 667 678 Parthorum
693 638 835 692 copias
867 652 1032 679 aversas
1064 652 1149 679 non
1180 638 1307 693 longe
1339 653 1363 678 a
1392 638 1552 679 finibus

210 712 298 738 esse
326 696 510 750 Ciliciae,
543 711 669 750 quam
700 697 822 751 potui
852 697 1049 737 maximis
1081 697 1317 751 itineribus,
1350 697 1402 737 ad
1427 696 1552 737 Ama-

208 770 311 796 num
345 755 576 796 exercitum
609 755 720 796 duxi.
784 754 875 804 Quo
908 758 955 796 ut
986 755 1094 809 veni,
1125 755 1292 796 hostem
1324 755 1376 796 ab
1402 755 1554 796 Antio-

211 815 312 855 chea
332 814 561 869 recessisse,
592 814 796 855 Bibulum
815 814 1076 855 Antiocheae
1097 829 1185 855 esse
1205 814 1396 870 cognovi.
1428 813 1554 855 Deio-

210 876 350 914 tarum
388 873 611 914 confestim
654 873 739 914 iam
782 873 834 913 ad
871 888 938 914 me
981 873 1220 914 venientem
1265 887 1358 914 cum
1395 887 1552 929 magno

211 935 252 973 et
296 932 420 973 firmo
462 932 654 985 equitatu
695 935 735 972 et
777 932 970 986 peditatu
1011 935 1052 973 et
1093 946 1188 972 cum
1227 931 1424 973 omnibus
1467 931 1553 973 suis

211 991 344 1044 copiis
376 990 599 1031 certiorem
636 991 717 1031 feci
748 1005 833 1031 non
865 991 999 1031 videri
1031 1005 1118 1031 esse
1151 1005 1336 1045 causam,
1378 1004 1452 1031 cur
1482 990 1554 1032 ab·

212 1052 320 1090 esset
352 1064 376 1090 a
406 1064 555 1105 regno,
595 1063 746 1103 meque
778 1049 831 1089 ad
862 1064 974 1104 eum,
1016 1049 1051 1090 si
1084 1050 1186 1103 quid
1216 1050 1315 1090 novi
1347 1049 1457 1090 forte
1490 1063 1554 1090 ac-

212 1108 401 1162 cidisset,
457 1109 601 1149 statim
649 1108 814 1149 litteras
868 1108 1124 1162 nuntiosque
1174 1108 1402 1149 missurum
1452 1122 1552 1149 esse.

213 1166 403 1221 Cumque
435 1181 484 1208 eo
517 1167 658 1207 animo
690 1167 914 1221 venissem,
947 1169 994 1208 ut
1025 1168 1195 1221 utrique
1225 1167 1485 1221 provinciae,
1518 1166 1553 1208 si

211 1226 271 1266 ita
302 1228 469 1279 tempus
501 1227 641 1280 ferret,
674 1226 953 1280 subvenirem,
985 1228 1077 1266 tum
1109 1226 1163 1280 id,
1196 1226 1310 1280 quod
1340 1226 1425 1266 iam
1455 1227 1553 1266 ante

211 1287 441 1325 statueram
482 1284 753 1325 vehementer
795 1284 997 1325 interesse
1038 1285 1258 1338 utriusque
1298 1284 1552 1338 provinciae,

210 1357 358 1397 pacare
396 1342 609 1383 Amanum
648 1345 689 1383 et
728 1341 979 1397 perpetuum
1022 1343 1185 1383 hostem
1227 1357 1278 1383 ex
1319 1356 1368 1383 eo
1408 1344 1553 1383 monte

209 1402 377 1456 tollere,
419 1416 542 1456 agere
582 1401 759 1455 perrexi.
824 1401 1013 1455 Cumque
1054 1415 1120 1441 me
1162 1400 1371 1441 discedere
1413 1401 1464 1441 ab
1503 1415 1552 1442 eo

209 1463 353 1500 monte
387 1460 650 1500 simulassem
682 1462 723 1500 et
755 1460 857 1500 alias
894 1459 1027 1513 partis
1061 1459 1231 1500 Ciliciae
1263 1463 1405 1513 petere
1438 1459 1553 1501 abes-

211 1532 382 1572 semque
415 1518 467 1558 ab
493 1517 659 1558 Amano
692 1518 773 1558 iter
804 1518 928 1558 unius
962 1518 1043 1558 diei
1076 1521 1117 1558 et
1149 1520 1284 1558 castra
1310 1518 1422 1572 apud
1453 1517 1554 1572 Epi-

209 1576 417 1631 phaneam
437 1577 640 1630 fec-issem,
661 1591 694 1617 a.
717 1577 752 1617 d.
773 1588 841 1616 1111
860 1575 918 1617 Id.
941 1576 1043 1630 Oct,
1063 1591 1158 1617 cum
1179 1577 1553 1631 advesperasceret,
1573 1594 1587 1616 ι

210 1636 407 1689 expedito
449 1635 635 1676 exercitu
677 1635 737 1675 ita
777 1638 905 1676 noctu
944 1636 1025 1675 iter
1064 1635 1160 1689 feci,
1200 1638 1247 1676 ut
1280 1650 1312 1676 a.
1342 1635 1377 1676 d.
1410 1647 1461 1676 ΠΙ
1491 1634 1551 1676 Id.

210 1693 312 1748 Oct,
346 1708 440 1734 cum
471 1694 703 1748 lucisceret,
735 1694 778 1734 in
804 1693 1017 1734 Amanum
1044 1694 1322 1748 ascenderem,
1355 1694 1554 1735 distribu-

209 1753 348 1806 tisque
381 1752 628 1793 cohortibus
660 1755 701 1793 et
733 1753 923 1806 auxiliis,
956 1767 1050 1793 cum
1083 1753 1177 1793 aliis
1210 1751 1392 1801 Quintus
1422 1753 1554 1794 frater

207 1811 374 1867 legatus
405 1826 570 1852 mecum
603 1811 740 1865 simul,
773 1811 866 1852 aliis
900 1811 942 1852 C.
968 1811 1221 1865 Pomptinus
1252 1811 1428 1867 legatus,
1459 1811 1553 1852 reli-

210 1871 304 1924 quis
341 1869 396 1910 M.
428 1869 619 1911 Anneius
660 1873 701 1910 et
737 1869 782 1910 L.
816 1869 980 1910 Tullius
1011 1870 1139 1925 legati
1172 1871 1430 1924 praeessent,
1467 1870 1552 1923 ple-

210 1943 363 1983 rosque
400 1929 692 1983 necopinantis
731 1929 1037 1982 oppressimus,
1079 1928 1150 1982 qui
1191 1928 1317 1968 occisi
1357 1928 1552 1982 captique

210 1991 308 2028 sunt
334 1987 552 2028 interclusi
580 1988 692 2043 fuga,
724 1987 909 2027 Eranam
936 1990 1088 2041 autem,
1121 2001 1227 2040 quae
1253 1986 1335 2027 fuit
1359 2000 1444 2027 non
1470 1986 1552 2027 vici

209 2046 363 2099 instar,
406 2046 478 2086 sed
519 2045 656 2095 urbis,
699 2046 813 2099 quod
854 2048 942 2097 erat
982 2045 1137 2086 Amani
1180 2046 1324 2099 caput,
1365 2044 1553 2099 itemque

210 2103 416 2158 Sepyram
455 2107 496 2145 et
535 2103 795 2145 Commorim
836 2104 988 2145 acriter
1026 2107 1067 2144 et
1106 2104 1176 2144 diu
1217 2103 1552 2157 repugnantibus

209 2162 439 2217 Pomptino
479 2163 595 2203 illam
632 2165 796 2217 partem
829 2162 983 2203 Amani
1020 2164 1188 2203 tenente
1220 2175 1270 2202 ex
1302 2162 1551 2203 antelucano

210 2224 400 2275 tempore
442 2235 573 2275 usque
613 2221 665 2261 ad
704 2221 852 2262 horam
894 2221 975 2261 diei
1017 2233 1046 2261 x
1087 2234 1240 2275 magna
1279 2220 1553 2262 multitudine

210 2279 400 2321 hostium
433 2280 569 2321 occisa
601 2279 787 2334 cepimus
825 2279 1077 2333 castellaque
1109 2278 1150 2319 vi
1192 2280 1313 2331 capta
1351 2279 1553 2333 conplura

1573 714 1605 737 10

1572 1005 1606 1031 15

1572 1299 1605 1324 20

1572 1883 1605 1908 30

1572 2173 1605 2198 35
