1659 2552
150 87 237 127 514
651 84 914 119 EPISTULAR
923 84 987 119 ΠΜ

149 181 273 235 Ν3111,
306 179 419 234 quod
444 180 496 220 ad
521 183 563 222 te
595 180 714 234 pueri
742 180 830 220 sine
862 179 1017 220 111-10110
1043 182 1261 233 venerunt,
1293 180 1493 234 quoniam

150 241 267 281 vides
299 253 384 280 non
410 239 539 280 fuisse
567 239 826 279 iracundiam
855 253 1034 292 causam,
1068 241 1178 279 certe
1211 239 1386 294 pigritia
1411 239 1494 280 fuit

152 302 193 340 et
225 298 429 353 quaedam
462 298 629 338 infinita
654 298 716 338 vis
750 298 1019 338 lacrimarum
1051 300 1092 338 01
1125 297 1329 338 dolorum.
1379 297 1495 339 Haec

154 359 244 412 ipsa
280 371 347 398 me
386 371 469 411 quo
507 357 607 397 fletu
650 359 773 410 putas
812 356 1056 410 scripsisse?
1118 356 1298 411 Eodem,
1337 371 1420 411 quo
1452 359 1494 397 te

151 417 291 472 legere
329 419 440 456 certe
478 416 574 456 scio.
637 415 706 455 An
745 429 823 470 ego
864 429 1036 469 possum
1075 418 1146 455 aut
1183 430 1268 456 non
1307 415 1493 471 cogitare

152 475 379 529 aliquando
418 474 467 514 de
505 477 545 515 10
579 476 651 514 3111
688 488 891 527 umquam
929 474 1018 514 sine
1058 473 1244 514 lacrimis
1276 474 1494 529 cogitare?

154 534 260 575 Cum
293 534 404 574 enim
436 536 477 573 te
510 533 712 587 desidero,
745 533 919 573 fratrem
952 532 1088 573 solum
1123 533 1344 574 desidero?
1400 533 1494 588 Ego

154 608 252 634 vero
286 593 491 633 suavitate
523 592 698 632 fratrem
735 606 867 645 prope
909 591 1143 645 aequalem,
1182 592 1385 645 obsequio
1417 591 1495 632 fili-

154 667 246 706 um,
288 651 463 692 consilio
500 653 729 704 parentem.
793 649 903 698 Quid
940 650 1045 690 mihi
1085 650 1172 690 sine
1210 653 1252 691 te
1294 665 1494 705 umquam

154 714 227 752 aut
259 710 338 750 tibi
377 709 465 750 sine
502 724 569 750 me
607 708 836 749 iucundum
869 709 980 749 fuit?
1042 708 1169 763 Quid,
1202 709 1315 763 quod
1347 709 1494 750 eodem

154 773 344 823 tempore
386 768 575 809 desidero
617 768 781 808 filiam?
823 782 904 821 qua
940 767 1116 822 pietate,
1159 782 1241 821 qua
1277 768 1494 821 modestia,

156 843 239 883 quo
273 827 460 883 ingenio!
494 826 680 882 effigiem
707 826 803 880 0110,
836 827 1052 881 sermonis,
1085 827 1213 867 animi
1247 827 1340 867 mei.
1385 802 1495 876 Quid

156 888 291 928 filium
317 886 662 927 venustissimum
693 860 882 939 mihique
910 885 1227 926 dulcissimum?
1266 900 1390 939 quem
1416 900 1495 941 ego

156 948 269 987 ferus
301 959 348 986 30
378 946 538 985 ferreus
571 960 592 985 e
625 944 845 998 complexu
879 944 1018 984 dimisi
1050 959 1165 998 meo,
1197 945 1495 999 sapientiorem

155 1019 345 1060 puerum,
378 1019 503 1059 quam
529 1003 698 1058 vellem,
731 1003 939 1044 sentiebat
966 1004 1077 1043 enim
1109 979 1236 1044 miser
1266 1003 1362 1058 iam,
1394 1003 1496 1057 quid

157 1066 362 1119 agernetui
434 1062 545 1111 Quid
587 1077 686 1103 velo
731 1065 851 1102 tuum
895 1062 1051 1116 filium,
1096 1062 1324 1117 imaginem
1366 1064 1496 1116 tuam,

158 1138 283 1177 quem
323 1136 441 1163 meus
480 1120 626 1162 Cicero
668 1124 708 1161 01
748 1120 917 1161 amabat
953 1123 1000 1161 ut
1038 1096 1211 1161 i'ratrem
1250 1124 1291 1162 01
1328 1121 1412 1161 13111
1449 1096 1496 1162 111

158 1182 361 1222 maiorem
405 1181 578 1221 fratrem
623 1180 879 1220 verebatur?
941 1178 1071 1233 Quid,
1122 1180 1234 1233 quod
1276 1180 1497 1221 mulierem

157 1240 454 1293 miserrimam,
492 1238 781 1279 fidelissimam
813 1238 1053 1293 coniugem,
1084 1253 1151 1279 me
1182 1239 1380 1292 prosequi
1411 1252 1497 1279 non

159 1314 252 1340 sum
283 1313 441 1353 passus,
473 1300 520 1338 ut
552 1300 670 1351 00001,
704 1311 809 1351 quae
840 1297 1040 1350 reliquias
1066 1297 1300 1337 communis
1332 1297 1497 1338 calami-

160 1359 271 1411 tatis,
304 1371 546 1397 communes
578 1356 734 1396 liberos
766 1356 984 1395 tueretur?
1029 1354 1109 1395 Sed
1141 1358 1293 1409 tamen,
1326 1369 1496 1409 quoquo

160 1417 286 1457 modo
318 1415 456 1469 potui,
498 1414 645 1468 scripsi
684 1417 725 1454 01
763 1414 856 1454 (10(11
894 1413 1058 1454 litteras
1090 1414 1142 1453 ad
1172 1416 1213 1454 10
1244 1413 1497 1469 Philogono,

159 1475 313 1515 liberto
352 1477 444 1527 tuo,
486 1487 588 1527 quas
626 1472 748 1513 credo
787 1472 866 1512 tibi
904 1475 1051 1526 postea
1088 1472 1271 1513 redditas
1309 1487 1414 1528 esse3
1453 1473 1497 1513 in

161 1534 314 1588 quibus
346 1532 457 1572 idem
483 1534 524 1572 10
555 1531 705 1572 hortor
736 1533 777 1571 et
808 1545 925 1586 rogo,
958 1531 1070 1584 quod
1101 1532 1220 1584 pueri
1252 1531 1332 1572 tibi
1357 1532 1498 1573 verbis

160 1593 264 1633 meis
295 1591 557 1644 nuntiarunt,
589 1593 635 1630 ut
660 1589 840 1630 Romam
872 1590 1066 1643 protinus
1098 1604 1248 1645 pergas
1277 1593 1318 1631 et
1349 1605 1497 1645 prope-

161 1666 236 1692 res.
270 1650 461 1691 Primum
486 1649 598 1689 enim
624 1651 665 1689 te
691 1648 900 1702 praesidio
928 1663 1015 1689 esse
1041 1648 1169 1702 volui,
1201 1649 1235 1689 si
1263 1649 1334 1703 qui
1360 1652 1498 1690 essent

162 1710 342 1763 inimici,
381 1722 561 1762 quorum
594 1707 818 1748 crudelitas
858 1707 1046 1748 nondum
1079 1710 1186 1748 esset
1217 1710 1362 1748 nostra
1394 1708 1498 1749 0313-

161 1769 309 1810 11111310
334 1768 501 1821 satiata3
534 1766 683 1807 deinde
709 1780 957 1821 congressus
988 1766 1122 1806 nostri
1153 1766 1498 1808 lamentationem

161 1827 379 1882 pertimui3
413 1826 647 1881 digressum
673 1839 772 1865 vero
805 1839 889 1865 non
921 1824 1112 1865 tulissem
1145 1828 1270 1879 atque
1296 1825 1423 1866 etiam
1454 1825 1499 1866 id

1516 725 1548 750 10

1516 1019 1550 1044 15

1517 1315 1550 1339 20

1517 1603 1550 1628 25

162 1887 318 1941 ipsum,
357 1885 470 1939 quod
507 1887 553 1924 tu
591 1883 756 1937 scribis,
788 1883 1046 1936 metuebam,
1084 1898 1135 1924 ne
1167 1899 1191 1924 a
1222 1898 1288 1924 me
1320 1883 1497 1925 distrahi
1517 1897 1551 1922 30

161 1960 247 1986 non
272 1959 425 1998 posses.
476 1942 555 1983 His
581 1942 630 1983 de
657 1942 791 1982 causis
822 1942 903 1983 hoc
927 1942 1159 1982 maximum
1184 1942 1354 1996 malum,
1386 1942 1499 1996 quod

162 2007 203 2045 te
235 2018 319 2044 non
351 2003 450 2056 vidi,
483 2016 565 2055 quo
597 2001 705 2041 nihil
741 2001 1040 2041 amantissimis
1072 2003 1121 2041 et.
1145 2001 1498 2041 coniunctissimis

163 2062 366 2103 fratribus
404 2061 611 2114 acerbius,
652 2059 846 2100 miserius
878 2059 1046 2099 videtur
1083 2059 1268 2100 accidere
1299 2059 1498 2114 potuisse,

163 2122 302 2162 minus
329 2119 537 2173 acm-,bum
569 2118 708 2159 minus
733 2118 934 2158 miserum
961 2118 1053 2171 fuit,
1079 2132 1205 2171 quam
1231 2117 1377 2158 fuisset
1403 2131 1498 2158 cum

118 2194 129 2219 :·
165 2179 404 2235 congressio
437 2181 527 2218 tum
560 2191 659 2217 vero
693 2176 896 2231 digressio
928 2179 1082 2216 nostra
1132 2175 1268 2230 Nunc,
1300 2176 1334 2216 si
1366 2179 1498 2231 potes,
1517 2188 1551 2214 35

164 2238 206 2278 id
239 2238 350 2292 quod
382 2251 479 2292 ego,
512 2236 583 2290 qui
616 2235 693 2275 tibi
728 2249 892 2288 semper
922 2235 1045 2275 fortis
1077 2234 1259 2288 videbar,
1290 2248 1375 2275 non
1406 2249 1499 2289 pos-

164 2311 273 2350 sum,
312 2296 425 2351 erige
458 2298 498 2336 te
531 2297 572 2335 et
605 2294 823 2347 confirma,
856 2293 890 2333 01
923 2307 1005 2347 qua
1037 2293 1251 2334 subeunda
1284 2292 1498 2334 dimicatio
