<?xml version="1.0" encoding="UTF-8"?>
<!DOCTYPE html PUBLIC "-//W3C//DTD XHTML 1.0 Transitional//EN"
    "http://www.w3.org/TR/xhtml1/DTD/xhtml1-transitional.dtd">
<html xmlns="http://www.w3.org/1999/xhtml" xml:lang="en" lang="en">
 <head>
  <title>
</title>
<meta http-equiv="Content-Type" content="text/html;charset=utf-8" />
  <meta name='ocr-system' content='tesseract 3.04.00' />
  <meta name='ocr-capabilities' content='ocr_page ocr_carea ocr_par ocr_line ocrx_word'/>
</head>
<body>
  <div class='ocr_page' id='page_1' title='image "./p1scriptaquaemanse03ciceuoft_0500.png"; bbox 0 0 1659 2552; ppageno 0'>
   <div class='ocr_carea' id='block_1_1' title="bbox 139 2205 152 2233">
    <p class='ocr_par' dir='ltr' id='par_1_1' title="bbox 139 2205 152 2233">
     <span class='ocr_line' id='line_1_1' title="bbox 139 2205 152 2233; baseline 0 0"><span class='ocrx_word' id='word_1_1' title='bbox 139 2205 152 2233; x_wconf 91' lang='lat'>1</span> 
     </span>
    </p>
   </div>
   <div class='ocr_carea' id='block_1_2' title="bbox 186 102 1018 144">
    <p class='ocr_par' dir='ltr' id='par_1_2' title="bbox 186 102 1018 144">
     <span class='ocr_line' id='line_1_2' title="bbox 186 102 1018 144; baseline -0.008 0"><span class='ocrx_word' id='word_1_2' title='bbox 186 102 271 144; x_wconf 84' lang='lat'>396</span> <span class='ocrx_word' id='word_1_3' title='bbox 679 103 1018 138; x_wconf 75' lang='lat' dir='ltr'>EPISTULARUM</span> 
     </span>
    </p>
   </div>
   <div class='ocr_carea' id='block_1_3' title="bbox 181 198 1564 724">
    <p class='ocr_par' dir='ltr' id='par_1_3' title="bbox 181 198 1564 724">
     <span class='ocr_line' id='line_1_3' title="bbox 182 198 1530 254; baseline 0.001 -15"><span class='ocrx_word' id='word_1_4' title='bbox 182 213 279 240; x_wconf 92' lang='lat' dir='ltr'>mur</span> <span class='ocrx_word' id='word_1_5' title='bbox 317 198 367 240; x_wconf 88' lang='lat' dir='ltr'>de</span> <span class='ocrx_word' id='word_1_6' title='bbox 404 213 453 240; x_wconf 88' lang='lat' dir='ltr'>ea</span> <span class='ocrx_word' id='word_1_7' title='bbox 491 199 725 239; x_wconf 86' lang='lat' dir='ltr'>hereditate</span> <span class='ocrx_word' id='word_1_8' title='bbox 767 199 1098 240; x_wconf 87' lang='lat' dir='ltr'>controversiam</span> <span class='ocrx_word' id='word_1_9' title='bbox 1137 213 1233 240; x_wconf 88' lang='lat' dir='ltr'>eum</span> <span class='ocrx_word' id='word_1_10' title='bbox 1270 198 1530 254; x_wconf 85' lang='lat' dir='ltr'>habiturum,</span> 
     </span>
     <span class='ocr_line' id='line_1_4' title="bbox 183 257 1530 312; baseline 0 -14"><span class='ocrx_word' id='word_1_11' title='bbox 183 260 225 299; x_wconf 90' lang='lat' dir='ltr'>et</span> <span class='ocrx_word' id='word_1_12' title='bbox 263 260 326 299; x_wconf 90' lang='lat' dir='ltr'>est</span> <span class='ocrx_word' id='word_1_13' title='bbox 362 258 489 299; x_wconf 88' lang='lat' dir='ltr'>hodie</span> <span class='ocrx_word' id='word_1_14' title='bbox 527 258 570 298; x_wconf 90' lang='lat' dir='ltr'>in</span> <span class='ocrx_word' id='word_1_15' title='bbox 608 258 749 311; x_wconf 77' lang='lat' dir='ltr'>bonis3</span> <span class='ocrx_word' id='word_1_16' title='bbox 791 257 880 312; x_wconf 85' lang='lat' dir='ltr'>sed,</span> <span class='ocrx_word' id='word_1_17' title='bbox 922 258 1123 312; x_wconf 89' lang='lat' dir='ltr'>quoniam</span> <span class='ocrx_word' id='word_1_18' title='bbox 1154 258 1282 299; x_wconf 87' lang='lat' dir='ltr'>habet</span> <span class='ocrx_word' id='word_1_19' title='bbox 1313 260 1530 312; x_wconf 85' lang='lat' dir='ltr'>praeterea</span> 
     </span>
     <span class='ocr_line' id='line_1_5' title="bbox 183 291 1529 372; baseline 0 -14"><span class='ocrx_word' id='word_1_20' title='bbox 183 316 356 372; x_wconf 90' lang='lat' dir='ltr'>negotia</span> <span class='ocrx_word' id='word_1_21' title='bbox 386 319 530 358; x_wconf 83' lang='lat' dir='ltr'>vetera</span> <span class='ocrx_word' id='word_1_22' title='bbox 562 317 605 357; x_wconf 87' lang='lat' dir='ltr'>in</span> <span class='ocrx_word' id='word_1_23' title='bbox 638 291 783 357; x_wconf 79' lang='lat' dir='ltr'>Sicilia</span> <span class='ocrx_word' id='word_1_24' title='bbox 814 330 900 371; x_wconf 80' lang='lat' dir='ltr'>sua,</span> <span class='ocrx_word' id='word_1_25' title='bbox 933 319 975 358; x_wconf 90' lang='lat' dir='ltr'>et</span> <span class='ocrx_word' id='word_1_26' title='bbox 1005 317 1115 358; x_wconf 85' lang='lat' dir='ltr'>hanc</span> <span class='ocrx_word' id='word_1_27' title='bbox 1144 316 1423 358; x_wconf 75' lang='lat' dir='ltr'>hereditatem</span> <span class='ocrx_word' id='word_1_28' title='bbox 1448 317 1529 358; x_wconf 81' lang='lat' dir='ltr'>fra-</span> 
     </span>
     <span class='ocr_line' id='line_1_6' title="bbox 181 375 1529 441; baseline 0 -25"><span class='ocrx_word' id='word_1_29' title='bbox 181 378 347 417; x_wconf 88' lang='lat' dir='ltr'>ternam</span> <span class='ocrx_word' id='word_1_30' title='bbox 392 378 434 417; x_wconf 87' lang='lat' dir='ltr'>et</span> <span class='ocrx_word' id='word_1_31' title='bbox 477 375 619 416; x_wconf 87' lang='lat' dir='ltr'>omnia</span> <span class='ocrx_word' id='word_1_32' title='bbox 663 375 752 416; x_wconf 90' lang='lat' dir='ltr'>eius</span> <span class='ocrx_word' id='word_1_33' title='bbox 796 375 876 416; x_wconf 90' lang='lat' dir='ltr'>tibi</span> <span class='ocrx_word' id='word_1_34' title='bbox 921 375 1169 417; x_wconf 89' lang='lat' dir='ltr'>commendo</span> <span class='ocrx_word' id='word_1_35' title='bbox 1213 375 1257 416; x_wconf 91' lang='lat' dir='ltr'>in</span> <span class='ocrx_word' id='word_1_36' title='bbox 1296 375 1529 441; x_wconf 84' lang='lat' dir='ltr'>primisque</span> 
     </span>
     <span class='ocr_line' id='line_1_7' title="bbox 182 433 1564 489; baseline 0 -15"><span class='ocrx_word' id='word_1_37' title='bbox 182 434 343 489; x_wconf 72' lang='lat' dir='ltr'>ipsum,</span> <span class='ocrx_word' id='word_1_38' title='bbox 384 434 523 475; x_wconf 84' lang='lat' dir='ltr'>virum</span> <span class='ocrx_word' id='word_1_39' title='bbox 565 434 775 488; x_wconf 84' lang='lat' dir='ltr'>optimum</span> <span class='ocrx_word' id='word_1_40' title='bbox 815 433 1006 488; x_wconf 89' lang='lat' dir='ltr'>mihique</span> <span class='ocrx_word' id='word_1_41' title='bbox 1044 434 1564 488; x_wconf 69' lang='grc'><strong>1311111131153111111111,1135</strong></span> 
     </span>
     <span class='ocr_line' id='line_1_8' title="bbox 183 493 1529 549; baseline 0.001 -16"><span class='ocrx_word' id='word_1_42' title='bbox 183 493 334 534; x_wconf 79' lang='lat' dir='ltr'>studiis</span> <span class='ocrx_word' id='word_1_43' title='bbox 365 493 606 534; x_wconf 52' lang='lat' dir='ltr'>litterarium</span> <span class='ocrx_word' id='word_1_44' title='bbox 639 493 939 547; x_wconf 89' lang='lat' dir='ltr'>doctrinaeque</span> <span class='ocrx_word' id='word_1_45' title='bbox 970 494 1227 548; x_wconf 84' lang='lat' dir='ltr'>praeditum,</span> <span class='ocrx_word' id='word_1_46' title='bbox 1263 493 1418 548; x_wconf 86' lang='lat' dir='ltr'>quibus</span> <span class='ocrx_word' id='word_1_47' title='bbox 1450 507 1529 549; x_wconf 88' lang='lat' dir='ltr'>ego</span> 
     </span>
     <span class='ocr_line' id='line_1_9' title="bbox 181 551 1530 607; baseline 0 -15"><span class='ocrx_word' id='word_1_48' title='bbox 181 552 365 593; x_wconf 79' lang='lat' dir='ltr'>maxime</span> <span class='ocrx_word' id='word_1_49' title='bbox 408 552 602 592; x_wconf 87' lang='lat' dir='ltr'>delector.</span> <span class='ocrx_word' id='word_1_50' title='bbox 664 551 769 593; x_wconf 90' lang='lat' dir='ltr'>Peto</span> <span class='ocrx_word' id='word_1_51' title='bbox 811 551 945 607; x_wconf 80' lang='lat' dir='ltr'>igitur</span> <span class='ocrx_word' id='word_1_52' title='bbox 985 567 1058 606; x_wconf 88' lang='lat' dir='ltr'>aps</span> <span class='ocrx_word' id='word_1_53' title='bbox 1096 555 1155 607; x_wconf 82' lang='lat' dir='ltr'>te,</span> <span class='ocrx_word' id='word_1_54' title='bbox 1199 554 1247 593; x_wconf 92' lang='lat' dir='ltr'>ut</span> <span class='ocrx_word' id='word_1_55' title='bbox 1285 566 1398 606; x_wconf 81' lang='lat' dir='ltr'>eum,</span> <span class='ocrx_word' id='word_1_56' title='bbox 1442 551 1530 592; x_wconf 85' lang='lat' dir='ltr'>sive</span> 
     </span>
     <span class='ocr_line' id='line_1_10' title="bbox 183 609 1530 666; baseline 0 -15"><span class='ocrx_word' id='word_1_57' title='bbox 183 611 319 652; x_wconf 87' lang='lat' dir='ltr'>aderit</span> <span class='ocrx_word' id='word_1_58' title='bbox 359 611 446 651; x_wconf 88' lang='lat' dir='ltr'>sive</span> <span class='ocrx_word' id='word_1_59' title='bbox 487 624 573 651; x_wconf 90' lang='lat' dir='ltr'>non</span> <span class='ocrx_word' id='word_1_60' title='bbox 611 611 775 651; x_wconf 85' lang='lat' dir='ltr'>venerit</span> <span class='ocrx_word' id='word_1_61' title='bbox 815 611 859 651; x_wconf 92' lang='lat' dir='ltr'>in</span> <span class='ocrx_word' id='word_1_62' title='bbox 898 609 1104 666; x_wconf 85' lang='lat' dir='ltr'>Siciliam,</span> <span class='ocrx_word' id='word_1_63' title='bbox 1143 611 1186 651; x_wconf 90' lang='lat' dir='ltr'>in</span> <span class='ocrx_word' id='word_1_64' title='bbox 1223 611 1329 652; x_wconf 88' lang='lat' dir='ltr'>meis</span> <span class='ocrx_word' id='word_1_65' title='bbox 1367 610 1530 651; x_wconf 89' lang='lat' dir='ltr'>intimis</span> 
     </span>
     <span class='ocr_line' id='line_1_11' title="bbox 182 669 1529 724; baseline 0 -14"><span class='ocrx_word' id='word_1_66' title='bbox 182 670 450 723; x_wconf 81' lang='lat' dir='ltr'>maximeque</span> <span class='ocrx_word' id='word_1_67' title='bbox 481 669 727 710; x_wconf 88' lang='lat' dir='ltr'>necessariis</span> <span class='ocrx_word' id='word_1_68' title='bbox 759 669 866 710; x_wconf 86' lang='lat' dir='ltr'>scias</span> <span class='ocrx_word' id='word_1_69' title='bbox 897 684 985 711; x_wconf 90' lang='lat' dir='ltr'>esse</span> <span class='ocrx_word' id='word_1_70' title='bbox 1016 670 1160 724; x_wconf 90' lang='lat' dir='ltr'>itaque</span> <span class='ocrx_word' id='word_1_71' title='bbox 1191 672 1358 723; x_wconf 84' lang='lat' dir='ltr'>tractes,</span> <span class='ocrx_word' id='word_1_72' title='bbox 1389 672 1437 710; x_wconf 94' lang='lat' dir='ltr'>ut</span> <span class='ocrx_word' id='word_1_73' title='bbox 1469 669 1529 710; x_wconf 90' lang='lat' dir='ltr'>in-</span> 
     </span>
    </p>
   </div>
   <div class='ocr_carea' id='block_1_4' title="bbox 182 714 1643 785">
    <p class='ocr_par' dir='ltr' id='par_1_4' title="bbox 182 714 1643 785">
     <span class='ocr_line' id='line_1_12' title="bbox 182 714 1643 785; baseline 0 -16"><span class='ocrx_word' id='word_1_74' title='bbox 182 729 358 784; x_wconf 85' lang='lat' dir='ltr'>tellegat</span> <span class='ocrx_word' id='word_1_75' title='bbox 382 743 520 769; x_wconf 87' lang='lat' dir='ltr'>meam</span> <span class='ocrx_word' id='word_1_76' title='bbox 546 728 628 769; x_wconf 91' lang='lat' dir='ltr'>sibi</span> <span class='ocrx_word' id='word_1_77' title='bbox 655 728 1066 770; x_wconf 78' lang='lat' dir='ltr'>commendationem</span> <span class='ocrx_word' id='word_1_78' title='bbox 1096 743 1252 785; x_wconf 88' lang='lat' dir='ltr'>magno</span> <span class='ocrx_word' id='word_1_79' title='bbox 1285 728 1528 770; x_wconf 84' lang='lat' dir='ltr'>adiumento</span> <span class='ocrx_word' id='word_1_80' title='bbox 1551 740 1583 766; x_wconf 84' lang='grc' dir='ltr'>ιο</span> <span class='ocrx_word' id='word_1_81' title='bbox 1641 714 1643 739; x_wconf 68' lang='lat'>³</span> 
     </span>
    </p>
   </div>
   <div class='ocr_carea' id='block_1_5' title="bbox 183 788 1582 1194">
    <p class='ocr_par' dir='ltr' id='par_1_5' title="bbox 183 788 1582 1194">
     <span class='ocr_line' id='line_1_13' title="bbox 183 788 324 828; baseline 0 0"><span class='ocrx_word' id='word_1_82' title='bbox 183 788 324 828; x_wconf 87' lang='lat' dir='ltr'>fuisse.</span> 
     </span>
     <span class='ocr_line' id='line_1_14' title="bbox 778 891 932 934; baseline 0 0"><span class='ocrx_word' id='word_1_83' title='bbox 778 891 932 934; x_wconf 87' lang='lat' dir='ltr'>XXXI.</span> 
     </span>
     <span class='ocr_line' id='line_1_15' title="bbox 467 972 1246 1017; baseline 0 -9"><span class='ocrx_word' id='word_1_84' title='bbox 467 972 542 1008; x_wconf 76' lang='lat' dir='ltr'>Ser.</span> <span class='ocrx_word' id='word_1_85' title='bbox 569 973 717 1016; x_wconf 75' lang='lat' dir='ltr'>Romae,</span> <span class='ocrx_word' id='word_1_86' title='bbox 743 978 784 1008; x_wconf 73' lang='lat' dir='ltr'>ut</span> <span class='ocrx_word' id='word_1_87' title='bbox 808 975 960 1017; x_wconf 69' lang='lat' dir='ltr'>videtur,</span> <span class='ocrx_word' id='word_1_88' title='bbox 989 986 1022 1008; x_wconf 90' lang='grc' dir='ltr'>α.</span> <span class='ocrx_word' id='word_1_89' title='bbox 1055 976 1128 1009; x_wconf 79' lang='lat'>708</span> <span class='ocrx_word' id='word_1_90' title='bbox 1156 976 1246 1017; x_wconf 75' lang='lat'><em>(46).</em></span> 
     </span>
     <span class='ocr_line' id='line_1_16' title="bbox 487 1054 1229 1091; baseline 0.001 -2"><span class='ocrx_word' id='word_1_91' title='bbox 487 1054 657 1090; x_wconf 85' lang='lat' dir='ltr'>CICERO</span> <span class='ocrx_word' id='word_1_92' title='bbox 684 1054 842 1090; x_wconf 92' lang='lat' dir='ltr'><strong>ACILIO</strong></span> <span class='ocrx_word' id='word_1_93' title='bbox 868 1055 1170 1090; x_wconf 83' lang='lat' dir='ltr'>PROCONSULI</span> <span class='ocrx_word' id='word_1_94' title='bbox 1196 1055 1229 1091; x_wconf 87' lang='lat' dir='ltr'>S.</span> 
     </span>
     <span class='ocr_line' id='line_1_17' title="bbox 275 1137 1582 1194; baseline -0.002 -14"><span class='ocrx_word' id='word_1_95' title='bbox 275 1137 317 1180; x_wconf 84' lang='lat' dir='ltr'>C.</span> <span class='ocrx_word' id='word_1_96' title='bbox 350 1138 511 1194; x_wconf 74' lang='lat' dir='ltr'>Flavio,</span> <span class='ocrx_word' id='word_1_97' title='bbox 542 1139 721 1180; x_wconf 91' lang='lat' dir='ltr'>honesto</span> <span class='ocrx_word' id='word_1_98' title='bbox 755 1142 796 1180; x_wconf 93' lang='lat' dir='ltr'>et</span> <span class='ocrx_word' id='word_1_99' title='bbox 829 1142 978 1180; x_wconf 86' lang='lat' dir='ltr'>ornato</span> <span class='ocrx_word' id='word_1_100' title='bbox 1011 1140 1151 1194; x_wconf 90' lang='lat' dir='ltr'>equite</span> <span class='ocrx_word' id='word_1_101' title='bbox 1184 1139 1245 1194; x_wconf 60' lang='lat' dir='ltr'>R„</span> <span class='ocrx_word' id='word_1_102' title='bbox 1280 1142 1379 1180; x_wconf 90' lang='lat' dir='ltr'>utor</span> <span class='ocrx_word' id='word_1_103' title='bbox 1408 1138 1528 1179; x_wconf 87' lang='lat' dir='ltr'>valde</span> <span class='ocrx_word' id='word_1_104' title='bbox 1549 1151 1582 1178; x_wconf 88' lang='lat'>15</span> 
     </span>
    </p>
   </div>
   <div class='ocr_carea' id='block_1_6' title="bbox 182 1198 1581 1546">
    <p class='ocr_par' dir='ltr' id='par_1_6' title="bbox 182 1198 1581 1546">
     <span class='ocr_line' id='line_1_18' title="bbox 184 1198 1529 1253; baseline 0.001 -15"><span class='ocrx_word' id='word_1_105' title='bbox 184 1198 470 1253; x_wconf 77' lang='lat' dir='ltr'>familiariter-3</span> <span class='ocrx_word' id='word_1_106' title='bbox 508 1198 591 1239; x_wconf 78' lang='lat' dir='ltr'>fuit</span> <span class='ocrx_word' id='word_1_107' title='bbox 629 1199 742 1239; x_wconf 87' lang='lat' dir='ltr'>enim</span> <span class='ocrx_word' id='word_1_108' title='bbox 773 1199 918 1253; x_wconf 84' lang='lat' dir='ltr'>generi</span> <span class='ocrx_word' id='word_1_109' title='bbox 950 1199 1051 1252; x_wconf 80' lang='lat' dir='ltr'>mei,</span> <span class='ocrx_word' id='word_1_110' title='bbox 1093 1198 1136 1239; x_wconf 87' lang='lat' dir='ltr'>C.</span> <span class='ocrx_word' id='word_1_111' title='bbox 1168 1198 1352 1252; x_wconf 80' lang='lat' dir='ltr'>Pisonis,</span> <span class='ocrx_word' id='word_1_112' title='bbox 1383 1212 1529 1252; x_wconf 89' lang='lat' dir='ltr'>perne-</span> 
     </span>
     <span class='ocr_line' id='line_1_19' title="bbox 185 1257 1529 1312; baseline -0.001 -15"><span class='ocrx_word' id='word_1_113' title='bbox 185 1257 409 1311; x_wconf 74' lang='lat' dir='ltr'>cessarius,</span> <span class='ocrx_word' id='word_1_114' title='bbox 450 1271 601 1311; x_wconf 89' lang='lat' dir='ltr'>meque</span> <span class='ocrx_word' id='word_1_115' title='bbox 644 1257 968 1312; x_wconf 78' lang='lat' dir='ltr'>diligentissime</span> <span class='ocrx_word' id='word_1_116' title='bbox 1010 1257 1236 1298; x_wconf 85' lang='lat' dir='ltr'>observant</span> <span class='ocrx_word' id='word_1_117' title='bbox 1277 1260 1318 1297; x_wconf 86' lang='lat' dir='ltr'>et</span> <span class='ocrx_word' id='word_1_118' title='bbox 1359 1257 1447 1310; x_wconf 89' lang='lat' dir='ltr'>ipse</span> <span class='ocrx_word' id='word_1_119' title='bbox 1488 1258 1529 1297; x_wconf 88' lang='lat' dir='ltr'>et</span> 
     </span>
     <span class='ocr_line' id='line_1_20' title="bbox 182 1314 1527 1370; baseline -0.001 -14"><span class='ocrx_word' id='word_1_120' title='bbox 182 1314 228 1356; x_wconf 90' lang='lat' dir='ltr'>L.</span> <span class='ocrx_word' id='word_1_121' title='bbox 255 1315 439 1369; x_wconf 82' lang='lat' dir='ltr'>Flavius,</span> <span class='ocrx_word' id='word_1_122' title='bbox 470 1316 602 1356; x_wconf 78' lang='lat' dir='ltr'>fra-ter</span> <span class='ocrx_word' id='word_1_123' title='bbox 633 1316 732 1356; x_wconf 92' lang='lat' dir='ltr'>eius.</span> <span class='ocrx_word' id='word_1_124' title='bbox 795 1315 1063 1370; x_wconf 82' lang='lat' dir='ltr'>Qua-propter</span> <span class='ocrx_word' id='word_1_125' title='bbox 1088 1315 1215 1356; x_wconf 84' lang='lat' dir='ltr'>velim</span> <span class='ocrx_word' id='word_1_126' title='bbox 1246 1315 1420 1356; x_wconf 87' lang='lat' dir='ltr'>honoris</span> <span class='ocrx_word' id='word_1_127' title='bbox 1445 1315 1527 1355; x_wconf 91' lang='lat' dir='ltr'>mei</span> 
     </span>
     <span class='ocr_line' id='line_1_21' title="bbox 185 1374 1528 1428; baseline -0.001 -14"><span class='ocrx_word' id='word_1_128' title='bbox 185 1388 326 1428; x_wconf 80' lang='lat' dir='ltr'>causa,</span> <span class='ocrx_word' id='word_1_129' title='bbox 360 1374 514 1428; x_wconf 87' lang='lat' dir='ltr'>quibus</span> <span class='ocrx_word' id='word_1_130' title='bbox 546 1374 672 1414; x_wconf 87' lang='lat' dir='ltr'>rebus</span> <span class='ocrx_word' id='word_1_131' title='bbox 703 1374 878 1415; x_wconf 84' lang='lat' dir='ltr'>honeste</span> <span class='ocrx_word' id='word_1_132' title='bbox 912 1377 953 1415; x_wconf 91' lang='lat' dir='ltr'>et</span> <span class='ocrx_word' id='word_1_133' title='bbox 984 1388 1061 1428; x_wconf 90' lang='lat' dir='ltr'>pro</span> <span class='ocrx_word' id='word_1_134' title='bbox 1093 1376 1167 1414; x_wconf 91' lang='lat' dir='ltr'>tua</span> <span class='ocrx_word' id='word_1_135' title='bbox 1199 1374 1405 1428; x_wconf 76' lang='lat' dir='ltr'>dignitate</span> <span class='ocrx_word' id='word_1_136' title='bbox 1436 1375 1528 1427; x_wconf 87' lang='lat' dir='ltr'>pot-</span> 
     </span>
     <span class='ocr_line' id='line_1_22' title="bbox 184 1432 1581 1486; baseline -0.001 -13"><span class='ocrx_word' id='word_1_137' title='bbox 184 1433 286 1486; x_wconf 87' lang='lat' dir='ltr'>eris,</span> <span class='ocrx_word' id='word_1_138' title='bbox 337 1447 463 1486; x_wconf 85' lang='lat' dir='ltr'>quam</span> <span class='ocrx_word' id='word_1_139' title='bbox 510 1432 938 1473; x_wconf 85' lang='lat' dir='ltr'>honorificentissime</span> <span class='ocrx_word' id='word_1_140' title='bbox 979 1435 1020 1473; x_wconf 91' lang='lat' dir='ltr'>et</span> <span class='ocrx_word' id='word_1_141' title='bbox 1061 1447 1188 1486; x_wconf 86' lang='lat' dir='ltr'>quam</span> <span class='ocrx_word' id='word_1_142' title='bbox 1233 1432 1527 1473; x_wconf 83' lang='lat' dir='ltr'>liberalissime</span> <span class='ocrx_word' id='word_1_143' title='bbox 1548 1444 1581 1469; x_wconf 63' lang='lat'>*20</span> 
     </span>
     <span class='ocr_line' id='line_1_23' title="bbox 185 1489 1528 1546; baseline 0 -15"><span class='ocrx_word' id='word_1_144' title='bbox 185 1490 228 1531; x_wconf 85' lang='lat' dir='ltr'>C.</span> <span class='ocrx_word' id='word_1_145' title='bbox 261 1490 456 1531; x_wconf 82' lang='lat' dir='ltr'>Flavium</span> <span class='ocrx_word' id='word_1_146' title='bbox 487 1493 652 1531; x_wconf 84' lang='lat' dir='ltr'>tractes.</span> <span class='ocrx_word' id='word_1_147' title='bbox 714 1489 763 1531; x_wconf 90' lang='lat' dir='ltr'>Id</span> <span class='ocrx_word' id='word_1_148' title='bbox 794 1491 900 1531; x_wconf 88' lang='lat' dir='ltr'>mihi</span> <span class='ocrx_word' id='word_1_149' title='bbox 933 1491 993 1531; x_wconf 88' lang='lat' dir='ltr'>sic</span> <span class='ocrx_word' id='word_1_150' title='bbox 1024 1491 1105 1531; x_wconf 73' lang='lat' dir='ltr'>erIt</span> <span class='ocrx_word' id='word_1_151' title='bbox 1135 1493 1325 1545; x_wconf 79' lang='lat' dir='ltr'>gratum,</span> <span class='ocrx_word' id='word_1_152' title='bbox 1358 1494 1404 1531; x_wconf 90' lang='lat' dir='ltr'>ut</span> <span class='ocrx_word' id='word_1_153' title='bbox 1435 1505 1528 1546; x_wconf 85' lang='lat' dir='ltr'>gra-</span> 
     </span>
    </p>
   </div>
   <div class='ocr_carea' id='block_1_7' title="bbox 137 1548 1528 1604">
    <p class='ocr_par' dir='ltr' id='par_1_7' title="bbox 137 1548 1528 1604">
     <span class='ocr_line' id='line_1_24' title="bbox 137 1548 1528 1604; baseline -0.001 -13"><span class='ocrx_word' id='word_1_154' title='bbox 137 1562 155 1591; x_wconf 69' lang='lat'>2</span> <span class='ocrx_word' id='word_1_155' title='bbox 183 1550 268 1590; x_wconf 93' lang='lat' dir='ltr'>tius</span> <span class='ocrx_word' id='word_1_156' title='bbox 301 1564 388 1591; x_wconf 87' lang='lat' dir='ltr'>esse</span> <span class='ocrx_word' id='word_1_157' title='bbox 420 1549 529 1590; x_wconf 84' lang='lat' dir='ltr'>nihil</span> <span class='ocrx_word' id='word_1_158' title='bbox 560 1550 706 1604; x_wconf 84' lang='lat' dir='ltr'>possit.</span> <span class='ocrx_word' id='word_1_159' title='bbox 769 1548 852 1590; x_wconf 86' lang='lat' dir='ltr'>Sed</span> <span class='ocrx_word' id='word_1_160' title='bbox 881 1552 1099 1604; x_wconf 86' lang='lat' dir='ltr'>praeterea</span> <span class='ocrx_word' id='word_1_161' title='bbox 1124 1550 1204 1590; x_wconf 91' lang='lat' dir='ltr'>tibi</span> <span class='ocrx_word' id='word_1_162' title='bbox 1231 1549 1408 1591; x_wconf 86' lang='lat' dir='ltr'>adfirmo</span> <span class='ocrx_word' id='word_1_163' title='bbox 1440 1548 1528 1604; x_wconf 86' lang='lat' dir='ltr'>(ne-</span> 
     </span>
    </p>
   </div>
   <div class='ocr_carea' id='block_1_8' title="bbox 182 1608 1580 1840">
    <p class='ocr_par' dir='ltr' id='par_1_8' title="bbox 182 1608 1580 1840">
     <span class='ocr_line' id='line_1_25' title="bbox 184 1608 1528 1662; baseline 0 -14"><span class='ocrx_word' id='word_1_164' title='bbox 184 1623 264 1662; x_wconf 88' lang='lat' dir='ltr'>que</span> <span class='ocrx_word' id='word_1_165' title='bbox 297 1608 339 1648; x_wconf 88' lang='lat' dir='ltr'>id</span> <span class='ocrx_word' id='word_1_166' title='bbox 371 1608 604 1649; x_wconf 85' lang='lat' dir='ltr'>ambitione</span> <span class='ocrx_word' id='word_1_167' title='bbox 631 1608 835 1649; x_wconf 85' lang='lat' dir='ltr'>adductus</span> <span class='ocrx_word' id='word_1_168' title='bbox 861 1609 982 1662; x_wconf 79' lang='lat' dir='ltr'>facio,</span> <span class='ocrx_word' id='word_1_169' title='bbox 1015 1608 1087 1649; x_wconf 86' lang='lat' dir='ltr'>sed</span> <span class='ocrx_word' id='word_1_170' title='bbox 1113 1622 1208 1649; x_wconf 87' lang='lat' dir='ltr'>cum</span> <span class='ocrx_word' id='word_1_171' title='bbox 1240 1608 1528 1649; x_wconf 84' lang='lat' dir='ltr'>familiaritate</span> 
     </span>
     <span class='ocr_line' id='line_1_26' title="bbox 183 1666 1527 1721; baseline -0.001 -14"><span class='ocrx_word' id='word_1_172' title='bbox 183 1670 223 1707; x_wconf 88' lang='lat' dir='ltr'>et</span> <span class='ocrx_word' id='word_1_173' title='bbox 265 1666 574 1707; x_wconf 78' lang='lat' dir='ltr'>necessitudine</span> <span class='ocrx_word' id='word_1_174' title='bbox 615 1670 707 1708; x_wconf 93' lang='lat' dir='ltr'>tum</span> <span class='ocrx_word' id='word_1_175' title='bbox 748 1667 876 1708; x_wconf 88' lang='lat' dir='ltr'>etiam</span> <span class='ocrx_word' id='word_1_176' title='bbox 918 1666 1114 1721; x_wconf 77' lang='lat' dir='ltr'>veritate)</span> <span class='ocrx_word' id='word_1_177' title='bbox 1156 1670 1197 1708; x_wconf 89' lang='lat' dir='ltr'>te</span> <span class='ocrx_word' id='word_1_178' title='bbox 1239 1682 1291 1708; x_wconf 81' lang='lat' dir='ltr'>ex</span> <span class='ocrx_word' id='word_1_179' title='bbox 1332 1666 1375 1707; x_wconf 88' lang='lat' dir='ltr'>C.</span> <span class='ocrx_word' id='word_1_180' title='bbox 1408 1666 1527 1707; x_wconf 82' lang='lat' dir='ltr'>Flavi</span> 
     </span>
     <span class='ocr_line' id='line_1_27' title="bbox 184 1725 1580 1780; baseline 0 -14"><span class='ocrx_word' id='word_1_181' title='bbox 184 1726 325 1766; x_wconf 78' lang='lat' dir='ltr'>officio</span> <span class='ocrx_word' id='word_1_182' title='bbox 376 1728 418 1766; x_wconf 92' lang='lat' dir='ltr'>et</span> <span class='ocrx_word' id='word_1_183' title='bbox 468 1725 736 1779; x_wconf 82' lang='lat' dir='ltr'>opservantia</span> <span class='ocrx_word' id='word_1_184' title='bbox 779 1728 820 1766; x_wconf 91' lang='lat' dir='ltr'>et</span> <span class='ocrx_word' id='word_1_185' title='bbox 869 1729 1085 1779; x_wconf 81' lang='lat' dir='ltr'>praeterea</span> <span class='ocrx_word' id='word_1_186' title='bbox 1131 1726 1351 1780; x_wconf 74' lang='lat' dir='ltr'>splendore</span> <span class='ocrx_word' id='word_1_187' title='bbox 1402 1728 1580 1779; x_wconf 69' lang='lat' dir='ltr'>atquezz»</span> 
     </span>
     <span class='ocr_line' id='line_1_28' title="bbox 182 1784 1528 1840; baseline 0 -15"><span class='ocrx_word' id='word_1_188' title='bbox 182 1784 294 1825; x_wconf 89' lang='lat' dir='ltr'>inter</span> <span class='ocrx_word' id='word_1_189' title='bbox 330 1798 428 1825; x_wconf 89' lang='lat' dir='ltr'>suos</span> <span class='ocrx_word' id='word_1_190' title='bbox 466 1784 605 1840; x_wconf 85' lang='lat' dir='ltr'>gratia</span> <span class='ocrx_word' id='word_1_191' title='bbox 641 1799 841 1840; x_wconf 84' lang='lat' dir='ltr'>magnam</span> <span class='ocrx_word' id='word_1_192' title='bbox 872 1785 1135 1838; x_wconf 80' lang='lat' dir='ltr'>voluptatem</span> <span class='ocrx_word' id='word_1_193' title='bbox 1174 1799 1262 1825; x_wconf 87' lang='lat' dir='ltr'>esse</span> <span class='ocrx_word' id='word_1_194' title='bbox 1295 1786 1528 1838; x_wconf 83' lang='lat' dir='ltr'>capturum.</span> 
     </span>
    </p>
   </div>
   <div class='ocr_carea' id='block_1_9' title="bbox 181 1841 1580 2147">
    <p class='ocr_par' dir='ltr' id='par_1_9' title="bbox 181 1841 1580 2147">
     <span class='ocr_line' id='line_1_29' title="bbox 181 1841 301 1884; baseline 0.017 -2"><span class='ocrx_word' id='word_1_195' title='bbox 181 1841 301 1884; x_wconf 83' lang='lat' dir='ltr'>Vale.</span> 
     </span>
     <span class='ocr_line' id='line_1_30' title="bbox 765 1946 940 1989; baseline -0.006 0"><span class='ocrx_word' id='word_1_196' title='bbox 765 1946 940 1989; x_wconf 82' lang='lat' dir='ltr'>XXXII.</span> 
     </span>
     <span class='ocr_line' id='line_1_31' title="bbox 467 2022 1245 2072; baseline -0.003 -8"><span class='ocrx_word' id='word_1_197' title='bbox 467 2028 541 2064; x_wconf 78' lang='lat' dir='ltr'>Ser.</span> <span class='ocrx_word' id='word_1_198' title='bbox 569 2028 722 2071; x_wconf 80' lang='lat' dir='ltr'>Romae,</span> <span class='ocrx_word' id='word_1_199' title='bbox 751 2033 789 2062; x_wconf 76' lang='lat' dir='ltr'>ut</span> <span class='ocrx_word' id='word_1_200' title='bbox 816 2029 966 2071; x_wconf 67' lang='lat' dir='ltr'>ridetur,</span> <span class='ocrx_word' id='word_1_201' title='bbox 992 2040 1024 2062; x_wconf 85' lang='grc' dir='ltr'>α.</span> <span class='ocrx_word' id='word_1_202' title='bbox 1055 2022 1133 2062; x_wconf 80' lang='lat'><em>708&#39;</em></span> <span class='ocrx_word' id='word_1_203' title='bbox 1155 2030 1245 2072; x_wconf 74' lang='lat'><em>(46).</em></span> 
     </span>
     <span class='ocr_line' id='line_1_32' title="bbox 484 2108 1580 2147; baseline 0.003 -3"><span class='ocrx_word' id='word_1_204' title='bbox 484 2108 653 2144; x_wconf 88' lang='lat' dir='ltr'>CICERO</span> <span class='ocrx_word' id='word_1_205' title='bbox 680 2108 839 2144; x_wconf 86' lang='lat' dir='ltr'>ACILIO</span> <span class='ocrx_word' id='word_1_206' title='bbox 867 2108 1167 2144; x_wconf 75' lang='lat' dir='ltr'>PROCONSULI</span> <span class='ocrx_word' id='word_1_207' title='bbox 1194 2109 1226 2144; x_wconf 90' lang='lat' dir='ltr'>S.</span> <span class='ocrx_word' id='word_1_208' title='bbox 1546 2121 1580 2147; x_wconf 78' lang='grc'>30</span> 
     </span>
    </p>
   </div>
   <div class='ocr_carea' id='block_1_10' title="bbox 183 2191 1559 2366">
    <p class='ocr_par' dir='ltr' id='par_1_10' title="bbox 183 2191 1559 2366">
     <span class='ocr_line' id='line_1_33' title="bbox 272 2191 1527 2247; baseline -0.002 -13"><span class='ocrx_word' id='word_1_209' title='bbox 272 2192 321 2234; x_wconf 91' lang='lat' dir='ltr'>In</span> <span class='ocrx_word' id='word_1_210' title='bbox 347 2193 575 2234; x_wconf 80' lang='lat' dir='ltr'>Halaesina</span> <span class='ocrx_word' id='word_1_211' title='bbox 601 2193 771 2234; x_wconf 86' lang='lat' dir='ltr'>civitate</span> <span class='ocrx_word' id='word_1_212' title='bbox 803 2195 891 2233; x_wconf 90' lang='lat' dir='ltr'>tam</span> <span class='ocrx_word' id='word_1_213' title='bbox 917 2193 1033 2233; x_wconf 88' lang='lat' dir='ltr'>lauta</span> <span class='ocrx_word' id='word_1_214' title='bbox 1063 2195 1234 2247; x_wconf 86' lang='lat' dir='ltr'>tamque</span> <span class='ocrx_word' id='word_1_215' title='bbox 1264 2191 1399 2232; x_wconf 89' lang='lat' dir='ltr'>nobili</span> <span class='ocrx_word' id='word_1_216' title='bbox 1432 2205 1527 2233; x_wconf 90' lang='lat' dir='ltr'>con-</span> 
     </span>
     <span class='ocr_line' id='line_1_34' title="bbox 183 2249 1559 2305; baseline -0.001 -14"><span class='ocrx_word' id='word_1_217' title='bbox 183 2252 471 2293; x_wconf 75' lang='lat' dir='ltr'>iunctissimos</span> <span class='ocrx_word' id='word_1_218' title='bbox 507 2252 644 2293; x_wconf 88' lang='lat' dir='ltr'>habeo</span> <span class='ocrx_word' id='word_1_219' title='bbox 683 2254 724 2292; x_wconf 86' lang='lat' dir='ltr'>et</span> <span class='ocrx_word' id='word_1_220' title='bbox 760 2251 949 2305; x_wconf 91' lang='lat' dir='ltr'>hospitio</span> <span class='ocrx_word' id='word_1_221' title='bbox 988 2255 1030 2292; x_wconf 91' lang='lat' dir='ltr'>et</span> <span class='ocrx_word' id='word_1_222' title='bbox 1066 2249 1353 2292; x_wconf 82' lang='lat' dir='ltr'>familiaritate</span> <span class='ocrx_word' id='word_1_223' title='bbox 1389 2249 1446 2291; x_wconf 90' lang='lat' dir='ltr'>M.</span> <span class='ocrx_word' id='word_1_224' title='bbox 1484 2252 1527 2291; x_wconf 89' lang='lat' dir='ltr'>et</span> <span class='ocrx_word' id='word_1_225' title='bbox 1556 2283 1559 2286; x_wconf 93' lang='lat'>.</span> 
     </span>
     <span class='ocr_line' id='line_1_35' title="bbox 185 2308 1526 2366; baseline -0.001 -15"><span class='ocrx_word' id='word_1_226' title='bbox 185 2311 226 2350; x_wconf 73' lang='lat' dir='ltr'>C.</span> <span class='ocrx_word' id='word_1_227' title='bbox 250 2309 422 2351; x_wconf 85' lang='lat' dir='ltr'>Clodios</span> <span class='ocrx_word' id='word_1_228' title='bbox 443 2310 764 2366; x_wconf 84' lang='lat' dir='ltr'>Archagathum</span> <span class='ocrx_word' id='word_1_229' title='bbox 797 2313 838 2350; x_wconf 90' lang='lat' dir='ltr'>et</span> <span class='ocrx_word' id='word_1_230' title='bbox 869 2309 1104 2351; x_wconf 91' lang='lat' dir='ltr'>Philonem.</span> <span class='ocrx_word' id='word_1_231' title='bbox 1161 2308 1242 2350; x_wconf 86' lang='lat' dir='ltr'>Sed</span> <span class='ocrx_word' id='word_1_232' title='bbox 1274 2323 1430 2364; x_wconf 74' lang='lat' dir='ltr'>vereor,</span> <span class='ocrx_word' id='word_1_233' title='bbox 1462 2322 1526 2363; x_wconf 86' lang='lat' dir='ltr'>ne,</span> 
     </span>
    </p>
   </div>
   <div class='ocr_carea' id='block_1_11' title="bbox 1612 193 1620 346">
    <p class='ocr_par' dir='ltr' id='par_1_11' title="bbox 1612 193 1620 346">
     <span class='ocr_line' id='line_1_36' title="bbox 1612 193 1620 346; baseline 0 2206"><span class='ocrx_word' id='word_1_234' title='bbox 1612 193 1620 346; x_wconf 95' lang='lat' dir='ltr'> </span> 
     </span>
    </p>
   </div>
   <div class='ocr_carea' id='block_1_12' title="bbox 1633 2207 1638 2253">
    <p class='ocr_par' dir='ltr' id='par_1_12' title="bbox 1633 2207 1638 2253">
     <span class='ocr_line' id='line_1_37' title="bbox 1633 2207 1638 2253; baseline 0 0"><span class='ocrx_word' id='word_1_235' title='bbox 1633 2207 1638 2253; x_wconf 68' lang='grc' dir='ltr'>ὅ</span> 
     </span>
    </p>
   </div>
  </div>
 </body>
</html>
