1659 2552
0 860 2 865 .
62 840 74 863 1
79 839 94 863 0

63 1190 95 1214 15

63 1482 96 1507 20

605 86 748 121 LIBER
774 87 823 121 XI
849 90 950 122 4—6.
1362 87 1445 129 307

111 182 270 236 scripsi,
301 196 387 223 non
412 185 507 224 utar
533 198 581 224 ea
605 182 800 236 pluribus
825 182 976 236 verbis,
1008 183 1159 223 faciam
1185 183 1301 237 illud,
1334 183 1447 237 quod

109 255 251 282 meum
289 244 368 296 est,
407 244 453 282 ut
491 242 571 282 tibi
610 241 751 282 omnia
787 256 880 282 mea
918 241 1076 295 officia,
1119 242 1273 295 studia,
1316 256 1446 296 curas,

111 299 390 355 cogitationes
426 300 643 354 pollicear,
688 314 793 353 quae
831 300 883 340 ad
922 302 1039 340 tuam
1077 299 1242 340 laudem
1281 303 1321 340 et
1358 301 1446 355 glo-

111 358 218 398 riam
255 358 538 412 pertinebunt.
601 358 735 407 Quam
774 358 827 399 ob
866 372 954 399 rem
986 358 1112 399 velim
1149 358 1229 399 tibi
1267 358 1326 398 ita
1357 374 1447 412 per-

113 416 296 470 suadeas,
328 431 394 457 me
427 431 522 458 cum
554 417 612 457 rei
645 432 682 471 p.
711 431 848 469 causa,
882 431 986 470 quae
1012 416 1117 457 mihi
1143 417 1231 457 vita
1261 431 1353 457 mea
1385 420 1447 456 est

113 475 263 528 carior,
295 478 386 516 tum
413 476 526 530 quod
551 475 630 516 tibi
664 475 744 529 ipsi
776 475 937 515 faveam
969 478 1169 529 tuamque
1197 475 1447 530 dignitatem

112 534 360 587 amplificari
386 534 530 587 velim,
564 534 667 588 [me]
700 534 784 575 tuis
817 534 988 588 optimis
1015 534 1220 588 consiliis,
1253 533 1448 587 amplitu-

113 592 220 646 dini,
251 592 411 648 gloriae
443 593 560 633 nullo
592 593 686 633 1000
720 592 973 633 defuturum.

747 742 818 783 VI.

369 823 442 858 Scr.
470 823 605 858 Romae
637 836 669 858 α.
698 827 768 858 710
796 825 871 866 (44)
896 822 1018 856 'XIII
1039 821 1086 856 K.
1113 822 1195 856 Ian.

253 905 302 940 M.
329 904 496 939 CICERO
524 905 557 940 S
584 904 625 939 D.
652 904 694 939 D.
721 903 880 938 BRUTO
913 903 1007 938 IMP.
1035 902 1130 938 COS.
1157 902 1306 937 DESIG.

201 999 345 1055 Lupus
381 1003 525 1041 noster
568 1014 662 1041 eum
699 999 879 1040 Romam
918 1002 1036 1039 sexto
1076 998 1141 1039 die
1178 997 1344 1039 Mutina
1381 1012 1447 1039 ve·
1477 1011 1491 1040 1

114 1059 261 1113 nisset,
292 1059 496 1113 postridie
522 1073 588 1099 me
613 1073 734 1098 mane
767 1058 980 1111 convenit,
1011 1060 1083 1097 tua
1114 1057 1219 1097 mihi
1250 1056 1448 1097 mandata

116 1118 436 1173 diligentissime
468 1117 663 1172 exposuit
688 1120 729 1157 et
753 1117 916 1157 litteras
947 1115 1140 1156 reddidit.
1197 1115 1318 1164 Quod
1342 1115 1447 1156 mihi

114 1180 231 1217 tuam
263 1176 514 1232 dignitatem
545 1175 822 1228 commendas,
854 1175 999 1215 eodem
1031 1177 1219 1228 tempore
1252 1174 1447 1214 existimo

114 1238 156 1276 te
192 1235 298 1275 mihi
335 1249 471 1275 meam
509 1234 760 1290 dignitatem
792 1233 1100 1285 commendare,
1132 1247 1257 1286 quam
1288 1232 1449 1272 meher-

115 1294 206 1334 cule
237 1308 322 1334 non
352 1293 488 1334 habeo
513 1296 587 1334 tua
613 1293 826 1333 cariorem.
868 1291 1004 1340 Quare
1029 1291 1135 1331 mihi
1160 1291 1449 1346 gratissimum

115 1352 258 1406 facies,
296 1352 331 1392 si
363 1352 628 1406 exploratum
658 1351 833 1391 habebis
865 1351 949 1390 tuis
980 1350 1176 1389 laudibus
1206 1349 1323 1389 nullo
1355 1349 1448 1389 1000

114 1425 191 1452 1100
221 1410 445 1451 consilium
475 1424 552 1450 1100
583 1409 770 1450 studium
801 1423 941 1449 meum
974 1408 1226 1448 defuturum.

205 1468 311 1510 Cum
351 1469 513 1509 tribuni
552 1468 607 1522 pl.
649 1468 896 1521 edixissent,
937 1470 1104 1507 senatus
1144 1466 1306 1506 adesset
1345 1480 1378 1506 a.
1413 1465 1448 1505 d.
1475 1477 1495 1507 2

115 1539 199 1568 XIII
230 1527 280 1568 K.
311 1525 414 1581 Ian,
451 1527 738 1580 haberentque
775 1526 820 1566 in
860 1526 999 1566 animo
1033 1525 1081 1565 de
1112 1524 1321 1578 praesidio
1355 1538 1449 1564 con-

116 1586 255 1626 sulum
293 1585 608 1641 designatorum
639 1585 811 1639 referre,
853 1598 1108 1637 quamquam
1145 1586 1374 1623 statueram
1406 1583 1450 1622 in

116 1646 309 1684 senatum
339 1647 435 1684 ante
466 1643 516 1684 K.
548 1642 634 1684 Ian.
666 1657 751 1684 non
782 1643 941 1696 venire,
979 1646 1137 1695 tamen,
1176 1656 1270 1681 cum
1303 1655 1350 1681 eo
1384 1641 1450 1680 die

116 1703 208 1756 ipso
246 1702 430 1742 edictum
465 1704 587 1742 tuum
623 1701 889 1755 propositum
921 1704 1044 1753 esset,
1081 1700 1198 1739 nefas
1230 1714 1317 1739 esse
1350 1699 1450 1739 duxi

65 1774 97 1798 25
118 1764 190 1801 aut
227 1760 287 1800 ita
322 1760 469 1800 haberi
507 1762 714 1813 senatum,
755 1762 802 1799 ut
835 1759 884 1799 de
915 1759 999 1798 tuis
1033 1758 1185 1798 divinis
1216 1758 1260 1797 in
1292 1771 1380 1797 lem
1411 1772 1449 1809 p.

67 2064 100 2089 30

117 1819 280 1859 meritis
317 1818 511 1859 sileretur
548 1816 681 1882 (quod
717 1817 874 1857 factum
912 1819 1038 1869 esset,
1082 1816 1164 1855 11151
1201 1829 1279 1870 ego
1318 1815 1452 1855 venis-

118 1875 242 1932 sem),
281 1879 353 1917 aut
390 1876 536 1929 etiam,
580 1876 614 1916 si
652 1875 755 1929 quid
791 1875 840 1915 de
877 1878 918 1915 te
959 1849 1188 1914 honorifice
1233 1873 1451 1925 diceretur,

116 1950 184 1976 me
214 1949 300 1976 non
331 1935 482 1975 adesse.
543 1933 691 1987 Itaque
723 1934 766 1973 in
798 1936 989 1973 senatum
1020 1932 1115 1972 veni
1146 1945 1277 1971 mane.
1329 1906 1451 1979 Quod'
1477 1942 1497 1972 3

119 2008 213 2035 cum
245 1997 351 2034 esset
380 1993 732 2044 animadversum,
763 1991 1093 2045 frequentissimi
1119 1992 1331 2030 senatores
1357 2003 1452 2029 con-

119 2055 333 2093 venerunt.
395 2051 509 2100 Quae
542 2051 590 2091 de
621 2053 662 2090 te
695 2051 738 2090 in
770 2052 916 2090 senatu
948 2049 1124 2104 egerim,
1157 2062 1262 2101 quae
1287 2047 1331 2087 in
1358 2061 1452 2087 0011-

119 2111 234 2152 tione
274 2110 457 2151 maxima
498 2109 692 2161 dixerim,
737 2108 916 2148 aliorum
959 2110 1000 2147 te
1041 2107 1195 2147 litteris
1235 2105 1346 2146 malo
1389 2119 1453 2145 co-

119 2183 337 2224 gnoscer3e
368 2168 474 2208 illud
504 2167 584 2207 tibi
614 2166 863 2220 persuadeas
894 2165 1032 2217 velim,
1063 2179 1130 2205 me
1163 2164 1315 2217 omnia,
1348 2178 1454 2217 quae

120 2227 173 2268 ad
202 2230 319 2268 tuam
357 2227 606 2282 dignitatem
644 2225 876 2280 augendam
916 2223 1205 2277 pertinebunt,
1248 2236 1352 2275 quae
1391 2224 1455 2262 est

119 2300 194 2340 per
225 2300 267 2326 se
298 2285 566 2339 amplissima,
599 2297 762 2323 summo
795 2296 958 2336 semper
990 2281 1128 2322 studio
1162 2283 1454 2334 suscepturum

1175 2348 1244 2381 20²⁵
