1659 2552
550 88 693 123 LIBER
717 88 803 123 XIII
828 90 978 123 55—57.
1359 86 1445 127 409

1472 193 1491 213 θ

96 200 167 228 eos
187 189 229 227 et
247 184 531 239 Ἀλαβανδεῖς
551 185 699 226 iubeas
719 184 882 226 ecdicos
901 183 1083 225 Romam
1103 183 1284 223 mittere.
1322 181 1445 223 Prae-
1473 213 1491 223 ..

94 248 210 286 terea
227 244 440 286 Philocles
453 243 763 285 Alabandensis
782 243 1012 296 ὑποθήκας
1027 241 1176 283 Cluvio
1199 241 1323 281 dedit.
1357 240 1444 282 Eae

96 304 343 345 commissae
382 306 490 344 sunt.
553 302 696 344 Velim
735 316 870 357 cures,
911 304 960 342 ut
998 303 1070 342 aut
1104 301 1153 341 de
1189 299 1443 354 hypothecis

98 362 270 404 decedat
308 377 459 416 easque
496 361 844 416 procuratoribus
884 359 1007 401 Cluvi
1046 359 1185 400 tradat
1217 361 1290 399 aut
1320 373 1444 412 pecu-

62 435 77 459 5
97 422 211 462 niam
243 422 396 475 solvat,
428 423 644 475 praeterea
674 419 950 461 Heracleotae
983 421 1023 460 et
1055 417 1337 474 Bargylietae,
1370 418 1443 471 qui

99 481 201 521 item
233 480 404 534 debent,
443 482 515 520 aut
551 479 774 533 pecuniam
807 478 973 519 solvant
1005 480 1077 518 aut
1114 476 1324 518 fructibus
1357 476 1443 517 suis

99 539 200 580 satis
241 539 408 579 faciant.
472 537 622 579 Caunii
662 540 879 591 praeterea
917 536 1091 591 debent,
1133 536 1206 577 sed
1243 535 1362 576 aiunt
1399 550 1442 576 se
1469 545 1489 576 3

100 598 334 652 depositam
366 597 587 652 pecuniam
617 596 826 637 habuisse.
888 595 938 654 ld
968 595 1096 636 velim
1129 608 1358 650 cognoscas
1390 596 1443 648 et,

100 657 135 698 si
172 656 431 697 intellexeris
470 670 540 697 eos
577 670 713 709 neque
752 670 803 696 ex
841 654 978 695 edicto
1016 668 1152 708 neque
1191 668 1242 694 ex
1274 653 1443 694 decreto

48 729 80 753 10
101 716 335 770 depositam
367 715 576 769 habuisse,
609 714 680 755 des
712 728 903 768 operam,
936 716 984 754 ut
1016 727 1166 754 usurae
1200 711 1350 753 Cluvio
1383 712 1444 752 in-

99 775 251 815 stituto
284 777 358 815 tuo
392 776 705 814 conserventur.

186 832 267 873 His
300 833 348 873 de
381 833 506 874 rebus
533 847 581 873 eo
607 831 744 887 magis
775 831 936 885 laboro,
969 830 1084 884 quod
1109 829 1251 885 agitur
1276 844 1342 870 res
1370 828 1443 869 Cn.

98 892 275 946 Pompei
301 891 441 946 etiam,
472 891 607 932 nostri
631 890 866 944 necessarii,
898 892 940 930 et
966 889 1080 943 quod
1099 889 1134 929 is
1153 888 1291 944 magis
1316 888 1445 929 etiam

100 950 207 991 mihi
249 950 442 991 laborare
482 950 650 991 videtur
690 964 816 1003 quam
859 948 948 1002 ipse
991 947 1185 1002 Cluvius,
1230 947 1298 987 cui
1342 947 1444 987 satis

49 1023 82 1047 15
102 1010 261 1050 factum
293 1024 381 1050 esse
413 1024 437 1050 a
470 1009 594 1049 nobis
625 1008 746 1049 valde
777 1007 887 1048 volo.
948 1006 1028 1047 His
1061 1007 1111 1047 de
1145 1005 1272 1047 rebus
1303 1008 1345 1046 te
1377 1020 1445 1046 ve—

101 1068 320 1110 hementer
351 1068 479 1109 etiam
514 1070 639 1121 atque
672 1067 800 1107 etiam
831 1080 950 1121 rogo.

706 1217 838 1259 LVII.

350 1299 426 1335 Scr.
453 1299 656 1334 Laodiceae
680 1300 730 1333 in.
756 1311 801 1333 m.
827 1299 920 1343 Apr.
947 1310 980 1333 α.
1011 1301 1080 1333 704
1107 1299 1198 1341 (50).

445 1380 613 1415 CICERO
641 1379 842 1414 THERMO
872 1379 1040 1414 PROPR.
1070 1379 1103 1414 S.

52 1492 85 1516 20
194 1478 285 1527 Quo
329 1477 466 1533 magis
510 1476 664 1517 cotidie
708 1490 760 1516 ex
801 1476 957 1516 litteris
1000 1475 1245 1529 nuntiisque
1286 1474 1447 1515 bellum
1476 1486 1493 1516 1

104 1551 307 1592 magnum
338 1550 426 1577 esse
457 1536 502 1576 in
534 1534 657 1588 Syria
689 1548 915 1590 cognosco,
947 1548 996 1574 eo
1028 1534 1320 1575 vehementius
1352 1548 1376 1574 a
1406 1535 1449 1574 te

104 1610 182 1649 pro
207 1598 352 1635 nostra
376 1594 684 1635 necessitudine
706 1593 926 1647 contendo,
952 1595 1000 1633 ut
1024 1592 1131 1633 mihi
1156 1592 1212 1633 M.
1232 1591 1449 1633 Anneium

105 1655 294 1709 legatum
336 1653 474 1706 primo
519 1666 686 1706 quoque
727 1654 918 1705 tempore
962 1651 1172 1705 remittas3
1215 1666 1314 1691 nam
1359 1651 1449 1691 eius

107 1726 251 1766 opera,
289 1711 484 1764 consilio,
523 1710 698 1751 scientia
735 1710 795 1750 rei
832 1709 1030 1749 militaris
1067 1709 1135 1750 vel
1170 1709 1355 1749 maxime
1388 1709 1449 1748 in-

54 1784 87 1807 25
106 1771 262 1826 tellego
300 1783 367 1809 me
405 1771 446 1810 et
484 1783 573 1809 rem
603 1783 642 1822 p.
675 1767 865 1808 adiuvari
896 1781 1030 1821 posse.
1092 1766 1299 1815 Quodnisi
1329 1765 1450 1807 tanta

106 1844 172 1871 res
204 1829 293 1869 eius
325 1829 537 1883 ageretur,
574 1840 651 1867 nec
682 1826 771 1880 ipse
803 1825 953 1866 adduci
983 1825 1209 1879 potuisset,
1247 1827 1295 1865 ut
1327 1840 1351 1865 a
1381 1839 1449 1865 me

108 1887 356 1940 discederet,
387 1899 523 1939 neque
555 1899 651 1940 ego,
684 1887 731 1925 ut
762 1898 859 1924 eum
884 1899 908 1924 a
932 1898 999 1924 me
1033 1883 1302 1924 dimitterem.
1353 1882 1448 1938 Ego

106 1948 152 1988 in
178 1945 370 1987 Ciliciam
400 1944 612 1998 proficisci
639 1943 780 1999 cogito
807 1942 974 1983 circiter
999 1942 1049 1982 K.
1075 1941 1173 1982 Mai.
1218 1941 1331 1982 Ante
1358 1956 1450 1982 eam

108 2006 219 2046 diem
249 2003 306 2044 M.
337 2002 528 2044 Anneius
566 2002 618 2042 ad
654 2016 720 2042 me
753 2001 895 2041 redeat
927 2003 1106 2054 oportet.
1168 1999 1297 2053 Illud,
1336 2000 1451 2053 quod
1476 2011 1496 2042 2

56 2077 89 2100 30
107 2067 248 2105 tecum
286 2065 327 2103 et
364 2076 505 2102 coram
542 2063 584 2100 et
619 2074 695 2114 per
730 2060 894 2100 litteras
933 2059 1255 2114 diligentissime
1289 2059 1375 2113 egi,
1407 2058 1452 2098 id

108 2126 150 2163 te
189 2135 301 2162 nunc
345 2120 473 2161 etiam
514 2121 639 2172 atque
686 2118 814 2158 etiam
855 2132 959 2173 rogo
1002 2132 1125 2158 curae
1168 2117 1249 2157 tibi
1291 2117 1363 2170 sit,
1404 2119 1452 2157 ut

109 2195 232 2221 suum
275 2179 514 2235 negotium,
559 2177 672 2231 quod
716 2176 845 2217 habet
890 2191 985 2216 cum
1028 2175 1187 2229 populo
1233 2174 1451 2229 Sardiano,

108 2253 185 2293 pro
235 2252 382 2279 causae
430 2237 607 2277 veritate
658 2237 699 2275 et
747 2249 823 2288 pro
874 2249 948 2275 sua
993 2234 1199 2289 dignitate
1244 2234 1450 2274 conficiat.

107 2297 303 2339 Intellexi
336 2311 387 2336 ex
418 2298 491 2336 tua
523 2293 731 2348 oratione,
772 2307 867 2334 cum
907 2296 1047 2334 tecum
1085 2292 1245 2346 Ephesi
1283 2292 1451 2333 locutus
