1659 2552
137 1521 156 1560 1

138 1583 152 1611 1

349 678 421 732 M.
470 677 770 731 TULLI
819 676 1363 733 CICERONIS

626 784 1076 832 EPISTULARUM

466 889 552 930 AD
592 887 894 938 QUINTUM
929 886 1242 929 FRATREM

697 986 840 1024 L1BR1
873 986 1015 1023 TRES.

641 1180 817 1214 LIBER
843 1179 1077 1215 PRIMUS.
1561 1193 1578 1219 5

840 1286 870 1328 I.
974 1327 978 1333 i

336 1369 410 1404 Ser.
438 1369 574 1404 Romae
599 1380 652 1403 επ.
679 1380 712 1403 α.
741 1371 812 1403 694
839 1371 918 1411 (60)
947 1371 1011 1401 aut
1036 1368 1085 1402 in.
1113 1380 1145 1402 (ι,
1174 1369 1246 1402 695
1273 1369 1363 1410 (59).

522 1449 715 1483 MARCUS
742 1448 922 1490 QUINTO
948 1448 1125 1482 FRATRI
1151 1448 1184 1482 S.

269 1533 363 1574 Etsi
404 1547 489 1574 non
532 1533 799 1586 dubitabam,
842 1532 944 1586 quin
984 1532 1092 1573 hanc
1132 1531 1355 1586 epistolam
1396 1532 1523 1573 multi

181 1593 337 1646 nuntii,
376 1592 488 1632 fama
526 1592 704 1645 denique
743 1594 851 1632 esset
882 1591 973 1645 ipsa
1005 1605 1079 1631 sua
1111 1591 1324 1631 eeleritate
1356 1605 1522 1645 supera-
1545 1604 1576 1628 10

181 1654 292 1704 tura,
331 1654 461 1704 tuque
499 1654 594 1691 ante
633 1650 685 1691 ab
724 1650 818 1690 aliis
855 1650 1076 1690 auditurus
1114 1664 1224 1690 esses
1255 1664 1411 1690 annum
1443 1652 1523 1690 ter-

180 1710 289 1751 tium
327 1709 546 1750 accessisse
579 1709 786 1750 desiderio
824 1711 970 1749 nostro
1003 1711 1044 1749 eis
1080 1708 1217 1749 labori
1249 1711 1340 1762 tuo,
1381 1711 1522 1749 tamen

181 1768 420 1810 existimavi
453 1783 475 1808 a
506 1782 573 1808 me
606 1782 773 1822 quoque
805 1767 885 1808 tibi
916 1767 1042 1808 huius
1075 1767 1294 1808 molestiae
1325 1767 1522 1807 nuntium

180 1827 359 1882 perferri
385 1830 591 1881 oportere.
647 1826 758 1867 Nam
788 1826 1077 1880 superioribus
1114 1825 1268 1866 litteris
1300 1839 1384 1866 non
1416 1825 1522 1879 unis,

181 1887 253 1927 sed
292 1886 504 1940 pluribus,
549 1900 643 1926 cum
685 1886 768 1925 iam
809 1885 861 1925 ab
903 1885 997 1925 aliis
1039 1884 1256 1938 desperata
1297 1898 1362 1924 res
1402 1886 1521 1937 esset,
1544 1895 1575 1920 15

180 1948 322 1985 tamen
365 1944 446 1985 tibi
490 1959 568 1999 ego
611 1958 727 1998 spem
764 1946 953 1984 maturae
987 1943 1238 1983 decessionis
1271 1941 1522 1995 adferebam,

180 2018 266 2044 non
307 2003 443 2043 solum
485 2005 532 2043 ut
573 2017 699 2056 quam
743 2002 978 2042 diutissime
1019 2004 1061 2042 te
1101 2000 1284 2042 iucunda
1323 2000 1522 2054 opinione

182 2062 449 2115 oblectarem,
481 2061 552 2102 sed
579 2062 707 2101 etiam
733 2061 831 2114 quia
863 2063 980 2101 tanta
1012 2059 1294 2100 adhibebatur
1324 2062 1365 2099 et
1396 2073 1420 2099 a
1450 2073 1522 2099 no-

181 2121 246 2161 bis
285 2124 325 2161 et
364 2135 387 2160 a
424 2120 691 2174 praetoribus
729 2119 961 2171 contentio,
1003 2121 1050 2159 uk
1088 2133 1175 2159 rem
1213 2131 1334 2172 posse
1373 2117 1520 2158 confici

134 2190 152 2219 -2
181 2194 265 2220 non
298 2179 544 2219 diffiderem.
605 2177 748 2231 Nunc,
780 2177 980 2231 quoniam
1013 2177 1072 2217 ita
1103 2176 1271 2230 accidit,
1308 2177 1355 2215 ut
1386 2190 1521 2229 neque
1542 2187 1575 2213 20

181 2241 395 2291 praetores
433 2238 519 2278 suis
558 2237 710 2290 opibus
751 2250 885 2290 neque
926 2249 1003 2276 nos
1043 2238 1189 2276 nostro
1231 2233 1371 2275 studio
1410 2234 1523 2288 quic-

182 2310 307 2349 quam
339 2296 542 2349 proficere
573 2309 802 2349 possemus,
835 2297 897 2335 est
923 2293 1095 2335 omnino
1123 2292 1293 2334 difficile
1319 2306 1404 2333 non
1431 2307 1524 2348 gra-
