1659 2552
155 71 210 113 88
654 69 993 106 EPISTULARUM

108 179 129 209 3
157 166 282 208 debet
307 168 433 221 atque
460 165 602 208 omnia
626 166 804 207 minoris
830 165 1101 208 existimare?
1131 166 1191 208 At
1217 167 1333 210 illius
1353 167 1500 223 vicem,

157 226 294 280 credo,
336 225 462 267 doles.
525 224 731 274 Quotiens
772 225 816 265 in
857 239 949 265 eam
991 225 1294 281 cogitationem
1333 241 1500 269 necesse

157 286 221 326 est
259 287 301 325 et
337 286 385 325 tu
423 284 588 325 veneris
626 286 668 324 et
705 297 782 324 nos
815 297 936 338 saepe
969 283 1212 339 incidimus,
1252 284 1367 327 hisce
1397 288 1502 327 tem-

155 343 332 398 poribus
369 357 455 383 non
485 342 666 397 pessime
698 356 793 383 cum
824 341 876 382 iis
908 356 997 382 esse
1029 345 1186 397 actum,
1225 343 1379 398 quibus
1409 344 1500 386 sine

158 402 302 443 dolore
332 401 498 442 licitum
530 403 592 442 est
623 404 803 441 mortem
836 414 931 441 cum
962 400 1051 442 vita
1076 403 1351 443 commutare!
1389 401 1500 452 Quid
1535 412 1554 439 5

158 463 299 502 autem
320 460 412 514 fuit,
440 460 553 514 quod
572 459 689 500 illam
708 459 789 500 hoc
808 461 999 514 tempore
1022 459 1075 500 ad
1093 460 1320 502 vivendum
1344 475 1500 517 magno

159 533 284 574 opere
310 518 490 559 invitare
515 518 688 573 posset?
721 532 826 572 quae
852 532 929 572 reS,
962 532 1068 572 quae
1094 533 1199 574 spes,
1232 519 1346 574 quod
1370 520 1501 561 animi

159 577 391 619 solacium?
447 579 494 617 ut
539 590 634 617 cum
675 576 817 631 aliquo
862 576 1126 618 adulescente
1164 578 1367 632 primario
1405 592 1501 620 con-

159 637 302 677 iuncta
334 638 514 677 aetatem
545 636 740 691 gereret?
800 634 986 676 Licitum
1018 638 1081 677 est
1112 636 1212 691 tibi,
1245 637 1385 692 credo,
1421 651 1500 692 pro

158 698 233 736 tua
265 695 471 749 dignitate
498 708 548 734 ex
573 694 652 734 hac
682 694 901 735 iuventute
925 708 1129 750 generum
1155 695 1350 752 deligere,
1382 696 1499 737 cuius
1519 707 1554 732 10

159 753 258 794 fidei
289 753 446 794 liberos
483 755 580 793 tuos
612 755 653 793 te
685 754 778 793 tuto
815 753 1081 794 committere
1111 756 1293 808 putares.
1353 753 1422 795 An
1453 757 1501 796 ut

160 827 207 853 ea
237 812 395 853 liberos
428 826 479 852 ex
509 825 598 852 sese
629 814 808 866 pareret,
840 825 946 866 quos
978 825 1073 853 cum
1103 813 1295 854 florentis
1326 813 1500 868 videret,

159 871 407 924 laetaretur,
452 870 525 923 qui
566 884 654 911 rem
686 885 710 910 a
740 873 914 924 parente
944 871 1146 912 traditam
1176 886 1253 926 per
1282 885 1326 913 se
1357 874 1500 913 tenere

158 932 347 983 possent,
385 929 567 969 honores
606 928 835 970 ordinatim
871 929 1048 983 petituri
1085 933 1223 971 essent
1265 929 1309 971 in
1346 945 1391 972 re
1426 945 1501 985 pu-

160 988 270 1029 blica
313 988 356 1028 in
394 987 626 1028 amicorum
663 987 847 1044 negotiis
890 987 1087 1029 libertate
1124 1003 1199 1030 sua
1240 988 1334 1030 usi?
1389 988 1501 1038 Quid
1519 999 1554 1026 1⁵

158 1047 312 1088 horum
337 1046 430 1101 fuit,
457 1046 570 1100 quod
594 1060 692 1101 non,
716 1046 963 1100 priusquam
989 1047 1134 1088 datum
1156 1049 1230 1101 est,
1256 1047 1500 1102 ademptum

159 1105 242 1146 sit‘?
272 1104 332 1145 At
363 1119 462 1146 vero
494 1105 653 1146 malum
685 1108 748 1146 est
772 1105 929 1146 liberos
955 1106 1159 1147 amittere.
1207 1105 1386 1162 Malum3
1416 1106 1500 1147 nisi

112 1175 133 1205 4
158 1164 240 1205 hoc
269 1163 390 1218 peius
422 1165 496 1218 est,
526 1163 630 1204 haec
661 1164 835 1205 sufferre
867 1167 908 1205 et
938 1165 1113 1218 perpeti.
1158 1163 1272 1214 Quae
1303 1179 1368 1206 res
1392 1165 1500 1206 milri

158 1237 244 1264 non
269 1222 525 1263 mediocrem
550 1222 881 1264 consolationem
907 1223 1064 1277 attulit,
1089 1223 1186 1264 volo
1212 1223 1294 1264 tibi
1319 1237 1499 1265 comme-

158 1295 336 1335 morare,
368 1280 404 1321 si
435 1281 545 1322 forte
571 1281 715 1322 eadem
741 1295 806 1322 res
831 1281 913 1322 tibi
934 1282 1122 1323 dolorem
1141 1282 1332 1323 minuere
1351 1282 1497 1337 possit.
1517 1293 1552 1319 2⁰

248 1339 314 1380 Ex
350 1339 454 1379 Asia
491 1339 655 1380 redjens
694 1354 789 1380 cum
827 1339 880 1380 ab
911 1339 1077 1396 Aegina
1106 1339 1323 1396 Megaram
1353 1355 1499 1382 versus

158 1398 415 1453 navigarem,
447 1397 566 1451 coepi
592 1397 785 1453 regiones
811 1398 1081 1439 circumcirca
1104 1399 1354 1453 prospicere.
1395 1398 1500 1440 Post

159 1471 226 1497 me
258 1459 347 1497 erat
378 1455 561 1511 Aegina,
593 1459 689 1497 ante
720 1471 787 1497 me
818 1456 1008 1513 Megara,
1047 1457 1193 1498 dextra
1224 1456 1414 1512 Piraeus,
1446 1457 1499 1499 si-

158 1514 292 1555 nistra
325 1513 566 1569 Corinthus,
598 1529 704 1568 quae
736 1515 890 1569 oppida
921 1515 1103 1569 quodam
1133 1518 1323 1570 tempore
1348 1516 1499 1557 floren-

158 1573 323 1614 tissima
359 1573 547 1627 fuerunt,
585 1587 697 1613 nunc
732 1576 944 1627 prostrata
981 1576 1023 1615 et
1055 1574 1194 1619 diruta
1224 1577 1321 1615 ante
1353 1574 1497 1616 oculos
1515 1584 1551 1611 25

159 1632 306 1673 iacent.
371 1630 501 1685 Coepi
533 1635 701 1686 egomet
731 1646 896 1673 mecum
923 1632 982 1673 sic
1007 1633 1213 1688 cogitare:
1246 1632 1389 1674 ‘Heml
1419 1647 1498 1674 nos

158 1690 405 1731 homunculi
446 1690 736 1745 indignamur,
777 1690 812 1731 si
856 1691 950 1745 quis
989 1694 1183 1732 nostrum
1223 1692 1386 1733 interiit
1425 1694 1499 1733 aut

160 1749 320 1790 occisus
353 1751 426 1802 est,
459 1763 640 1802 quorum
671 1749 760 1789 vita
790 1749 960 1790 brevior
991 1764 1079 1791 esse
1112 1750 1255 1805 debet,
1287 1765 1382 1791 cum
1412 1764 1497 1792 uno

157 1807 251 1849 loco
283 1810 349 1848 tot
381 1807 584 1861 oppidum
616 1807 816 1848 cadavera
846 1808 1034 1862 proiecta
1065 1809 1233 1850 iacent?
1288 1808 1419 1850 Visne
1449 1811 1497 1849 tu

158 1868 212 1920 te,
245 1865 384 1919 Servi,
417 1866 614 1907 cohibere
646 1869 687 1907 et
718 1866 959 1908 meminisse
988 1867 1205 1908 hominem
1235 1870 1278 1908 te
1309 1881 1397 1908 esse
1426 1882 1496 1907 na·
1515 1878 1551 1904 ao

158 1925 300 1965 tum?'
334 1923 466 1965 Crede
491 1924 609 1979 mihi,
641 1925 898 1981 cogitatione
924 1941 972 1966 ea
1001 1940 1087 1967 non
1111 1925 1380 1967 mediocriter
1403 1939 1497 1966 sum

159 1984 442 2024 confirmatus.
497 1982 591 2024 Hoc
617 1983 739 2037 idem,
766 1984 801 2024 si
826 1984 907 2024 tibi
932 1984 1111 2040 videtur,
1142 1985 1208 2026 fac
1232 1987 1328 2025 ante
1353 1983 1497 2025 oculos

158 2041 238 2082 tibi
269 2056 491 2096 proponas.
547 2041 675 2083 Modo
714 2056 797 2084 uno
829 2045 1019 2097 tempore
1056 2046 1122 2084 tot
1158 2042 1239 2084 viri
1276 2041 1498 2083 clarissimi

160 2100 422 2155 interierunt,
455 2100 505 2141 de
531 2100 709 2155 imperio
734 2101 883 2155 populi
907 2100 1090 2142 Romani
1114 2103 1232 2142 tanta
1264 2100 1497 2142 deminutio

158 2159 268 2199 facta
294 2161 367 2213 est,
395 2173 539 2200 omnes
564 2159 807 2213 provinciae
833 2162 1136 2214 conquassatae·
1157 2161 1272 2214 sunt3
1304 2159 1347 2199 in
1373 2159 1497 2200 unius
1516 2168 1550 2196 ³6

158 2217 429 2258 mulierculae
462 2217 649 2258 animula
680 2218 715 2258 si
747 2218 908 2259 iactura
946 2218 1057 2258 facta
1094 2220 1173 2272 est,
1214 2219 1333 2258 tanto
1373 2231 1498 2272 opere

159 2276 465 2317 commoveris?
521 2275 635 2326 Quae
676 2276 711 2317 si
748 2275 830 2318 hoc
868 2279 1058 2330 tempore
1098 2290 1183 2317 non
1221 2275 1332 2316 diem
1374 2290 1500 2318 suum
