1659 2552
626 107 769 142 LIBER
793 107 844 141 VI
871 110 1020 141 14—18.
1416 105 1501 146 163

774 249 887 292 XVI.

395 332 469 367 Ser.
498 333 537 366 in
564 331 695 366 Sicilia
720 343 773 366 eat.
800 343 844 366 m.
873 331 988 366 Mart.
1015 342 1048 366 α.
1077 332 1148 365 710
1177 331 1262 374 (44).

524 412 815 448 BITHYNICUS
842 412 1067 448 CICERONI
1093 412 1126 448 S.

246 497 291 539 Si
323 497 429 538 mihi
462 499 603 538 tecum
634 512 720 539 non
747 500 789 538 et
813 497 972 538 multae
999 499 1040 538 et
1066 496 1201 537 iustae
1228 509 1376 536 causae
1403 495 1504 536 ami-

121 569 136 594 5
157 558 279 598 citiae
320 557 521 610 privatim
562 559 720 610 essent,
761 559 995 610 repeterem
1036 555 1158 596 initia
1200 554 1410 595 amicitiae
1452 568 1503 595 ex

155 616 402 671 parentibus
439 615 614 669 nostris,
657 615 770 669 quod
807 614 1046 655 faciendum
1085 614 1136 655 iis
1175 613 1389 668 existimo,
1429 613 1502 667 qui

155 678 374 729 paternam
413 674 644 714 amicitiam
681 673 810 714 nullis
848 674 930 727 ipsi
963 673 1114 714 officiis
1145 672 1359 726 prosecuti
1391 675 1501 713 sunt.

154 733 303 788 Itaque
345 735 567 773 contentus
609 746 680 773 ero
721 735 866 773 nostra
906 733 1096 786 ipsorum
1134 731 1338 786 amicitia3
1383 731 1501 772 cuius

155 792 310 833 fiducia
345 795 444 845 peto
477 806 501 831 a
531 794 590 845 te,
628 794 675 831 ut
714 791 931 843 absentem
962 805 1046 844 me,
1089 790 1425 844 quibuscumque
1456 790 1501 830 in

104 862 136 886 10
157 852 282 892 rebus
321 865 425 904 opus
465 850 611 903 fuerit,
652 852 814 903 tueare,
859 850 893 890 si
936 849 1102 890 nullum
1147 849 1336 890 officium
1378 851 1501 889 tuum

157 910 268 965 apud
298 924 366 950 me
398 908 767 949 intermoriturum
800 908 1026 949 existimas.
1089 907 1207 949 Vale.

758 1036 893 1078 XVII.

397 1118 470 1153 Ser.
499 1119 540 1152 in
569 1118 679 1153 Latio
705 1119 792 1153 med.
820 1130 865 1152 m.
892 1118 983 1162 Apr.
1011 1130 1043 1152 α.
1075 1120 1144 1151 710
1173 1119 1257 1161 (44).

592 1199 760 1235 CICERO
788 1198 1063 1234 BITHYNICO.

103 1295 135 1320 15
245 1284 351 1326 Cum
384 1287 618 1325 ceterarum
657 1298 798 1324 rerum
837 1298 960 1324 causa
992 1283 1116 1337 cupio
1149 1297 1236 1323 esse
1269 1282 1497 1336 aliquando
1526 1288 1543 1318 1

155 1358 244 1385 rem
280 1359 319 1397 p.
358 1343 632 1384 constitutam
670 1345 762 1383 tum
800 1342 928 1383 velim
965 1342 1072 1382 mihi
1111 1341 1253 1382 credas
1291 1342 1497 1396 accedere,

154 1403 199 1443 id
236 1403 364 1443 etiam
409 1416 492 1456 quo
530 1401 666 1457 magis
699 1403 910 1455 expetam,
948 1400 1205 1455 promissum
1236 1402 1376 1455 tuum,
1415 1415 1498 1454 quo

154 1462 199 1502 in
228 1461 384 1502 litteris
425 1460 574 1515 uteris3
615 1460 765 1501 scribis
797 1460 929 1513 enim,
971 1459 1007 1500 si
1044 1459 1105 1500 ita
1142 1459 1217 1513 sit,
1254 1461 1296 1499 te
1333 1473 1499 1500 mecum

156 1534 243 1560 esse
280 1520 503 1560 victurum.
568 1517 819 1560 Gratissima
855 1518 962 1559 mihi
994 1520 1068 1558 tua
1098 1518 1295 1558 voluntas
1327 1520 1410 1572 est,
1441 1518 1499 1558 fa-

103 1588 137 1613 20
157 1578 298 1632 cisque
335 1578 444 1618 nihil
485 1578 669 1618 alienum
711 1577 1019 1618 necessitudine
1059 1579 1205 1617 nostra
1248 1576 1499 1630 iudiciisque

155 1636 289 1691 patris
319 1636 384 1676 tui
410 1636 459 1676 de
484 1650 564 1690 me,
596 1636 750 1677 summi
774 1635 867 1676 viri.
922 1635 1034 1676 Nam
1061 1635 1120 1676 sic
1144 1635 1313 1689 habeto,
1344 1635 1500 1676 benefi-

157 1695 319 1735 ciorum
355 1694 648 1749 magnitudine
681 1709 768 1748 eos,
808 1694 881 1748 qui
917 1694 1183 1747 temporibus
1214 1694 1244 1747 †
1275 1693 1500 1734 valuerunt

157 1755 203 1794 ut
234 1753 412 1806 valeant,
426 1730 755 1793 Oeoniunetiores
781 1755 921 1793 tecum
947 1767 1035 1793 esse
1062 1767 1188 1806 quam
1213 1767 1292 1806 me,
1323 1752 1500 1792 necessi-

156 1811 302 1852 tudine
346 1811 569 1851 neminem.
632 1810 767 1859 Quam
812 1811 865 1851 ob
909 1824 999 1851 rem
1043 1813 1164 1866 grata
1208 1810 1313 1851 mihi
1355 1813 1417 1851 est
1458 1813 1500 1851 et

104 1879 137 1903 25
156 1870 360 1911 memoria
397 1872 470 1909 tua
507 1872 675 1910 nostrae
715 1868 1025 1910 coniunctionis
1064 1872 1106 1910 et
1143 1868 1232 1910 eius
1270 1868 1398 1910 etiam
1431 1883 1500 1909 au-

156 1929 317 1984 gendae
348 1928 556 1969 voluntas.

1526 1522 1545 1551 10

747 2007 904 2049 XVIII.

438 2090 510 2125 Ser.
539 2090 674 2124 Romae
699 2100 751 2123 ex.
779 2100 822 2122 m.
850 2089 933 2123 Ian.
961 2101 992 2123 α.
1023 2091 1095 2123 709
1123 2091 1212 2132 (45).

627 2169 794 2205 CICERO
830 2169 1026 2205 LEPTAE.

105 2265 137 2289 30
247 2252 510 2309 Simulatque
552 2254 691 2308 accepi
733 2268 756 2294 a
798 2252 971 2294 Seleuco
1012 2256 1087 2294 tuo
1128 2253 1312 2308 litteras,
1353 2255 1497 2296 statim
1526 2267 1542 2297 1

158 2313 345 2366 quaesivi
386 2328 407 2354 e
450 2313 585 2353 Balbo
629 2327 704 2366 per
744 2312 976 2366 codicillos,
1021 2312 1123 2366 quid
1163 2315 1271 2354 esset
1310 2313 1354 2353 in
1390 2313 1494 2369 lege.
1588 2318 1591 2320 ’

1211 2382 1281 2414 11*
