1659 2552
84 900 117 923 10

86 1192 119 1216 15

87 1485 121 1510 20

90 1776 123 1801 25

92 2070 126 2094 30

589 89 731 123 LIBER
756 89 823 123 XII
849 92 974 125 8—10.
1382 89 1468 130 339

133 187 195 226 est
226 187 267 226 te
294 185 446 226 venire.
509 184 679 240 Exigua
711 184 824 226 enim
856 199 949 239 spes
982 187 1045 226 est
1078 185 1138 225 rei
1169 200 1207 239 p.
1241 183 1355 240 (nam
1381 183 1471 224 nul-

131 243 216 284 lam
241 258 327 284 non
351 243 457 284 libet
484 242 651 298 dicere),
684 243 767 297 sed,
800 257 1087 298 quaecumque
1119 247 1193 298 est,
1225 258 1272 284 ea
1299 243 1472 297 despon-

134 302 256 343 detur
287 316 396 343 anno
429 302 670 343 consulatus
703 302 778 342 tui.
833 300 950 343 Vale.

780 452 829 494 X.

199 532 273 568 Ser.
299 532 436 568 Romae
456 533 555 577 prid.
584 532 632 567 K.
663 532 804 578 Qm'nct.
832 537 896 567 ant
916 533 1032 577 paulo
1053 537 1137 577 post
1161 544 1195 567 a.
1222 535 1290 567 711
1318 534 1409 575 (43).

596 613 764 648 CICERO
792 612 952 648 CASSIO
984 613 1017 648 S.

222 709 418 764 Lepidus,
449 712 548 750 tuus
581 709 742 763 adfinis,
773 723 891 749 meus
918 708 1150 762 familiaris,
1181 723 1242 762 pr.
1269 708 1320 749 Κ.
1348 706 1474 756 Quin-

134 769 232 810 tiles
269 768 488 810 sententiis
527 768 723 809 omnibus
759 767 895 808 hostis
933 782 956 807 a
993 770 1139 808 senatu
1172 767 1380 807 iudicatus
1413 769 1476 807 est

136 828 360 881 ceterique,
392 827 465 881 qui
496 841 583 867 una
611 840 706 867 cum
737 826 811 866 illo
838 841 862 866 a
887 830 930 866 re
961 841 999 879 p.
1028 825 1288 880 defecerunt3
1322 824 1475 879 quibus

136 890 279 928 tamen
320 886 372 926 ad
411 885 634 926 sanitatem
674 884 875 925 redeundi
916 887 1011 924 ante
1050 883 1099 924 K.
1139 882 1251 938 Sept.
1289 886 1475 937 potestas

136 946 248 986 facta
285 947 358 985 est.
419 943 560 984 Fortis
597 958 695 984 sane
733 945 919 996 senatus,
960 942 1032 983 sed
1062 942 1245 983 maxime
1277 956 1349 996 spe
1381 941 1476 982 sub-

137 1004 235 1045 sidii
265 1003 340 1044 tui.
401 1001 570 1043 Bellum
602 1001 790 1056 quidem,
827 1015 921 1042 cum
953 1000 1056 1041 haec
1087 1000 1340 1054 scribebam,
1378 1014 1476 1040 sane

136 1077 339 1118 magnum
370 1064 459 1102 erat
490 1061 644 1102 scelere
670 1063 711 1101 et
736 1060 908 1101 levitate
938 1059 1098 1113 Lepidi.
1158 1058 1249 1100 Nos
1276 1058 1325 1099 de
1351 1058 1477 1098 Dola-

137 1122 249 1162 bella
281 1119 452 1174 cotidie,
485 1134 590 1174 quae
621 1119 834 1172 volumus,
871 1118 1080 1172 audimus,
1119 1118 1191 1158 sed
1221 1117 1357 1157 adhuc
1387 1117 1477 1157 sine

139 1180 292 1234 capite,
333 1179 422 1219 sine
460 1180 647 1231 auctore,
688 1191 856 1218 rumore
896 1176 1057 1217 nuntio.
1126 1175 1248 1225 Quod
1285 1190 1379 1216 cum
1417 1175 1477 1215 ita

139 1240 259 1292 esset,
290 1241 433 1278 tamen
462 1236 618 1277 litteris
650 1236 752 1290 tuis,
790 1250 893 1289 quas
923 1234 1060 1275 Nonis
1090 1233 1214 1275 Maiis
1247 1249 1298 1275 ex
1330 1234 1476 1274 castris

140 1297 257 1338 datas
283 1309 586 1350 acceperamus,
613 1295 672 1335 ita
695 1308 942 1348 persuasum
969 1296 1058 1334 erat
1078 1293 1252 1346 civitati,
1283 1295 1330 1333 ut
1356 1292 1477 1332 illum

139 1356 224 1397 iam
256 1369 503 1409 oppressum
535 1367 678 1394 omnes
711 1352 1036 1406 arbitrarentur,
1076 1353 1119 1392 te
1150 1354 1291 1391 autem
1322 1351 1366 1391 in
1395 1349 1478 1390 Ita-

138 1415 241 1455 liam
271 1413 415 1454 venire
441 1427 536 1454 cum
562 1411 760 1466 exercit-u,
792 1413 851 1465 ut,
883 1410 919 1451 si
946 1410 1049 1451 haec
1074 1424 1126 1451 ex
1150 1409 1358 1451 sententia
1384 1423 1479 1450 con-

140 1474 250 1514 fecta
288 1474 442 1526 essent,
480 1471 657 1512 consilio
695 1472 821 1524 atque
859 1469 1110 1509 auctoritate
1146 1470 1237 1522 tua,
1275 1468 1339 1508 sin
1377 1466 1480 1522 quid

140 1532 251 1572 forte
281 1530 526 1584 titubatum,
558 1531 605 1569 ut
629 1529 679 1569 fit
703 1529 748 1569 in
773 1528 897 1582 bello,
930 1527 1117 1568 exercitu
1140 1529 1216 1567 tuo
1236 1526 1478 1567 niteremur.

142 1589 276 1639 Quem
312 1588 483 1643 quidem
521 1601 599 1643 ego
638 1586 887 1640 exercitum,
928 1586 1263 1639 quibuscumque
1299 1587 1478 1639 potuero

142 1648 285 1701 rebus,
318 1647 495 1700 ornab03
533 1646 651 1686 cuius
682 1645 743 1686 rei
774 1648 866 1685 tum
897 1647 1064 1698 tempus
1096 1644 1193 1698 erit,
1225 1657 1338 1697 cum,
1377 1642 1479 1697 quid

144 1706 235 1760 opis
266 1705 328 1746 rei
357 1720 396 1759 p.
428 1705 592 1745 laturus
623 1703 659 1744 is
691 1703 898 1744 exercitus
936 1702 991 1743 sit
1023 1705 1095 1743 aut
1127 1701 1230 1755 quid
1259 1700 1344 1742 iam
1374 1701 1480 1741 tule-

143 1766 217 1819 rit,
253 1766 404 1804 notum
443 1777 530 1803 esse
568 1762 771 1816 coeperit3
810 1776 909 1801 nam
941 1760 1077 1800 adhuc
1107 1762 1274 1800 tantum
1306 1762 1480 1800 conatus

143 1822 373 1864 audiuntur
416 1820 567 1875 optimi
616 1820 680 1860 illi
723 1819 893 1873 quidem
937 1821 978 1859 et
1020 1818 1365 1872 praeclarissimi,
1408 1817 1482 1858 sed

143 1883 262 1938 gesta
293 1894 358 1921 res
391 1881 675 1933 exspectatur,
709 1891 834 1931 quam
867 1876 1036 1930 quidem
1069 1879 1140 1917 aut
1171 1876 1256 1916 iam
1287 1890 1375 1916 esse
1408 1875 1480 1916 ali-

144 1955 271 1995 quam
302 1941 374 1980 aut
405 1936 742 1992 adpropinquare
768 1935 943 1976 confido.
1006 1934 1096 1975 Tua
1119 1934 1288 1987 virtute,
1319 1934 1480 1989 magni-

144 1998 290 2040 tudine
328 1996 458 2037 animi
493 1995 602 2036 nihil
639 1997 702 2035 est
738 1994 934 2034 nobilius.
995 1991 1143 2047 Itaque
1182 1994 1392 2046 optamus,
1433 1995 1481 2032 ut

145 2072 271 2112 quam
302 2055 487 2110 primum
517 2056 559 2094 te
591 2053 635 2093 in
664 2051 788 2093 Italia
813 2051 1039 2092 videamus.
1100 2050 1208 2091 Rem
1238 2066 1276 2104 p.
1302 2064 1379 2091 nos
1409 2050 1482 2091 ha-

145 2116 244 2157 bere
275 2113 595 2165 arbitrabimur,
632 2111 668 2152 si
698 2125 772 2151 vos
804 2109 1064 2150 habebimus.
1125 2108 1343 2150 Praeclare
1374 2109 1481 2149 vice-

146 2188 306 2228 ramus,
346 2172 427 2213 nisi
468 2170 716 2225 spoliatum,
759 2169 983 2222 inermem,
1023 2167 1257 2223 fugientem
1297 2166 1482 2220 Lepidus

145 2232 369 2287 recepisset
399 2229 645 2271 Antonium.
706 2226 855 2281 Itaque
886 2241 1116 2280 numquam
1147 2228 1266 2266 tanto
1299 2225 1395 2266 odio
1428 2225 1483 2266 ci-

145 2291 268 2332 vitati
299 2289 511 2331 Antonius
542 2287 635 2341 fuit,
668 2289 824 2340 quanto
857 2288 919 2326 est
950 2284 1151 2339 Lepidus3
1182 2283 1254 2325 ille
1287 2283 1397 2324 enim
1430 2298 1481 2324 ex

1202 2352 1270 2385 22*

1503 720 1518 750 l

1501 1188 1521 1218 [Θ
