<?xml version="1.0" encoding="UTF-8"?>
<!DOCTYPE html PUBLIC "-//W3C//DTD XHTML 1.0 Transitional//EN"
    "http://www.w3.org/TR/xhtml1/DTD/xhtml1-transitional.dtd">
<html xmlns="http://www.w3.org/1999/xhtml" xml:lang="en" lang="en">
 <head>
  <title>
</title>
<meta http-equiv="Content-Type" content="text/html;charset=utf-8" />
  <meta name='ocr-system' content='tesseract 3.04.00' />
  <meta name='ocr-capabilities' content='ocr_page ocr_carea ocr_par ocr_line ocrx_word'/>
</head>
<body>
  <div class='ocr_page' id='page_1' title='image "./p1scriptaquaemanse03ciceuoft_0663.png"; bbox 0 0 1659 2552; ppageno 0'>
   <div class='ocr_carea' id='block_1_1' title="bbox 376 78 1448 123">
    <p class='ocr_par' dir='ltr' id='par_1_1' title="bbox 376 78 1448 123">
     <span class='ocr_line' id='line_1_1' title="bbox 376 78 1448 123; baseline 0.005 -10"><span class='ocrx_word' id='word_1_1' title='bbox 376 80 440 114; x_wconf 92' lang='lat' dir='ltr'>AD</span> <span class='ocrx_word' id='word_1_2' title='bbox 468 78 626 121; x_wconf 78' lang='lat' dir='ltr'>QUINT.</span> <span class='ocrx_word' id='word_1_3' title='bbox 653 79 823 115; x_wconf 76' lang='lat' dir='ltr'><strong>FRATR.</strong></span> <span class='ocrx_word' id='word_1_4' title='bbox 849 80 992 114; x_wconf 85' lang='lat' dir='ltr'>LIBER</span> <span class='ocrx_word' id='word_1_5' title='bbox 1017 81 1050 115; x_wconf 93' lang='grc' dir='ltr'>Π</span> <span class='ocrx_word' id='word_1_6' title='bbox 1075 85 1200 116; x_wconf 85' lang='grc'>8-10.</span> <span class='ocrx_word' id='word_1_7' title='bbox 1363 81 1448 123; x_wconf 76' lang='lat'>533</span> 
     </span>
    </p>
   </div>
   <div class='ocr_carea' id='block_1_2' title="bbox 108 176 1449 407">
    <p class='ocr_par' dir='ltr' id='par_1_2' title="bbox 108 176 1449 407">
     <span class='ocr_line' id='line_1_2' title="bbox 110 176 1449 232; baseline 0.001 -15"><span class='ocrx_word' id='word_1_8' title='bbox 110 178 301 217; x_wconf 87' lang='lat' dir='ltr'>senatum</span> <span class='ocrx_word' id='word_1_9' title='bbox 334 176 643 230; x_wconf 76' lang='lat' dir='ltr'>infrequentem</span> <span class='ocrx_word' id='word_1_10' title='bbox 669 176 885 232; x_wconf 69' lang='lat' dir='ltr'>coegisset,</span> <span class='ocrx_word' id='word_1_11' title='bbox 916 178 1083 216; x_wconf 82' lang='lat' dir='ltr'>tantum</span> <span class='ocrx_word' id='word_1_12' title='bbox 1110 177 1191 217; x_wconf 86' lang='lat' dir='ltr'>fuit</span> <span class='ocrx_word' id='word_1_13' title='bbox 1222 177 1370 232; x_wconf 88' lang='lat' dir='ltr'>frigus,</span> <span class='ocrx_word' id='word_1_14' title='bbox 1402 181 1449 218; x_wconf 91' lang='lat' dir='ltr'>ut</span> 
     </span>
     <span class='ocr_line' id='line_1_3' title="bbox 108 234 1449 289; baseline 0 -13"><span class='ocrx_word' id='word_1_15' title='bbox 108 235 255 289; x_wconf 90' lang='lat' dir='ltr'>populi</span> <span class='ocrx_word' id='word_1_16' title='bbox 282 235 472 276; x_wconf 86' lang='lat' dir='ltr'>convicio</span> <span class='ocrx_word' id='word_1_17' title='bbox 499 237 667 276; x_wconf 90' lang='lat' dir='ltr'>coactus</span> <span class='ocrx_word' id='word_1_18' title='bbox 699 235 753 275; x_wconf 88' lang='lat' dir='ltr'>sit</span> <span class='ocrx_word' id='word_1_19' title='bbox 784 249 861 275; x_wconf 91' lang='lat' dir='ltr'>nos</span> <span class='ocrx_word' id='word_1_20' title='bbox 893 234 1116 276; x_wconf 73' lang='lat' dir='ltr'>dimittere.</span> <span class='ocrx_word' id='word_1_21' title='bbox 1161 235 1224 276; x_wconf 89' lang='lat' dir='ltr'>De</span> <span class='ocrx_word' id='word_1_22' title='bbox 1258 234 1449 276; x_wconf 80' lang='lat' dir='ltr'>Comma-</span> 
     </span>
     <span class='ocr_line' id='line_1_4' title="bbox 109 293 1448 349; baseline 0.001 -15"><span class='ocrx_word' id='word_1_23' title='bbox 109 308 236 349; x_wconf 86' lang='lat' dir='ltr'>geno,</span> <span class='ocrx_word' id='word_1_24' title='bbox 278 294 391 348; x_wconf 90' lang='lat' dir='ltr'>quod</span> <span class='ocrx_word' id='word_1_25' title='bbox 428 308 517 334; x_wconf 92' lang='lat' dir='ltr'>rem</span> <span class='ocrx_word' id='word_1_26' title='bbox 553 296 688 334; x_wconf 83' lang='lat' dir='ltr'>totam</span> <span class='ocrx_word' id='word_1_27' title='bbox 721 293 1013 347; x_wconf 87' lang='lat' dir='ltr'>discusseram,</span> <span class='ocrx_word' id='word_1_28' title='bbox 1053 294 1231 335; x_wconf 87' lang='lat' dir='ltr'>mirifice</span> <span class='ocrx_word' id='word_1_29' title='bbox 1268 295 1374 335; x_wconf 90' lang='lat' dir='ltr'>mihi</span> <span class='ocrx_word' id='word_1_30' title='bbox 1407 298 1448 335; x_wconf 91' lang='lat' dir='ltr'>et</span> 
     </span>
     <span class='ocr_line' id='line_1_5' title="bbox 109 352 1448 407; baseline 0 -14"><span class='ocrx_word' id='word_1_31' title='bbox 109 367 184 406; x_wconf 88' lang='lat' dir='ltr'>per</span> <span class='ocrx_word' id='word_1_32' title='bbox 210 367 252 393; x_wconf 92' lang='lat' dir='ltr'>se</span> <span class='ocrx_word' id='word_1_33' title='bbox 278 355 320 393; x_wconf 86' lang='lat' dir='ltr'>et</span> <span class='ocrx_word' id='word_1_34' title='bbox 343 367 420 407; x_wconf 87' lang='lat' dir='ltr'>per</span> <span class='ocrx_word' id='word_1_35' title='bbox 437 352 721 406; x_wconf 87' lang='lat' dir='ltr'>Pomponium</span> <span class='ocrx_word' id='word_1_36' title='bbox 747 352 963 393; x_wconf 81' lang='lat' dir='ltr'>blanditur</span> <span class='ocrx_word' id='word_1_37' title='bbox 981 352 1163 407; x_wconf 79' lang='lat' dir='ltr'>Appius3</span> <span class='ocrx_word' id='word_1_38' title='bbox 1189 353 1303 394; x_wconf 87' lang='lat' dir='ltr'>videt</span> <span class='ocrx_word' id='word_1_39' title='bbox 1324 353 1448 407; x_wconf 88' lang='lat' dir='ltr'>enim,</span> 
     </span>
    </p>
   </div>
   <div class='ocr_carea' id='block_1_3' title="bbox 75 411 1448 466">
    <p class='ocr_par' dir='ltr' id='par_1_3' title="bbox 75 411 1448 466">
     <span class='ocr_line' id='line_1_6' title="bbox 75 411 1448 466; baseline 0 -14"><span class='ocrx_word' id='word_1_40' title='bbox 75 423 90 447; x_wconf 75' lang='lat'>5</span> <span class='ocrx_word' id='word_1_41' title='bbox 110 411 191 452; x_wconf 89' lang='lat' dir='ltr'>hoc</span> <span class='ocrx_word' id='word_1_42' title='bbox 221 425 374 466; x_wconf 83' lang='lat' dir='ltr'>genere</span> <span class='ocrx_word' id='word_1_43' title='bbox 407 411 571 451; x_wconf 81' lang='lat' dir='ltr'>dicendi</span> <span class='ocrx_word' id='word_1_44' title='bbox 603 411 638 450; x_wconf 91' lang='lat' dir='ltr'>si</span> <span class='ocrx_word' id='word_1_45' title='bbox 669 414 765 451; x_wconf 81' lang='lat' dir='ltr'>utar</span> <span class='ocrx_word' id='word_1_46' title='bbox 796 411 840 452; x_wconf 91' lang='lat' dir='ltr'>in</span> <span class='ocrx_word' id='word_1_47' title='bbox 872 411 1032 465; x_wconf 86' lang='lat' dir='ltr'>ceteris,</span> <span class='ocrx_word' id='word_1_48' title='bbox 1064 411 1344 452; x_wconf 83' lang='lat' dir='ltr'>Februarium</span> <span class='ocrx_word' id='word_1_49' title='bbox 1370 415 1448 452; x_wconf 88' lang='lat' dir='ltr'>ste—</span> 
     </span>
    </p>
   </div>
   <div class='ocr_carea' id='block_1_4' title="bbox 58 717 90 741">
    <p class='ocr_par' dir='ltr' id='par_1_4' title="bbox 58 717 90 741">
     <span class='ocr_line' id='line_1_7' title="bbox 58 717 90 741; baseline 0.031 -1"><span class='ocrx_word' id='word_1_50' title='bbox 58 717 90 741; x_wconf 92' lang='lat'>10</span> 
     </span>
    </p>
   </div>
   <div class='ocr_carea' id='block_1_5' title="bbox 58 1338 91 1362">
    <p class='ocr_par' dir='ltr' id='par_1_5' title="bbox 58 1338 91 1362">
     <span class='ocr_line' id='line_1_8' title="bbox 58 1338 91 1362; baseline 0.03 -1"><span class='ocrx_word' id='word_1_51' title='bbox 58 1338 91 1362; x_wconf 77' lang='lat'>20</span> 
     </span>
    </p>
   </div>
   <div class='ocr_carea' id='block_1_6' title="bbox 58 1652 91 1677">
    <p class='ocr_par' dir='ltr' id='par_1_6' title="bbox 58 1652 91 1677">
     <span class='ocr_line' id='line_1_9' title="bbox 58 1652 91 1677; baseline 0.03 -1"><span class='ocrx_word' id='word_1_52' title='bbox 58 1652 91 1677; x_wconf 75' lang='lat'>25</span> 
     </span>
    </p>
   </div>
   <div class='ocr_carea' id='block_1_7' title="bbox 59 1944 92 1968">
    <p class='ocr_par' dir='ltr' id='par_1_7' title="bbox 59 1944 92 1968">
     <span class='ocr_line' id='line_1_10' title="bbox 59 1944 92 1968; baseline 0 0"><span class='ocrx_word' id='word_1_53' title='bbox 59 1944 92 1968; x_wconf 86' lang='lat'>30</span> 
     </span>
    </p>
   </div>
   <div class='ocr_carea' id='block_1_8' title="bbox 57 2233 91 2259">
    <p class='ocr_par' dir='ltr' id='par_1_8' title="bbox 57 2233 91 2259">
     <span class='ocr_line' id='line_1_11' title="bbox 57 2233 91 2259; baseline 0 0"><span class='ocrx_word' id='word_1_54' title='bbox 57 2233 91 2259; x_wconf 81' lang='lat'>35</span> 
     </span>
    </p>
   </div>
   <div class='ocr_carea' id='block_1_9' title="bbox 109 469 1450 994">
    <p class='ocr_par' dir='ltr' id='par_1_9' title="bbox 109 469 1450 994">
     <span class='ocr_line' id='line_1_12' title="bbox 110 469 1447 524; baseline 0.001 -14"><span class='ocrx_word' id='word_1_55' title='bbox 110 469 232 510; x_wconf 87' lang='lat' dir='ltr'>rilem</span> <span class='ocrx_word' id='word_1_56' title='bbox 262 470 464 510; x_wconf 89' lang='lat' dir='ltr'>futurum.</span> <span class='ocrx_word' id='word_1_57' title='bbox 514 469 708 522; x_wconf 86' lang='lat' dir='ltr'>Eumque</span> <span class='ocrx_word' id='word_1_58' title='bbox 740 470 821 510; x_wconf 90' lang='lat' dir='ltr'>lusi</span> <span class='ocrx_word' id='word_1_59' title='bbox 853 470 991 510; x_wconf 89' lang='lat' dir='ltr'>iocose</span> <span class='ocrx_word' id='word_1_60' title='bbox 1022 470 1124 510; x_wconf 89' lang='lat' dir='ltr'>satis</span> <span class='ocrx_word' id='word_1_61' title='bbox 1148 485 1284 524; x_wconf 87' lang='lat' dir='ltr'>neque</span> <span class='ocrx_word' id='word_1_62' title='bbox 1311 471 1447 511; x_wconf 87' lang='lat' dir='ltr'>solum</span> 
     </span>
     <span class='ocr_line' id='line_1_13' title="bbox 110 528 1448 583; baseline 0.001 -15"><span class='ocrx_word' id='word_1_63' title='bbox 110 528 217 568; x_wconf 91' lang='lat' dir='ltr'>illud</span> <span class='ocrx_word' id='word_1_64' title='bbox 259 528 416 569; x_wconf 83' lang='lat' dir='ltr'>extorsi</span> <span class='ocrx_word' id='word_1_65' title='bbox 461 528 730 582; x_wconf 76' lang='lat' dir='ltr'>oppidulum,</span> <span class='ocrx_word' id='word_1_66' title='bbox 775 528 888 582; x_wconf 91' lang='lat' dir='ltr'>quod</span> <span class='ocrx_word' id='word_1_67' title='bbox 928 531 1017 569; x_wconf 86' lang='lat' dir='ltr'>erat</span> <span class='ocrx_word' id='word_1_68' title='bbox 1055 529 1243 583; x_wconf 88' lang='lat' dir='ltr'>positum</span> <span class='ocrx_word' id='word_1_69' title='bbox 1283 529 1327 570; x_wconf 89' lang='lat' dir='ltr'>in</span> <span class='ocrx_word' id='word_1_70' title='bbox 1365 529 1448 569; x_wconf 86' lang='lat' dir='ltr'>Eu-</span> 
     </span>
     <span class='ocr_line' id='line_1_14' title="bbox 109 586 1448 643; baseline 0.001 -16"><span class='ocrx_word' id='word_1_71' title='bbox 109 586 251 641; x_wconf 82' lang='lat' dir='ltr'>phrati</span> <span class='ocrx_word' id='word_1_72' title='bbox 282 586 528 642; x_wconf 80' lang='lat' dir='ltr'>Zeugmate,</span> <span class='ocrx_word' id='word_1_73' title='bbox 562 586 634 627; x_wconf 89' lang='lat' dir='ltr'>sed</span> <span class='ocrx_word' id='word_1_74' title='bbox 663 590 880 640; x_wconf 87' lang='lat' dir='ltr'>praeterea</span> <span class='ocrx_word' id='word_1_75' title='bbox 910 590 1056 643; x_wconf 85' lang='lat' dir='ltr'>togam</span> <span class='ocrx_word' id='word_1_76' title='bbox 1087 602 1180 628; x_wconf 91' lang='lat' dir='ltr'>sum</span> <span class='ocrx_word' id='word_1_77' title='bbox 1212 588 1301 628; x_wconf 90' lang='lat' dir='ltr'>eius</span> <span class='ocrx_word' id='word_1_78' title='bbox 1331 602 1448 642; x_wconf 89' lang='lat' dir='ltr'>prae-</span> 
     </span>
     <span class='ocr_line' id='line_1_15' title="bbox 109 644 1447 703; baseline 0.001 -18"><span class='ocrx_word' id='word_1_79' title='bbox 109 648 286 699; x_wconf 84' lang='lat' dir='ltr'>textam,</span> <span class='ocrx_word' id='word_1_80' title='bbox 331 660 457 699; x_wconf 87' lang='lat' dir='ltr'>quam</span> <span class='ocrx_word' id='word_1_81' title='bbox 498 648 587 685; x_wconf 86' lang='lat' dir='ltr'>erat</span> <span class='ocrx_word' id='word_1_82' title='bbox 630 645 805 698; x_wconf 90' lang='lat' dir='ltr'>adeptus</span> <span class='ocrx_word' id='word_1_83' title='bbox 845 644 1020 686; x_wconf 81' lang='lat' dir='ltr'>C&#39;aesare</span> <span class='ocrx_word' id='word_1_84' title='bbox 1061 647 1248 701; x_wconf 88' lang='lat' dir='ltr'>consule,</span> <span class='ocrx_word' id='word_1_85' title='bbox 1291 662 1447 703; x_wconf 84' lang='lat' dir='ltr'>magno</span> 
     </span>
     <span class='ocr_line' id='line_1_16' title="bbox 109 704 1447 759; baseline 0.001 -15"><span class='ocrx_word' id='word_1_86' title='bbox 109 704 331 745; x_wconf 90' lang='lat' dir='ltr'>hominum</span> <span class='ocrx_word' id='word_1_87' title='bbox 363 704 451 745; x_wconf 90' lang='lat' dir='ltr'>risu</span> <span class='ocrx_word' id='word_1_88' title='bbox 477 704 706 744; x_wconf 81' lang='lat' dir='ltr'>cavillatus.</span> <span class='ocrx_word' id='word_1_89' title='bbox 766 704 926 753; x_wconf 66' lang='lat' dir='ltr'>‘Quod</span> <span class='ocrx_word' id='word_1_90' title='bbox 957 705 1103 759; x_wconf 76' lang='lat' dir='ltr'>volt&#39;,</span> <span class='ocrx_word' id='word_1_91' title='bbox 1135 705 1320 759; x_wconf 87' lang='lat' dir='ltr'>inquam,</span> <span class='ocrx_word' id='word_1_92' title='bbox 1354 706 1447 746; x_wconf 67' lang='lat' dir='ltr'>‘re-</span> 
     </span>
     <span class='ocr_line' id='line_1_17' title="bbox 109 763 1449 819; baseline 0.001 -16"><span class='ocrx_word' id='word_1_93' title='bbox 109 763 285 804; x_wconf 85' lang='lat' dir='ltr'>novari</span> <span class='ocrx_word' id='word_1_94' title='bbox 317 763 532 803; x_wconf 82' lang='lat' dir='ltr'>honores</span> <span class='ocrx_word' id='word_1_95' title='bbox 559 763 772 816; x_wconf 88' lang='lat' dir='ltr'>eosdem,</span> <span class='ocrx_word' id='word_1_96' title='bbox 806 777 901 816; x_wconf 91' lang='lat' dir='ltr'>quo</span> <span class='ocrx_word' id='word_1_97' title='bbox 927 763 1090 803; x_wconf 90' lang='lat' dir='ltr'>minus</span> <span class='ocrx_word' id='word_1_98' title='bbox 1116 766 1284 819; x_wconf 86' lang='lat' dir='ltr'>togam</span> <span class='ocrx_word' id='word_1_99' title='bbox 1310 779 1449 818; x_wconf 90' lang='lat' dir='ltr'>prae-</span> 
     </span>
     <span class='ocr_line' id='line_1_18' title="bbox 110 821 1450 875; baseline 0.001 -13"><span class='ocrx_word' id='word_1_100' title='bbox 110 824 300 862; x_wconf 83' lang='lat' dir='ltr'>textam</span> <span class='ocrx_word' id='word_1_101' title='bbox 332 821 606 875; x_wconf 77' lang='lat' dir='ltr'>quotannis</span> <span class='ocrx_word' id='word_1_102' title='bbox 647 821 942 875; x_wconf 87' lang='lat' dir='ltr'>interpolet,</span> <span class='ocrx_word' id='word_1_103' title='bbox 976 822 1341 863; x_wconf 85' lang='lat' dir='ltr'>decernendum</span> <span class='ocrx_word' id='word_1_104' title='bbox 1377 823 1450 864; x_wconf 86' lang='lat' dir='ltr'>ni—</span> 
     </span>
     <span class='ocr_line' id='line_1_19' title="bbox 109 880 1449 936; baseline 0.001 -16"><span class='ocrx_word' id='word_1_105' title='bbox 109 880 183 920; x_wconf 90' lang='lat' dir='ltr'>hil</span> <span class='ocrx_word' id='word_1_106' title='bbox 233 894 448 934; x_wconf 71' lang='grc' dir='ltr'>001130ος</span> <span class='ocrx_word' id='word_1_107' title='bbox 498 894 584 920; x_wconf 72' lang='lat' dir='ltr'>vos</span> <span class='ocrx_word' id='word_1_108' title='bbox 627 882 790 920; x_wconf 84' lang='lat' dir='ltr'>autem</span> <span class='ocrx_word' id='word_1_109' title='bbox 833 880 1062 921; x_wconf 87' lang='lat' dir='ltr'>homines</span> <span class='ocrx_word' id='word_1_110' title='bbox 1105 881 1323 935; x_wconf 76' lang='lat' dir='ltr'>nobiles,</span> <span class='ocrx_word' id='word_1_111' title='bbox 1365 882 1449 936; x_wconf 91' lang='lat' dir='ltr'>qui</span> 
     </span>
     <span class='ocr_line' id='line_1_20' title="bbox 110 938 1450 994; baseline 0.001 -15"><span class='ocrx_word' id='word_1_112' title='bbox 110 938 410 979; x_wconf 86' lang='lat' dir='ltr'>Bostrenum</span> <span class='ocrx_word' id='word_1_113' title='bbox 450 941 824 992; x_wconf 82' lang='lat' dir='ltr'>praetextatum</span> <span class='ocrx_word' id='word_1_114' title='bbox 867 953 964 980; x_wconf 89' lang='grc'>11011</span> <span class='ocrx_word' id='word_1_115' title='bbox 1004 939 1266 994; x_wconf 82' lang='lat' dir='ltr'>ferebatis,</span> <span class='ocrx_word' id='word_1_116' title='bbox 1312 939 1450 980; x_wconf 90' lang='lat' dir='ltr'>Com-</span> 
     </span>
    </p>
   </div>
   <div class='ocr_carea' id='block_1_10' title="bbox 76 996 1449 1053">
    <p class='ocr_par' dir='ltr' id='par_1_10' title="bbox 76 996 1449 1053">
     <span class='ocr_line' id='line_1_21' title="bbox 76 996 1449 1053; baseline 0.001 -16"><span class='ocrx_word' id='word_1_117' title='bbox 76 1010 370 1053; x_wconf 82' lang='lat' dir='ltr'>5magenum</span> <span class='ocrx_word' id='word_1_118' title='bbox 407 997 636 1038; x_wconf 84' lang='lat' dir='ltr'>feretis‘?&#39;</span> <span class='ocrx_word' id='word_1_119' title='bbox 689 996 829 1038; x_wconf 80' lang='lat' dir='ltr'>Genus</span> <span class='ocrx_word' id='word_1_120' title='bbox 868 997 986 1038; x_wconf 84' lang='lat' dir='ltr'>vides</span> <span class='ocrx_word' id='word_1_121' title='bbox 1023 1000 1064 1038; x_wconf 87' lang='lat' dir='ltr'>et</span> <span class='ocrx_word' id='word_1_122' title='bbox 1094 998 1234 1039; x_wconf 92' lang='lat' dir='ltr'>locum</span> <span class='ocrx_word' id='word_1_123' title='bbox 1272 999 1449 1039; x_wconf 79' lang='lat' dir='ltr'>iocandi.</span> 
     </span>
    </p>
   </div>
   <div class='ocr_carea' id='block_1_11' title="bbox 109 1055 1452 1287">
    <p class='ocr_par' dir='ltr' id='par_1_11' title="bbox 109 1055 1452 1287">
     <span class='ocr_line' id='line_1_22' title="bbox 109 1055 1451 1111; baseline 0.001 -15"><span class='ocrx_word' id='word_1_124' title='bbox 109 1055 246 1096; x_wconf 82' lang='lat' dir='ltr'>Multa</span> <span class='ocrx_word' id='word_1_125' title='bbox 283 1056 370 1096; x_wconf 82' lang='lat' dir='ltr'>dixi</span> <span class='ocrx_word' id='word_1_126' title='bbox 407 1056 452 1096; x_wconf 90' lang='lat' dir='ltr'>in</span> <span class='ocrx_word' id='word_1_127' title='bbox 489 1055 722 1110; x_wconf 87' lang='lat' dir='ltr'>ignobilem</span> <span class='ocrx_word' id='word_1_128' title='bbox 753 1070 912 1111; x_wconf 86' lang='lat' dir='ltr'>regem,</span> <span class='ocrx_word' id='word_1_129' title='bbox 946 1056 1100 1110; x_wconf 89' lang='lat' dir='ltr'>quibus</span> <span class='ocrx_word' id='word_1_130' title='bbox 1135 1059 1252 1098; x_wconf 88' lang='lat' dir='ltr'>totus</span> <span class='ocrx_word' id='word_1_131' title='bbox 1289 1060 1351 1098; x_wconf 88' lang='lat' dir='ltr'>est</span> <span class='ocrx_word' id='word_1_132' title='bbox 1383 1072 1451 1098; x_wconf 85' lang='lat' dir='ltr'>ex-</span> 
     </span>
     <span class='ocr_line' id='line_1_23' title="bbox 109 1113 1451 1169; baseline 0.001 -15"><span class='ocrx_word' id='word_1_133' title='bbox 109 1114 265 1168; x_wconf 89' lang='lat' dir='ltr'>plosus.</span> <span class='ocrx_word' id='word_1_134' title='bbox 316 1113 408 1163; x_wconf 87' lang='lat' dir='ltr'>Quo</span> <span class='ocrx_word' id='word_1_135' title='bbox 440 1129 592 1169; x_wconf 81' lang='lat' dir='ltr'>genere</span> <span class='ocrx_word' id='word_1_136' title='bbox 625 1118 871 1168; x_wconf 87' lang='lat' dir='ltr'>commotus,</span> <span class='ocrx_word' id='word_1_137' title='bbox 903 1117 950 1155; x_wconf 89' lang='lat' dir='ltr'>ut</span> <span class='ocrx_word' id='word_1_138' title='bbox 984 1115 1082 1169; x_wconf 84' lang='lat' dir='ltr'>dixi,</span> <span class='ocrx_word' id='word_1_139' title='bbox 1113 1115 1279 1169; x_wconf 88' lang='lat' dir='ltr'>Appius</span> <span class='ocrx_word' id='word_1_140' title='bbox 1310 1118 1451 1156; x_wconf 89' lang='lat' dir='ltr'>totum</span> 
     </span>
     <span class='ocr_line' id='line_1_24' title="bbox 110 1172 1452 1228; baseline 0.001 -15"><span class='ocrx_word' id='word_1_141' title='bbox 110 1187 177 1213; x_wconf 91' lang='lat' dir='ltr'>me</span> <span class='ocrx_word' id='word_1_142' title='bbox 209 1173 489 1227; x_wconf 81' lang='lat' dir='ltr'>amplexatur3</span> <span class='ocrx_word' id='word_1_143' title='bbox 527 1172 635 1213; x_wconf 78' lang='lat' dir='ltr'>nihil</span> <span class='ocrx_word' id='word_1_144' title='bbox 666 1175 728 1213; x_wconf 88' lang='lat' dir='ltr'>est</span> <span class='ocrx_word' id='word_1_145' title='bbox 766 1173 878 1213; x_wconf 86' lang='lat' dir='ltr'>enim</span> <span class='ocrx_word' id='word_1_146' title='bbox 915 1173 1081 1214; x_wconf 82' lang='lat' dir='ltr'>fac-ilius</span> <span class='ocrx_word' id='word_1_147' title='bbox 1119 1189 1246 1227; x_wconf 87' lang='lat' dir='ltr'>quam</span> <span class='ocrx_word' id='word_1_148' title='bbox 1289 1175 1452 1228; x_wconf 84' lang='lat' dir='ltr'>reliqua</span> 
     </span>
     <span class='ocr_line' id='line_1_25' title="bbox 112 1231 1286 1287; baseline 0.001 -15"><span class='ocrx_word' id='word_1_149' title='bbox 112 1231 329 1272; x_wconf 88' lang='lat' dir='ltr'>discutere.</span> <span class='ocrx_word' id='word_1_150' title='bbox 392 1231 475 1272; x_wconf 84' lang='lat' dir='ltr'>Sed</span> <span class='ocrx_word' id='word_1_151' title='bbox 504 1245 590 1272; x_wconf 90' lang='lat' dir='ltr'>non</span> <span class='ocrx_word' id='word_1_152' title='bbox 621 1231 792 1285; x_wconf 86' lang='lat' dir='ltr'>faciam,</span> <span class='ocrx_word' id='word_1_153' title='bbox 825 1234 871 1272; x_wconf 87' lang='lat' dir='ltr'>ut</span> <span class='ocrx_word' id='word_1_154' title='bbox 902 1232 1023 1272; x_wconf 88' lang='lat' dir='ltr'>illum</span> <span class='ocrx_word' id='word_1_155' title='bbox 1057 1233 1286 1287; x_wconf 85' lang='lat' dir='ltr'>offendam,</span> 
     </span>
    </p>
   </div>
   <div class='ocr_carea' id='block_1_12' title="bbox 167 1325 1363 1439">
    <p class='ocr_par' dir='ltr' id='par_1_12' title="bbox 167 1325 1363 1439">
     <span class='ocr_line' id='line_1_26' title="bbox 843 1325 1357 1379; baseline 0.004 -14"><span class='ocrx_word' id='word_1_156' title='bbox 843 1340 900 1365; x_wconf 87' lang='lat' dir='ltr'>ne</span> <span class='ocrx_word' id='word_1_157' title='bbox 933 1325 1173 1379; x_wconf 77' lang='lat' dir='ltr'>imploret</span> <span class='ocrx_word' id='word_1_158' title='bbox 1206 1326 1357 1367; x_wconf 82' lang='lat' dir='ltr'>fidem</span> 
     </span>
     <span class='ocr_line' id='line_1_27' title="bbox 167 1381 1363 1439; baseline 0.002 -16"><span class='ocrx_word' id='word_1_159' title='bbox 167 1381 305 1423; x_wconf 84' lang='lat' dir='ltr'>Iovis</span> <span class='ocrx_word' id='word_1_160' title='bbox 335 1381 641 1437; x_wconf 78' lang='lat' dir='ltr'>Hospitalis,</span> <span class='ocrx_word' id='word_1_161' title='bbox 682 1382 860 1424; x_wconf 77' lang='lat' dir='ltr'>Graios</span> <span class='ocrx_word' id='word_1_162' title='bbox 898 1398 1065 1424; x_wconf 90' lang='lat' dir='ltr'>omnes</span> <span class='ocrx_word' id='word_1_163' title='bbox 1104 1385 1363 1439; x_wconf 80' lang='lat' dir='ltr'>convocet,</span> 
     </span>
    </p>
   </div>
   <div class='ocr_carea' id='block_1_13' title="bbox 110 1465 1485 2337">
    <p class='ocr_par' dir='ltr' id='par_1_13' title="bbox 110 1465 975 1521">
     <span class='ocr_line' id='line_1_28' title="bbox 110 1465 975 1521; baseline 0.002 -17"><span class='ocrx_word' id='word_1_164' title='bbox 110 1478 186 1518; x_wconf 87' lang='lat' dir='ltr'>per</span> <span class='ocrx_word' id='word_1_165' title='bbox 217 1478 322 1517; x_wconf 91' lang='lat' dir='ltr'>quos</span> <span class='ocrx_word' id='word_1_166' title='bbox 353 1479 519 1506; x_wconf 86' lang='lat' dir='ltr'>mecum</span> <span class='ocrx_word' id='word_1_167' title='bbox 550 1465 595 1506; x_wconf 88' lang='lat' dir='ltr'>in</span> <span class='ocrx_word' id='word_1_168' title='bbox 625 1465 807 1521; x_wconf 87' lang='lat' dir='ltr'>gratiam</span> <span class='ocrx_word' id='word_1_169' title='bbox 840 1466 975 1506; x_wconf 89' lang='lat' dir='ltr'>rediit.</span> 
     </span>
    </p>

    <p class='ocr_par' dir='ltr' id='par_1_14' title="bbox 110 1522 1485 2337">
     <span class='ocr_line' id='line_1_29' title="bbox 199 1522 1485 1581; baseline 0.002 -18"><span class='ocrx_word' id='word_1_170' title='bbox 199 1522 474 1578; x_wconf 85' lang='lat' dir='ltr'>Theopompo</span> <span class='ocrx_word' id='word_1_171' title='bbox 500 1524 601 1564; x_wconf 86' lang='lat' dir='ltr'>satis</span> <span class='ocrx_word' id='word_1_172' title='bbox 633 1524 844 1564; x_wconf 84' lang='lat' dir='ltr'>faciemus.</span> <span class='ocrx_word' id='word_1_173' title='bbox 894 1524 958 1565; x_wconf 90' lang='lat' dir='ltr'>De</span> <span class='ocrx_word' id='word_1_174' title='bbox 985 1523 1160 1565; x_wconf 82' lang='lat' dir='ltr'>Caesare</span> <span class='ocrx_word' id='word_1_175' title='bbox 1192 1525 1361 1581; x_wconf 84' lang='lat' dir='ltr'>fugerat</span> <span class='ocrx_word' id='word_1_176' title='bbox 1384 1540 1451 1566; x_wconf 92' lang='lat' dir='ltr'>me</span> <span class='ocrx_word' id='word_1_177' title='bbox 1481 1547 1485 1553; x_wconf 41' lang='grc' dir='ltr'><em>ι</em></span> 
     </span>
     <span class='ocr_line' id='line_1_30' title="bbox 112 1580 1452 1638; baseline 0.002 -17"><span class='ocrx_word' id='word_1_178' title='bbox 112 1580 164 1621; x_wconf 85' lang='lat' dir='ltr'>ad</span> <span class='ocrx_word' id='word_1_179' title='bbox 194 1583 237 1621; x_wconf 91' lang='lat' dir='ltr'>te</span> <span class='ocrx_word' id='word_1_180' title='bbox 267 1581 466 1636; x_wconf 78' lang='lat' dir='ltr'>scribere3</span> <span class='ocrx_word' id='word_1_181' title='bbox 503 1582 625 1623; x_wconf 83' lang='lat' dir='ltr'>video</span> <span class='ocrx_word' id='word_1_182' title='bbox 659 1583 789 1635; x_wconf 88' lang='lat' dir='ltr'>enim,</span> <span class='ocrx_word' id='word_1_183' title='bbox 827 1598 930 1636; x_wconf 88' lang='lat' dir='ltr'>quas</span> <span class='ocrx_word' id='word_1_184' title='bbox 966 1585 1014 1623; x_wconf 87' lang='lat' dir='ltr'>tu</span> <span class='ocrx_word' id='word_1_185' title='bbox 1045 1583 1209 1624; x_wconf 88' lang='lat' dir='ltr'>litteras</span> <span class='ocrx_word' id='word_1_186' title='bbox 1242 1587 1452 1638; x_wconf 82' lang='lat' dir='ltr'>exspecta-</span> 
     </span>
     <span class='ocr_line' id='line_1_31' title="bbox 111 1638 1453 1696; baseline 0.003 -17"><span class='ocrx_word' id='word_1_187' title='bbox 111 1639 179 1680; x_wconf 88' lang='lat' dir='ltr'>ris.</span> <span class='ocrx_word' id='word_1_188' title='bbox 237 1638 320 1679; x_wconf 85' lang='lat' dir='ltr'>Sed</span> <span class='ocrx_word' id='word_1_189' title='bbox 350 1640 421 1680; x_wconf 90' lang='lat' dir='ltr'>ille</span> <span class='ocrx_word' id='word_1_190' title='bbox 453 1641 621 1694; x_wconf 87' lang='lat' dir='ltr'>scripsit</span> <span class='ocrx_word' id='word_1_191' title='bbox 653 1640 705 1681; x_wconf 84' lang='lat' dir='ltr'>ad</span> <span class='ocrx_word' id='word_1_192' title='bbox 729 1640 911 1681; x_wconf 88' lang='lat' dir='ltr'>Balbum</span> <span class='ocrx_word' id='word_1_193' title='bbox 942 1641 1190 1682; x_wconf 82' lang='lat' dir='ltr'>fasciculum</span> <span class='ocrx_word' id='word_1_194' title='bbox 1220 1642 1343 1683; x_wconf 89' lang='lat' dir='ltr'>illum</span> <span class='ocrx_word' id='word_1_195' title='bbox 1368 1643 1453 1696; x_wconf 79' lang='lat' dir='ltr'>epi—</span> 
     </span>
     <span class='ocr_line' id='line_1_32' title="bbox 112 1697 1454 1754; baseline 0.002 -16"><span class='ocrx_word' id='word_1_196' title='bbox 112 1697 328 1751; x_wconf 89' lang='lat' dir='ltr'>stolarum,</span> <span class='ocrx_word' id='word_1_197' title='bbox 360 1697 404 1738; x_wconf 89' lang='lat' dir='ltr'>in</span> <span class='ocrx_word' id='word_1_198' title='bbox 430 1713 513 1751; x_wconf 92' lang='lat' dir='ltr'>quo</span> <span class='ocrx_word' id='word_1_199' title='bbox 545 1699 683 1739; x_wconf 83' lang='lat' dir='ltr'>fuerat</span> <span class='ocrx_word' id='word_1_200' title='bbox 713 1713 806 1739; x_wconf 88' lang='lat' dir='ltr'>mea</span> <span class='ocrx_word' id='word_1_201' title='bbox 832 1702 872 1739; x_wconf 91' lang='lat' dir='ltr'>et</span> <span class='ocrx_word' id='word_1_202' title='bbox 898 1699 1034 1752; x_wconf 83' lang='lat' dir='ltr'>Balbi,</span> <span class='ocrx_word' id='word_1_203' title='bbox 1065 1702 1206 1740; x_wconf 89' lang='lat' dir='ltr'>totum</span> <span class='ocrx_word' id='word_1_204' title='bbox 1237 1700 1319 1740; x_wconf 89' lang='lat' dir='ltr'>sibi</span> <span class='ocrx_word' id='word_1_205' title='bbox 1345 1715 1454 1754; x_wconf 86' lang='lat' dir='ltr'>aqua</span> 
     </span>
     <span class='ocr_line' id='line_1_33' title="bbox 110 1756 1452 1811; baseline 0.001 -14"><span class='ocrx_word' id='word_1_206' title='bbox 110 1756 327 1797; x_wconf 83' lang='lat' dir='ltr'>madidum</span> <span class='ocrx_word' id='word_1_207' title='bbox 352 1756 563 1796; x_wconf 86' lang='lat' dir='ltr'>redditum</span> <span class='ocrx_word' id='word_1_208' title='bbox 584 1771 683 1810; x_wconf 84' lang='lat' dir='ltr'>esse,</span> <span class='ocrx_word' id='word_1_209' title='bbox 709 1759 756 1797; x_wconf 84' lang='lat' dir='ltr'>ut</span> <span class='ocrx_word' id='word_1_210' title='bbox 781 1772 832 1797; x_wconf 91' lang='lat' dir='ltr'>ne</span> <span class='ocrx_word' id='word_1_211' title='bbox 858 1757 966 1797; x_wconf 89' lang='lat' dir='ltr'>illud</span> <span class='ocrx_word' id='word_1_212' title='bbox 984 1757 1155 1811; x_wconf 90' lang='lat' dir='ltr'>quidem</span> <span class='ocrx_word' id='word_1_213' title='bbox 1175 1758 1290 1811; x_wconf 87' lang='lat' dir='ltr'>sciat,</span> <span class='ocrx_word' id='word_1_214' title='bbox 1315 1766 1452 1799; x_wconf 87' lang='lat' dir='ltr'>meam</span> 
     </span>
     <span class='ocr_line' id='line_1_34' title="bbox 111 1814 1452 1870; baseline 0.002 -16"><span class='ocrx_word' id='word_1_215' title='bbox 111 1815 240 1855; x_wconf 87' lang='lat' dir='ltr'>fuisse</span> <span class='ocrx_word' id='word_1_216' title='bbox 273 1814 458 1868; x_wconf 86' lang='lat' dir='ltr'>aliquam</span> <span class='ocrx_word' id='word_1_217' title='bbox 483 1815 717 1868; x_wconf 88' lang='lat' dir='ltr'>epistolam.</span> <span class='ocrx_word' id='word_1_218' title='bbox 780 1814 862 1855; x_wconf 84' lang='lat' dir='ltr'>Sed</span> <span class='ocrx_word' id='word_1_219' title='bbox 887 1829 938 1856; x_wconf 82' lang='lat' dir='ltr'>ex</span> <span class='ocrx_word' id='word_1_220' title='bbox 962 1815 1087 1856; x_wconf 90' lang='lat' dir='ltr'>Balbi</span> <span class='ocrx_word' id='word_1_221' title='bbox 1113 1816 1291 1869; x_wconf 87' lang='lat' dir='ltr'>epistola</span> <span class='ocrx_word' id='word_1_222' title='bbox 1319 1831 1452 1870; x_wconf 91' lang='lat' dir='ltr'>pauca</span> 
     </span>
     <span class='ocr_line' id='line_1_35' title="bbox 111 1873 1451 1927; baseline 0.001 -14"><span class='ocrx_word' id='word_1_223' title='bbox 111 1873 240 1913; x_wconf 83' lang='lat' dir='ltr'>verba</span> <span class='ocrx_word' id='word_1_224' title='bbox 275 1873 557 1927; x_wconf 80' lang='lat' dir='ltr'>intellexerat,</span> <span class='ocrx_word' id='word_1_225' title='bbox 595 1873 647 1913; x_wconf 91' lang='lat' dir='ltr'>ad</span> <span class='ocrx_word' id='word_1_226' title='bbox 679 1888 784 1927; x_wconf 84' lang='lat' dir='ltr'>quae</span> <span class='ocrx_word' id='word_1_227' title='bbox 816 1874 1031 1927; x_wconf 85' lang='lat' dir='ltr'>rescripsit</span> <span class='ocrx_word' id='word_1_228' title='bbox 1060 1874 1127 1914; x_wconf 83' lang='lat' dir='ltr'>his</span> <span class='ocrx_word' id='word_1_229' title='bbox 1158 1874 1315 1915; x_wconf 86' lang='lat' dir='ltr'>verbis:</span> <span class='ocrx_word' id='word_1_230' title='bbox 1361 1874 1451 1916; x_wconf 65' lang='lat' dir='ltr'>‘De</span> 
     </span>
     <span class='ocr_line' id='line_1_36' title="bbox 114 1931 1452 1987; baseline 0.002 -16"><span class='ocrx_word' id='word_1_231' title='bbox 114 1931 354 1972; x_wconf 87' lang='lat' dir='ltr'>Cicerone</span> <span class='ocrx_word' id='word_1_232' title='bbox 403 1933 450 1972; x_wconf 87' lang='lat' dir='ltr'>te</span> <span class='ocrx_word' id='word_1_233' title='bbox 492 1932 640 1972; x_wconf 79' lang='lat' dir='ltr'>video</span> <span class='ocrx_word' id='word_1_234' title='bbox 691 1932 929 1986; x_wconf 88' lang='lat' dir='ltr'>quiddam</span> <span class='ocrx_word' id='word_1_235' title='bbox 979 1932 1268 1987; x_wconf 87' lang='lat' dir='ltr'>scripsisse,</span> <span class='ocrx_word' id='word_1_236' title='bbox 1319 1934 1452 1986; x_wconf 90' lang='lat' dir='ltr'>quod</span> 
     </span>
     <span class='ocr_line' id='line_1_37' title="bbox 112 1989 1454 2045; baseline 0.001 -14"><span class='ocrx_word' id='word_1_237' title='bbox 112 2004 202 2045; x_wconf 86' lang='lat' dir='ltr'>ego</span> <span class='ocrx_word' id='word_1_238' title='bbox 240 2004 340 2030; x_wconf 87' lang='lat' dir='ltr'>non</span> <span class='ocrx_word' id='word_1_239' title='bbox 378 1989 637 2044; x_wconf 77' lang='lat' dir='ltr'>intellexi3</span> <span class='ocrx_word' id='word_1_240' title='bbox 679 1993 918 2044; x_wconf 89' lang='lat' dir='ltr'>quantum</span> <span class='ocrx_word' id='word_1_241' title='bbox 956 1993 1120 2031; x_wconf 90' lang='lat' dir='ltr'>autem</span> <span class='ocrx_word' id='word_1_242' title='bbox 1158 1991 1454 2032; x_wconf 85' lang='lat' dir='ltr'>coniectura</span> 
     </span>
     <span class='ocr_line' id='line_1_38' title="bbox 112 2048 1452 2105; baseline 0.001 -17"><span class='ocrx_word' id='word_1_243' title='bbox 112 2048 474 2102; x_wconf 87' lang='lat' dir='ltr'>consequebar,</span> <span class='ocrx_word' id='word_1_244' title='bbox 514 2048 565 2089; x_wconf 87' lang='lat' dir='ltr'>id</span> <span class='ocrx_word' id='word_1_245' title='bbox 605 2052 711 2089; x_wconf 85' lang='lat' dir='ltr'>erat</span> <span class='ocrx_word' id='word_1_246' title='bbox 749 2049 855 2090; x_wconf 90' lang='lat' dir='ltr'>eius</span> <span class='ocrx_word' id='word_1_247' title='bbox 892 2049 1043 2102; x_wconf 88' lang='lat' dir='ltr'>modi,</span> <span class='ocrx_word' id='word_1_248' title='bbox 1083 2052 1137 2090; x_wconf 89' lang='lat' dir='ltr'>ut</span> <span class='ocrx_word' id='word_1_249' title='bbox 1176 2049 1336 2105; x_wconf 86' lang='lat' dir='ltr'>magis</span> <span class='ocrx_word' id='word_1_250' title='bbox 1369 2064 1452 2104; x_wconf 83' lang='lat' dir='ltr'>op-</span> 
     </span>
     <span class='ocr_line' id='line_1_39' title="bbox 111 2106 1452 2162; baseline 0.002 -16"><span class='ocrx_word' id='word_1_251' title='bbox 111 2107 314 2147; x_wconf 89' lang='lat' dir='ltr'>tandum</span> <span class='ocrx_word' id='word_1_252' title='bbox 339 2121 481 2160; x_wconf 86' lang='lat' dir='ltr'>quam</span> <span class='ocrx_word' id='word_1_253' title='bbox 513 2107 813 2160; x_wconf 89' lang='lat' dir='ltr'>sperandum</span> <span class='ocrx_word' id='word_1_254' title='bbox 843 2108 1099 2161; x_wconf 85' lang='lat' dir='ltr'>putarem.&#39;</span> <span class='ocrx_word' id='word_1_255' title='bbox 1130 2106 1280 2162; x_wconf 88' lang='lat' dir='ltr'>Itaque</span> <span class='ocrx_word' id='word_1_256' title='bbox 1305 2110 1452 2161; x_wconf 85' lang='lat' dir='ltr'>postea</span> 
     </span>
     <span class='ocr_line' id='line_1_40' title="bbox 110 2164 1452 2220; baseline 0.001 -15"><span class='ocrx_word' id='word_1_257' title='bbox 110 2165 208 2205; x_wconf 88' lang='lat' dir='ltr'>misi</span> <span class='ocrx_word' id='word_1_258' title='bbox 239 2166 292 2205; x_wconf 88' lang='lat' dir='ltr'>ad</span> <span class='ocrx_word' id='word_1_259' title='bbox 317 2164 536 2206; x_wconf 83' lang='lat' dir='ltr'>Caesarem</span> <span class='ocrx_word' id='word_1_260' title='bbox 561 2165 707 2206; x_wconf 89' lang='lat' dir='ltr'>eodem</span> <span class='ocrx_word' id='word_1_261' title='bbox 739 2165 812 2206; x_wconf 87' lang='lat' dir='ltr'>illo</span> <span class='ocrx_word' id='word_1_262' title='bbox 845 2166 1038 2220; x_wconf 81' lang='lat' dir='ltr'>exemplo</span> <span class='ocrx_word' id='word_1_263' title='bbox 1069 2166 1245 2206; x_wconf 86' lang='lat' dir='ltr'>litteras.</span> <span class='ocrx_word' id='word_1_264' title='bbox 1305 2164 1452 2207; x_wconf 88' lang='lat' dir='ltr'>Iocum</span> 
     </span>
     <span class='ocr_line' id='line_1_41' title="bbox 112 2223 1451 2279; baseline 0.001 -16"><span class='ocrx_word' id='word_1_265' title='bbox 112 2226 253 2264; x_wconf 89' lang='lat' dir='ltr'>autem</span> <span class='ocrx_word' id='word_1_266' title='bbox 294 2223 409 2264; x_wconf 87' lang='lat' dir='ltr'>illius</span> <span class='ocrx_word' id='word_1_267' title='bbox 447 2223 496 2263; x_wconf 91' lang='lat' dir='ltr'>de</span> <span class='ocrx_word' id='word_1_268' title='bbox 537 2237 611 2263; x_wconf 86' lang='lat' dir='ltr'>sua</span> <span class='ocrx_word' id='word_1_269' title='bbox 648 2226 834 2279; x_wconf 86' lang='lat' dir='ltr'>egestate</span> <span class='ocrx_word' id='word_1_270' title='bbox 874 2238 926 2264; x_wconf 89' lang='lat' dir='ltr'>ne</span> <span class='ocrx_word' id='word_1_271' title='bbox 967 2224 1023 2264; x_wconf 88' lang='lat' dir='ltr'>sis</span> <span class='ocrx_word' id='word_1_272' title='bbox 1064 2226 1321 2278; x_wconf 87' lang='lat' dir='ltr'>aspernatus.</span> <span class='ocrx_word' id='word_1_273' title='bbox 1383 2224 1451 2265; x_wconf 92' lang='lat' dir='ltr'>Ad</span> 
     </span>
     <span class='ocr_line' id='line_1_42' title="bbox 112 2281 1450 2337; baseline 0.001 -15"><span class='ocrx_word' id='word_1_274' title='bbox 112 2295 235 2335; x_wconf 86' lang='lat' dir='ltr'>quem</span> <span class='ocrx_word' id='word_1_275' title='bbox 256 2296 334 2337; x_wconf 89' lang='lat' dir='ltr'>ego</span> <span class='ocrx_word' id='word_1_276' title='bbox 354 2281 548 2335; x_wconf 88' lang='lat' dir='ltr'>rescripsi</span> <span class='ocrx_word' id='word_1_277' title='bbox 567 2281 675 2322; x_wconf 88' lang='lat' dir='ltr'>nihil</span> <span class='ocrx_word' id='word_1_278' title='bbox 695 2296 794 2337; x_wconf 85' lang='lat' dir='ltr'>esse,</span> <span class='ocrx_word' id='word_1_279' title='bbox 815 2282 928 2336; x_wconf 88' lang='lat' dir='ltr'>quod</span> <span class='ocrx_word' id='word_1_280' title='bbox 946 2282 1122 2336; x_wconf 88' lang='lat' dir='ltr'>posthac</span> <span class='ocrx_word' id='word_1_281' title='bbox 1144 2297 1262 2323; x_wconf 83' lang='lat' dir='ltr'>arcae</span> <span class='ocrx_word' id='word_1_282' title='bbox 1282 2286 1450 2324; x_wconf 86' lang='lat' dir='ltr'>nostrae</span> 
     </span>
    </p>
   </div>
  </div>
 </body>
</html>
