1659 2552
180 85 268 126 468
510 81 848 117 EPISTULARUM
875 80 1019 115 LIBER
1043 79 1109 115 XV
1137 83 1190 115 21.

181 181 423 223 existimare
459 179 555 234 plus
594 192 847 232 quemquam
886 191 909 217 a
947 191 989 217 se
1027 176 1120 230 ipso
1159 190 1284 230 quam
1322 189 1389 216 me
1420 189 1444 216 a
1479 177 1535 216 te'

181 240 325 281 amari.
388 238 467 279 Cui
505 237 675 292 quidem
713 250 791 291 ego
830 235 963 276 amori
1005 235 1168 275 utinam
1206 234 1356 275 ceteris
1396 233 1523 275 rebus

180 299 365 354 possem!
398 311 539 338 amore
572 298 682 336 certe
715 293 996 348 respondebo,
1028 307 1112 348 quo
1144 296 1285 334 tamen
1318 293 1410 347 ipso
1441 292 1523 334 tibi

183 357 348 399 confido
380 356 571 397 futurum
604 353 715 394 satis.

270 415 397 457 Nunc
433 415 485 455 ad
522 412 746 467 epistulam
778 411 919 464 venio,
961 410 1027 451 cui
1060 410 1228 464 copiose
1260 412 1301 451 et
1337 409 1524 451 suaviter

184 475 364 529 scriptae
404 473 513 514 nihil
553 474 616 512 est
657 470 770 525 quod
809 469 944 510 multa
984 468 1270 523 respondeam.
1332 467 1524 509 Primum

185 534 297 575 enim
324 547 402 588 ego
434 530 685 572 illasCalvo
716 529 881 569 litteras
912 527 1009 569 misi
1041 542 1125 568 non
1157 528 1253 581 plus
1279 541 1406 582 quam
1436 527 1524 580 has,

185 607 288 647 quas
320 605 430 632 nunc
462 590 581 645 legis,
613 588 859 630 existimans
891 587 1096 641 exituras,
1129 587 1252 627 aliter
1283 586 1395 627 enim
1427 585 1525 626 scri-

185 652 342 704 bimus,
380 649 493 704 quod
525 663 596 689 eos
628 647 751 701 solos,
784 646 938 700 quibus
968 645 1197 699 mittimus,
1239 645 1378 699 aliter,
1411 643 1526 698 quod

185 710 343 751 multos
373 709 558 749 lecturos
588 709 805 761 putamus3
837 704 985 745 deinde
1017 704 1235 760 ingenium
1262 704 1350 744 eius
1381 703 1525 744 melio-

185 770 304 810 ribus
336 767 469 809 extuli
506 765 720 818 laudibus,
759 779 885 818 quam
922 766 969 804 tu
1007 763 1050 803 id
1080 777 1177 803 vere
1209 762 1396 816 potuisse
1433 761 1527 802 fieri

186 831 326 883 putas,
358 826 545 881 primum
577 824 691 879 quod
721 823 781 864 ita
813 822 1066 863 iudicabam:
1098 820 1235 862 Acute
1265 820 1528 874 movebatur,

186 901 319 942 genus
345 885 557 940 quoddam
589 882 855 937 sequebatur,
886 881 930 921 in
956 895 1038 935 quo
1071 880 1227 921 iudicio
1258 880 1412 934 lapsus,
1444 893 1528 933 quo

187 945 373 998 valebat,
410 947 552 984 tamen
593 941 918 995 adsequebatur,
960 939 1074 994 quod
1111 938 1329 994 probaret3
1370 937 1528 979 multae

188 1007 307 1046 erant
340 1007 381 1044 et
412 1001 652 1043 reconditae
683 1000 862 1053 litterae,
894 998 957 1039 vis
989 1012 1074 1039 non
1107 1001 1212 1052 erat3
1245 997 1296 1038 ad
1328 1011 1419 1038 eam
1451 996 1529 1052 igi-

187 1067 258 1104 tur
290 1061 562 1115 adhortabar,
593 1060 638 1100 in
664 1058 886 1100 excitando
918 1060 1059 1098 autem
1085 1059 1126 1097 et
1158 1057 1201 1097 in
1228 1055 1414 1097 acuendo
1438 1055 1529 1109 plu-

189 1123 345 1163 rimum
376 1121 504 1173 valet,
543 1119 577 1160 si
608 1118 752 1159 laudes
784 1131 897 1170 eum,
939 1131 1063 1170 quem
1095 1115 1325 1156 cohortere.
1386 1113 1530 1155 Habes

190 1182 239 1221 de
261 1180 390 1221 Calvo
418 1179 621 1220 iudicium
648 1180 689 1217 et
715 1176 938 1217 consilium
964 1189 1116 1228 meum,
1149 1173 1385 1226 consilium,
1417 1171 1531 1227 quod

189 1239 387 1280 hortandi
414 1252 538 1278 causa
561 1236 741 1289 laudavi,
774 1234 988 1287 iudicium,
1021 1233 1134 1287 quod
1161 1232 1210 1273 de
1242 1232 1414 1287 ingenio
1440 1231 1530 1272 eius

190 1298 311 1338 valde
343 1296 582 1338 existimavi
614 1295 730 1335 bene.
919 1333 924 1339 ,

278 1356 508 1409 Reliquum
534 1356 608 1407 est,
639 1356 756 1393 tuam
786 1351 1092 1405 profectionem
1118 1363 1260 1390 amore
1287 1362 1530 1402 prosequar,

192 1415 376 1456 reditum
402 1428 473 1467 spe
494 1415 742 1466 exspectem,
769 1410 984 1451 absentem
1010 1408 1214 1449 memoria
1235 1407 1381 1460 colam,
1407 1420 1531 1447 omne

194 1473 448 1514 desiderium
472 1471 627 1512 litteris
651 1468 870 1510 mittendis
896 1466 1232 1521 accipiendisque
1257 1465 1423 1506 leniam.
1467 1463 1531 1505 Tu

193 1532 322 1573 velim
358 1534 432 1571 tua
469 1530 512 1570 in
549 1543 616 1570 me
655 1527 792 1568 studia
830 1529 871 1568 et
910 1526 1049 1567 officia
1085 1525 1267 1565 multum
1299 1527 1439 1565 tecum
1471 1537 1531 1564 re-

194 1591 375 1632 cordere.
439 1588 553 1637 Quae
579 1602 673 1628 cum
700 1586 780 1627 tibi
804 1586 939 1637 liceat,
970 1584 1077 1625 mihi
1102 1584 1219 1625 nefas
1245 1583 1300 1623 sit
1326 1581 1531 1635 oblivisci,
1552 1592 1581 1616 -'

193 1663 279 1690 non
310 1648 437 1689 modo
463 1648 601 1688 virum
634 1646 793 1686 bonum
824 1658 890 1685 me
922 1642 1196 1695 existimabis,
1226 1656 1372 1682 verum
1404 1641 1532 1682 etiam

194 1712 235 1749 te
268 1723 291 1748 a
321 1722 388 1748 me
421 1706 552 1747 amari
583 1704 815 1759 plurimum
846 1702 1062 1743 iudicabis
1117 1700 1234 1742 Vale.

1546 713 1579 739 10

1549 1007 1582 1031 15
