1659 2552
651 109 793 143 LIBER
818 108 851 143 V
880 112 933 153 19,
960 113 1014 143 20.
1423 107 1506 149 133

162 205 289 247 nibus
328 206 548 246 dumtaxat
580 205 809 246 referendis
842 203 911 260 (de
945 203 1094 245 ceteris
1125 203 1251 244 rebus
1284 204 1506 244 adfirmare

163 279 249 306 non
286 262 485 320 possum)
527 263 636 304 nihil
673 278 769 305 eum
806 263 953 304 fecisse
992 263 1210 317 scientem,
1253 263 1367 317 quod
1398 265 1507 303 esset

165 326 311 364 contra
343 326 415 364 aut
447 337 535 364 rem
568 324 640 363 aut
672 322 1029 363 existimationem
1059 323 1198 376 tuam,
1232 321 1343 376 dein,
1377 322 1412 362 si
1444 336 1506 362 ra-

163 382 329 423 tionum
367 381 681 422 referendarum
719 381 784 422 ius
820 383 940 422 vetus
977 383 1019 421 et
1055 395 1147 421 mos
1185 380 1385 434 antiquus
1421 395 1506 420 ma-

129 453 144 478 5
164 444 301 495 neret,
344 455 412 481 me
452 441 685 481 relaturum
726 439 931 494 rationes,
980 439 1062 479 nisi
1105 442 1245 479 tecum
1292 453 1369 493 pro
1411 452 1505 479 con-

164 500 380 540 iunctione
417 501 586 540 nostrae
623 499 945 539 necessitudinis
989 498 1262 539 contulissem
1307 497 1506 538 confecis-

165 572 353 612 semque,
392 572 479 599 non
518 557 658 598 fuisse.
721 557 843 606 Quod
874 557 1006 613 igitur
1036 557 1229 597 fecissem
1261 556 1313 597 ad
1344 556 1505 610 urbem,

164 617 199 658 si
231 617 490 657 consuetudo
520 616 700 670 pristina
730 619 931 670 maneret,
961 616 1016 670 id,
1049 615 1249 669 quoniam
1279 615 1372 670 lege
1397 613 1507 656 Iulia

165 675 402 729 relinquere
439 675 624 717 lationes
661 675 705 715 in
742 675 961 729 provincia
996 689 1164 715 necesse
1201 676 1291 715 erat
1323 674 1507 714 easdem-

112 748 145 771 10
166 749 247 788 que
284 734 463 775 totidem
499 733 641 774 verbis
678 734 833 774 referre
865 734 918 774 ad
955 733 1180 787 aerarium,
1217 732 1300 774 feci
1336 733 1380 773 in
1411 747 1506 786 pro-

164 793 314 847 vincia,
345 807 480 846 neque
511 793 571 832 ita
602 792 694 846 feci,
726 795 773 833 ut
804 795 845 833 te
878 792 930 841 ad
960 806 1103 832 meum
1128 791 1353 832 arbitrium
1379 791 1506 832 addu-

165 866 319 905 cerem,
358 852 430 892 sed
466 850 599 891 tribui
631 851 710 891 tibi
749 854 931 905 tantum,
971 854 1175 904 quantum
1206 864 1273 891 me
1305 850 1506 891 tribuisse

163 925 395 964 numquam
420 924 488 950 me
512 909 757 963 paenitebit.
819 909 974 950 Totum
1001 909 1113 950 enim
1139 909 1321 949 scribam
1351 923 1505 963 meum,

165 983 290 1023 quem
321 968 401 1009 tibi
427 969 550 1009 Video
581 982 694 1008 nunc
724 982 812 1009 esse
844 971 1096 1022 suspectum,
1127 968 1208 1008 tibi
1233 967 1399 1008 tradidi.
1441 967 1505 1008 Tu

112 1038 144 1063 15
165 1028 202 1069 ei
245 1027 301 1068 M.
339 1026 567 1081 Mindium,
611 1027 785 1067 fratrem
817 1029 955 1080 tuum,
1000 1026 1241 1067 adiunxisti.
1302 1025 1507 1067 Rationes

165 1086 378 1127 confectae
415 1100 482 1126 me
521 1086 692 1126 absente
732 1088 829 1126 sunt
867 1088 1023 1140 tecum3
1063 1086 1116 1125 ad
1147 1099 1250 1139 quas
1287 1099 1365 1140 ego
1397 1084 1507 1125 nihil

165 1144 340 1186 adhibui
375 1147 543 1199 praeter
577 1144 813 1185 lectionem.
880 1143 947 1184 Ita
983 1144 1123 1198 accepi
1160 1144 1319 1184 librum
1351 1158 1374 1183 a
1410 1157 1505 1184 meo

165 1218 285 1245 servo
323 1203 477 1257 scriba,
514 1205 561 1243 ut
598 1203 777 1243 eundem
815 1203 1047 1256 acceperim
1085 1218 1108 1243 a
1144 1203 1274 1243 fratre
1311 1204 1397 1242 tuo.
1460 1200 1505 1242 Si

163 1262 300 1303 honos
330 1262 366 1302 is
397 1262 490 1315 fuit,
521 1262 726 1302 maiorem
757 1261 838 1302 tibi
868 1261 1023 1302 habere
1049 1276 1135 1302 non
1164 1261 1297 1315 potui,
1330 1261 1364 1301 si
1390 1260 1505 1315 fides,

112 1331 146 1356 20
164 1321 369 1362 maiorem
405 1320 486 1361 tibi
523 1320 654 1361 habui
692 1335 819 1374 quam
855 1334 987 1374 paene
1018 1320 1100 1374 ipsi
1130 1319 1255 1374 mihi3
1295 1319 1330 1359 si
1367 1319 1506 1372 provi-

166 1380 348 1420 dendum
385 1379 484 1433 fuit,
524 1393 576 1419 ne
615 1379 717 1433 quid
753 1379 891 1433 aliter,
933 1393 980 1419 ac
1015 1379 1097 1419 tibi
1129 1381 1170 1419 et
1205 1378 1432 1419 honestum
1465 1380 1506 1418 et

165 1438 269 1479 utile
301 1440 421 1492 esset,
452 1437 691 1491 referretur,
722 1452 809 1478 non
839 1437 982 1492 habui,
1014 1438 1081 1478 cui
1105 1437 1248 1491 potius
1274 1437 1318 1476 id
1343 1436 1507 1492 negotii

167 1497 320 1550 darem,
353 1511 479 1550 quam
510 1498 576 1537 cui
607 1496 713 1537 dedi.
756 1495 869 1536 Illud
895 1496 1065 1550 quidem
1097 1498 1207 1536 certe
1239 1496 1399 1536 factum
1431 1497 1505 1549 est,

168 1556 281 1609 quod
304 1556 372 1596 lex
398 1555 583 1609 iubebat,
615 1558 662 1595 ut
687 1555 799 1609 apud
831 1555 933 1595 duas
964 1555 1173 1608 civitates,
1204 1553 1506 1594 Laodicensem

114 1624 146 1648 25
167 1616 208 1654 et
238 1614 538 1667 Apamensem,
577 1628 682 1668 quae
720 1613 844 1654 nobis
881 1613 1064 1654 maxime
1095 1612 1365 1666 videbantur,
1406 1627 1506 1666 quo-

166 1672 280 1712 niam
317 1672 377 1712 ita
413 1686 579 1712 necesse
611 1674 717 1725 erat,
755 1672 939 1712 rationes
977 1672 1189 1713 confectas
1221 1671 1407 1712 conlatas
1441 1671 1507 1711 de-

166 1744 428 1784 poneremus.
488 1728 636 1783 Itaque
672 1730 772 1770 huic
808 1730 901 1771 loco
939 1731 1125 1784 primum
1162 1730 1396 1784 respondeo
1427 1743 1506 1783 me,

168 1802 423 1842 quamquam
449 1788 571 1828 iustis
597 1788 646 1828 de
673 1789 808 1828 causis
834 1789 1018 1829 rationes
1045 1789 1205 1829 deferre
1231 1788 1506 1842 properarim,

166 1851 307 1887 tamen
332 1849 375 1887 te
401 1848 718 1900 expectaturum
743 1847 883 1901 fuisse,
914 1847 997 1887 nisi
1028 1847 1072 1887 in
1096 1846 1315 1900 provincia
1340 1846 1507 1886 relictas

113 1916 147 1940 30
167 1906 352 1946 rationes
382 1919 459 1958 pro
490 1904 632 1945 relatis
662 1904 873 1959 haberem,
905 1920 1031 1958 quam
1064 1905 1117 1946 ob
1150 1919 1239 1945 rem
1260 1928 1467 1944 —-——.

254 1963 318 2004 De
344 1963 523 2004 Volusio
556 1963 669 2017 quod
700 1963 860 2017 scribis,
892 1977 977 2003 non
1009 1965 1072 2003 est
1103 1963 1148 2003 id
1172 1951 1403 2016 rationum,
1437 1962 1506 2002 do-

168 2025 343 2063 cuerunt
375 2022 487 2062 enim
518 2036 585 2062 me
616 2021 743 2075 periti
774 2021 984 2075 homines,
1016 2021 1061 2061 in
1090 2021 1157 2061 his
1189 2035 1285 2061 cum
1317 2020 1506 2061 omnium

165 2081 447 2135 peritissimus
490 2083 581 2120 tum
624 2079 732 2120 mihi
772 2080 1070 2133 amicissimus,
1117 2078 1158 2120 C.
1194 2078 1413 2132 Camillus,
1454 2079 1507 2119 ad

166 2139 392 2180 Volusium
423 2138 592 2179 traferri
622 2152 776 2179 nomen
803 2153 826 2178 a
850 2137 1023 2178 Valerio
1048 2151 1134 2178 non
1158 2137 1358 2191 potuisse,
1389 2152 1509 2191 prae-

114 2209 147 2233 35
168 2198 239 2239 des
270 2197 520 2238 Valerianos
558 2197 704 2237 teneri
770 2195 920 2250 Neque
957 2196 1001 2237 id
1037 2199 1126 2237 erat
1163 2195 1236 2236 HS
1274 2194 1420 2250 ζΧΧΧ,
1458 2198 1506 2236 ut

167 2257 332 2310 scribis,
365 2257 438 2297 sed
467 2255 541 2296 HS
575 2254 710 2311 {1353
741 2258 830 2295 erat
862 2255 974 2295 enim
1006 2257 1150 2295 curata
1174 2254 1298 2295 nobis
1328 2254 1506 2308 pecunia

166 2314 311 2356 Valeri
347 2315 553 2369 mancipis
589 2289 776 2368 nomine3
816 2328 867 2354 ex
904 2328 987 2367 qua
1017 2313 1228 2367 reliquum
1260 2313 1373 2367 quod
1404 2315 1504 2367 erat,

1532 566 1551 595 [ὑ
