1659 2552
72 718 103 741 10

72 1009 102 1034 15

71 1302 104 1326 20

71 1594 104 1618 25

71 1884 104 1909 30

71 2175 104 2200 35

351 80 391 122 Q.
413 80 494 115 CIC.
516 80 578 114 DE
598 80 747 116 PETIT.
768 81 832 115 AD
858 81 906 116 M.
927 81 1096 116 FRATR.
1119 85 1244 116 8—13.
1372 81 1457 122 565

123 178 215 217 tum
245 176 374 217 habet
399 176 606 231 audaciae,
637 178 802 217 tantum
830 176 1054 230 nequitiae,
1086 179 1251 217 tantum
1279 176 1457 230 denique

123 235 167 275 in
198 235 375 275 libidine
407 235 508 275 artis
540 237 582 275 et
613 235 885 289 efficacitatis,
919 237 967 275 ut
997 249 1128 289 prope
1160 236 1203 275 in
1234 238 1457 289 parentum

123 294 295 349 gremiis
334 296 620 347 praetextatos
658 293 815 334 liberos
856 294 1149 348 constuprarit.
1227 294 1337 342 Quid
1378 308 1456 349 ego

123 366 234 393 nunc
270 352 350 393 tibi
389 352 437 392 de
468 351 632 406 Africa,
669 352 771 406 quid
808 352 858 393 de
888 353 1061 393 testium
1093 352 1215 393 dictis
1247 352 1456 393 scribam?

123 410 237 452 Nota
281 413 394 465 sunt,
438 414 479 451 et
517 425 563 451 ea
600 414 647 451 tu
684 411 849 464 saepius
888 411 1038 467 legito3
1081 411 1154 452 sed
1196 414 1337 451 tamen
1376 411 1457 451 hoc

122 469 228 510 mihi
259 484 345 510 non
375 470 794 523 praetermittendum
826 470 1009 524 videtur,
1047 470 1161 524 quod
1190 470 1375 524 primum
1408 484 1458 510 ex

124 542 178 569 eo·
210 528 365 569 iudicio
402 531 490 568 tam
527 543 652 583 egens
691 528 895 582 discessit,
934 543 1060 582 quam
1092 528 1262 583 quidam
1300 528 1457 569 iudices

123 587 212 627 eius
244 590 339 627 ante
371 587 477 627 illud
508 586 570 640 [in
602 601 696 627 eum
728 587 948 641 iudicium]
982 588 1163 641 fuerunt,
1196 587 1343 628 deinde
1368 590 1456 627 tam

123 645 367 699 invidiosus,
398 648 445 686 ut
470 645 584 685 aliud
615 646 658 686 in
685 660 779 686 eum
811 639 1013 687 iudicium
1045 646 1198 687 cotidie
1228 646 1455 701 flagitetur.

122 704 205 744 Hic
242 718 285 745 se
323 704 382 745 sic
417 704 563 757 habet,
604 707 650 745 ut
686 705 822 760 magis
853 705 1050 758 timeant,
1092 704 1257 745 etiamsi
1288 704 1455 758 quierit,

123 777 249 817 quam
292 765 339 803 ut
381 765 671 816 contemnant,
714 763 749 803 si
793 763 895 817 quid
935 763 1220 804 commoverit.
1289 762 1456 812 Quanto

122 821 273 862 melior
303 821 383 862 tibi
414 821 584 861 fortuna
614 821 833 875 petitionis
859 822 955 862 data
981 825 1043 862 est
1069 836 1194 876 quam
1225 836 1360 876 nuper
1383 822 1457 862 ho-

122 880 227 920 mini
257 894 380 934 novo,
413 878 455 920 C.
489 879 650 920 Coelio!
690 879 767 920 Ille
800 895 894 921 cum
927 881 1090 921 duobus
1120 880 1365 921 hominibus
1397 881 1457 921 ita

122 938 397 979 nobilissimis
427 939 614 992 petebat,
651 941 698 979 ut
729 942 870 980 tamen
902 939 945 979 in
977 940 1028 979 iis
1061 940 1201 980 omnia
1232 939 1365 993 pluris
1398 954 1457 979 es-

124 999 215 1038 sent
241 1011 366 1051 quam
398 997 487 1051 ipsa
514 997 726 1051 nobilitas,
759 1013 922 1038 summa
952 998 1133 1053 ingenia,
1165 1012 1353 1038 summus
1382 1012 1457 1051 pu-

124 1056 220 1109 dor,
250 1056 433 1110 plurima
464 1056 686 1109 beneficia,
724 1071 886 1097 summa
918 1057 1026 1097 ratio
1059 1071 1104 1097 ac
1137 1056 1357 1111 diligentia
1388 1070 1457 1110 pe-

122 1114 249 1154 tendi.
310 1114 373 1155 Ac
409 1117 550 1154 tamen
581 1129 726 1155 eorum
757 1115 936 1156 alterum
970 1115 1153 1168 Coelius,
1194 1129 1289 1155 cum
1320 1115 1456 1155 multo

123 1173 299 1213 inferior
330 1176 437 1213 esset
467 1187 637 1228 genere,
669 1174 859 1227 superior
889 1174 1005 1214 nulla
1037 1188 1080 1214 re
1111 1188 1259 1227 paene,
1291 1188 1457 1227 supera-

123 1231 195 1271 vit.
251 1230 387 1280 Quare
427 1231 526 1285 tibi,
567 1231 602 1272 si
638 1231 764 1272 facies
803 1247 866 1286 ea,
905 1247 1009 1286 quae
1046 1235 1196 1273 natura
1234 1234 1274 1272 et
1306 1232 1455 1286 studia,

124 1289 277 1343 quibus
308 1304 472 1343 semper
502 1304 600 1330 usus
632 1305 691 1344 es,
728 1290 984 1346 largiuntur,
1023 1306 1127 1344 quae
1158 1291 1362 1345 temporis
1392 1291 1457 1331 tui

124 1348 232 1388 ratio
270 1347 493 1402 desiderat,
531 1363 636 1402 quae
667 1351 804 1402 potes,
845 1364 950 1403 quae
983 1349 1124 1403 debes,
1161 1364 1246 1390 non
1285 1349 1456 1390 difficile

123 1409 334 1447 certamen
382 1408 459 1448 erit
512 1421 606 1447 cum
661 1407 713 1448 iis
762 1408 1133 1462 competitoribus,
1183 1408 1255 1461 qui
1304 1423 1457 1461 nequa-

123 1479 249 1519 quam
289 1467 386 1506 sunt
426 1468 512 1505 tam
552 1480 704 1520 genere
740 1466 927 1522 insignes
965 1481 1091 1520 quam
1128 1466 1244 1507 vitiis
1280 1467 1455 1507 nobiles.

123 1522 226 1572 Quis
269 1524 380 1564 enim
423 1524 599 1577 reperiri
640 1527 781 1578 potest
823 1528 910 1565 tam
954 1525 1172 1579 improbus
1216 1525 1338 1578 civis,
1384 1526 1456 1579 qui

123 1582 226 1622 velit
265 1596 349 1622 uno
390 1582 591 1637 suffragio
632 1583 733 1623 duas
776 1583 820 1623 in
860 1598 949 1624 rem
988 1584 1202 1637 publicam
1245 1584 1350 1624 sicas
1391 1584 1457 1624 de-

123 1640 359 1695 stringere?

211 1697 430 1751 Quoniam,
462 1713 567 1751 quae
593 1699 780 1739 subsidia
803 1699 1005 1739 novitatis
1032 1700 1208 1740 haberes
1234 1702 1275 1740 et
1300 1700 1455 1740 habere

122 1770 276 1810 posses,
308 1757 493 1810 exposui,
525 1771 635 1797 nunc
668 1757 715 1797 de
747 1757 1038 1812 magnitudine
1069 1758 1288 1811 petitionis
1316 1758 1456 1798 'dicen-

125 1815 224 1855 dum
249 1814 424 1855 videtur.
474 1814 756 1855 ‘Consulatum
786 1816 906 1869 petis,
939 1830 1021 1869 quo
1052 1816 1213 1856 honore
1243 1830 1367 1857 nemo
1394 1819 1457 1857 est

125 1873 226 1927 quin
263 1875 304 1913 te
343 1873 517 1928 dignum
555 1873 800 1928 arbitretur,
838 1874 910 1915 sed
940 1874 1082 1928 multi,
1120 1875 1192 1928 qui
1224 1874 1456 1930 invideant3

122 1931 231 1985 petis
264 1930 375 1971 enim
405 1931 533 1972 homo
565 1946 616 1972 ex
648 1932 831 1986 equestri
862 1932 956 1973 loco
989 1947 1199 1973 summum
1230 1933 1370 1973 locum
1402 1934 1456 1974 ci-

123 1989 279 2044 vitatis,
305 1992 430 2043 atque
456 1990 515 2031 ita
540 2005 762 2044 summum,
793 1993 841 2032 ut
866 1991 968 2032 forti
992 1991 1166 2044 homini,
1201 1992 1369 2045 diserto,
1395 1992 1455 2032 in-

123 2048 292 2089 nocenti
322 2048 457 2088 multo
484 2048 595 2089 idem
626 2049 696 2089 ille
726 2049 861 2090 honos
892 2050 986 2103 plus
1013 2050 1303 2103 amplitudinis
1329 2065 1454 2104 quam

124 2106 271 2147 ceteris
309 2106 465 2147 afferat.
526 2106 628 2148 Noli
664 2110 813 2161 putare
851 2122 938 2162 eos,
980 2109 1051 2162 qui
1084 2111 1182 2148 sunt
1213 2123 1261 2149 eo
1293 2108 1454 2149 honore

123 2164 205 2217 usi,
236 2179 321 2205 non
346 2164 504 2219 videre,
535 2167 581 2205 tu
614 2179 708 2206 cum
739 2166 850 2206 idem
882 2166 938 2207 sis
970 2167 1155 2220 adeptus,
1188 2167 1289 2220 quid
1321 2167 1455 2222 digni-

123 2223 223 2263 tatis
253 2223 476 2263 habiturus
513 2223 579 2264 sis.
641 2223 726 2264 Eos
758 2238 874 2278 vero,
912 2225 983 2277 qui
1016 2225 1305 2265 consularibus
1337 2225 1455 2266 fami-

122 2280 191 2321 liis
221 2281 310 2322 nati
346 2282 486 2322 loc-um
522 2282 730 2322 maiorum
763 2282 974 2323 consecuti
1004 2297 1089 2323 non
1120 2286 1234 2338 sunt,
1266 2284 1456 2338 suspicor

1485 775 1524 804 11
