1659 2552
144 121 198 161 76
643 122 982 157 EPISTULARUM

141 215 323 257 formam
355 217 642 258 communium
681 220 922 272 temporum
955 220 996 258 et
1033 218 1166 258 totius
1197 218 1258 259 rei
1288 218 1483 273 publicae

141 275 296 316 misisti
328 289 585 330 expressam,
624 276 849 330 prudentia
886 276 1125 317 litterarum
1163 279 1331 318 tuarum
1362 277 1483 319 valde

141 332 248 374 inihi
280 337 343 375 est
373 337 511 390 grata3
551 335 672 376 video
706 335 818 376 enim
852 337 893 375 et
924 335 1111 389 pericula
1142 335 1318 390 leviora,
1357 350 1483 390 quam

142 391 366 446 timebam,
411 396 453 434 et
492 394 653 434 maiora
692 393 922 448 praesidia,
963 394 1192 448 siquidem,
1235 397 1283 435 ut
1323 395 1484 450 scribis,

143 465 287 492 omnes
324 451 436 492 vires
476 452 660 493 civitatis
700 466 743 493 se
785 452 837 492 ad
876 451 1054 507 Pompei
1095 453 1267 494 ductum
1306 453 1485 508 adplica-
1521 465 1538 491 5

141 513 310 564 verunt,
342 513 546 564 tuumque
578 511 704 551 simul
734 514 980 565 promptum
1013 511 1201 553 animum
1233 515 1274 553 et
1305 512 1484 554 alacrem

141 569 337 623 perspexi
375 569 428 610 ad
466 570 769 610 defendendam
806 584 895 611 rem
933 570 1147 624 publicam
1178 571 1486 625 mirificamque

143 628 233 682 cepi
265 627 527 682 voluptatem
559 643 610 669 ex
635 628 714 669 hac
738 631 811 669 tua
838 629 1070 684 diligentia,
1102 629 1216 683 quod
1241 629 1284 670 in
1310 630 1486 671 summis

143 686 228 726 tuis
271 687 620 741 occupationibus
660 687 766 728 mihi
807 690 949 729 tamen
992 688 1054 729 rei
1092 688 1287 742 publicae
1328 691 1486 730 statum

143 759 219 799 per
249 747 290 786 te
322 749 471 786 notum
504 760 592 786 esse
623 746 808 787 voluisti.
869 745 982 787 Nam
1022 747 1237 803 auguralis
1267 747 1401 788 libros
1432 747 1485 788 ad
1504 760 1538 785 10

144 818 366 845 commune
398 804 618 858 utriusque
650 807 843 845 nostrum
876 805 1010 846 otium
1043 820 1172 847 serva.
1234 805 1328 862 Ego
1361 806 1485 861 enim,

144 877 168 903 a
198 865 240 903 te
273 876 367 903 cum
399 866 472 903 tua
502 863 711 917 promissa
740 878 817 918 per
846 864 1010 905 litteras
1042 864 1310 920 flagitabam,
1343 865 1395 905 ad
1419 879 1487 906 ur-

144 921 240 962 bem
272 924 314 961 te
346 921 651 963 otiosissimum
683 936 772 963 esse
804 922 1059 978 arbitrabar3
1099 937 1211 964 nunc
1241 926 1401 978 tamen,
1438 927 1486 965 ut

145 980 234 1033 ipse
274 980 508 1034 polliceris,
549 995 626 1035 pro
668 981 942 1036 auguralibus
982 982 1105 1023 libris
1144 983 1355 1024 orationes
1391 986 1486 1023 tuas

146 1039 356 1079 confectas
389 1039 526 1079 omnis
558 1040 821 1094 exspectabo.
1507 1052 1539 1077 15

97 1109 117 1139 5
233 1096 283 1138 D.
316 1097 498 1153 Tullius,
537 1099 604 1139 cui
641 1099 839 1139 mandata
875 1099 927 1139 ad
963 1113 1031 1140 me
1064 1099 1234 1154 dedisti,
1273 1114 1360 1141 non
1391 1114 1486 1141 con-

145 1158 318 1196 venerat
353 1171 438 1211 me,
477 1171 555 1198 nec
595 1160 684 1198 erat
724 1158 808 1198 iam
846 1157 1069 1212 quisquam
1109 1172 1274 1199 mecum
1313 1161 1485 1200 tuorum

144 1217 312 1268 praeter
343 1229 487 1256 omnes
518 1230 647 1270 meos,
679 1216 752 1270 qui
783 1220 882 1258 sunt
913 1231 1058 1258 omnes
1089 1217 1163 1258 tui.
1225 1216 1487 1258 ‘Stomacho-

145 1273 298 1314 siores’
339 1288 453 1314 meas
493 1274 656 1315 litteras
698 1289 801 1328 quas
843 1275 954 1315 dicas
996 1290 1104 1329 esse,
1147 1290 1232 1317 non
1272 1276 1485 1332 intellego.

144 1331 218 1371 Bis
250 1331 302 1372 ad
332 1334 374 1373 te
406 1332 555 1386 scripsi
585 1347 652 1373 me
683 1348 869 1389 purgans
902 1334 1138 1388 diligenter,
1170 1337 1211 1375 te
1242 1334 1393 1376 leviter
1423 1349 1485 1375 ac·
1506 1346 1539 1370 ‘20

146 1404 294 1430 cusans
325 1390 369 1430 in
401 1405 462 1444 eo,
495 1391 608 1445 quod
634 1391 683 1432 de
708 1406 775 1432 me
802 1392 885 1433 cito
912 1392 1168 1433 credidisses.
1208 1392 1329 1441 Quod
1353 1408 1486 1449 genus

146 1448 339 1502 querelae
379 1449 485 1489 mihi
527 1450 697 1503 quidem
734 1450 958 1491 videbatur
995 1465 1084 1491 esse
1121 1451 1262 1506 amici3
1303 1452 1369 1492 sin
1405 1451 1486 1492 tibi

147 1507 351 1561 displicet,
383 1522 468 1548 non
500 1511 596 1548 utar
621 1523 669 1549 eo
695 1509 882 1562 posthac.
945 1508 1038 1563 Sed,
1071 1509 1117 1563 si,
1149 1512 1197 1550 ut
1222 1510 1383 1564 scribis,
1415 1525 1486 1551 eae

145 1566 312 1606 litterae
343 1580 428 1607 non
461 1566 632 1607 fuerunt
671 1567 905 1621 ‘disertae’,
946 1568 1064 1608 scito«
1083 1583 1197 1609 meas
1229 1583 1314 1609 non
1345 1569 1486 1610 fuisse.

144 1623 206 1665 Ut
256 1624 367 1665 enim
411 1624 683 1666 Aristarchus
732 1625 909 1667 Homeri
958 1641 1125 1667 versum
1170 1630 1316 1683 negat,
1361 1642 1486 1682 quem
1507 1639 1539 1664 25

144 1696 230 1724 non
262 1683 432 1737 probat,
471 1684 530 1724 sic
560 1687 608 1725 tu
640 1683 764 1740 (libet
802 1685 914 1726 enim
945 1685 1051 1725 mihi
1083 1685 1250 1741 iocari),
1284 1687 1397 1740 quod
1429 1687 1487 1727 di-

145 1744 305 1782 sertum
342 1756 426 1782 non
466 1742 562 1796 erit,
600 1757 652 1783 ne
690 1743 852 1797 putaris
889 1758 1041 1785 meum.
1104 1743 1210 1785 Vale
1242 1747 1283 1786 et
1320 1745 1364 1786 in
1396 1759 1487 1787 cen-

145 1814 259 1853 sura,
304 1800 339 1840 si
378 1800 460 1840 iam
493 1816 535 1842 es
568 1815 732 1857 censor,
770 1805 818 1843 ut
849 1817 989 1858 spero,
1028 1802 1077 1843 de
1114 1817 1273 1857 proavo
1304 1803 1487 1845 multum

147 1858 333 1914 cogitato
365 1862 451 1899 tuo.

769 1965 861 2007 ΧΠ.
1506 1979 1540 2004 so

243 2045 316 2081 Ser.
345 2045 454 2080 Sidae
479 2057 511 2080 (ι.
539 2046 572 2080 d.
600 2046 674 2080 III
693 2050 759 2081 aut
779 2047 877 2091 prid.
899 2046 996 2081 Non.
1019 2046 1113 2082 Sext.
1141 2059 1174 2082 a.
1203 2049 1273 2082 704
1300 2049 1389 2090 (50).

495 2126 664 2161 CICERO
691 2127 832 2162 APPIO
859 2127 1079 2163 PULCHRO
1107 2128 1140 2163 S:

101 2220 117 2250 1
237 2208 493 2252 Gratulabor
524 2211 605 2252 tibi
635 2211 772 2265 prius,
803 2211 863 2252 ita
894 2212 1007 2252 enim
1038 2226 1178 2252 rerum
1211 2211 1313 2252 ordo
1345 2214 1488 2266 postu-

147 2268 223 2321 lat3
267 2269 414 2310 deinde
453 2269 505 2310 ad
541 2284 608 2310 me
650 2272 880 2310 convertar.
942 2269 1036 2325 Ego
1078 2284 1177 2310 vero
1218 2269 1489 2312 vehementer

146 2326 340 2381 gratulor
378 2328 427 2368 de
466 2328 622 2369 iudicio
655 2327 856 2382 ambitus,
902 2342 1038 2382 neque
1076 2328 1136 2382 id,
1178 2328 1291 2382 quod
1328 2329 1487 2370 nemini
1507 2340 1541 2366 85
