1659 2552
364 88 429 123 AD
457 87 614 130 QUINT.
641 86 810 122 FRATR.
838 86 979 120 LIBER
1002 86 1053 120 HI
1079 90 1110 130 ⁶2,
1137 90 1168 120 3.
1361 85 1443 126 551

103 187 175 225 tua
216 184 268 225 ad
309 185 544 239 perfectum
584 183 668 224 iam
709 197 774 223 res
815 182 971 223 rustica
1010 180 1168 222 Arcani
1209 184 1250 222 et
1290 181 1444 223 Lateri.

102 243 327 284 Praeterea
368 243 416 283 de
458 257 586 296 aqua,
629 242 678 282 de
716 241 784 282 via
820 241 928 281 nihil
965 240 1230 294 praetermisi
1264 240 1444 294 quadam

104 302 282 356 epistola
321 302 423 356 quin
461 301 675 342 enucleate
713 300 766 340 ad
802 303 843 340 te
879 299 1195 354 perscriberem.
1258 298 1341 340 Sed
1377 314 1444 340 me

106 361 177 401 illa
209 375 307 402 cura
339 360 540 401 sollicitat
577 359 779 415 angitque
810 358 1097 412 vehementer,
1135 358 1249 412 quod
1281 358 1444 398 dierum

71 432 86 457 5
106 419 188 460 iam
220 419 400 473 amplius
433 418 741 473 quinquaginta
779 417 1001 458 intervallo
1039 416 1148 458 nihil
1180 432 1203 457 3
1239 419 1298 470 te,
1335 416 1445 457 nihil

107 493 131 518 3
161 478 352 532 Caesare,
394 478 502 517 nihil
542 492 592 518 ex
633 477 725 517 istis
762 476 865 517 10013
901 490 988 517 11011
1027 476 1154 516 1110ἀο
1192 476 1444 529 litterarum,

106 537 175 578 sed
195 551 246 578 ne
267 536 448 577 rumoris
469 536 639 590 quidem
659 535 847 576 adfluxit.
891 534 959 575 Me
986 537 1126 576 autem
1153 534 1237 575 iam
1263 536 1305 575 et
1329 548 1444 574 mare

106 595 213 636 istuc
244 597 286 636 et
316 597 429 636 terra
460 594 673 648 sollicitat,
704 608 839 648 neque
867 593 1024 652 desino,
1055 596 1104 634 ut
1133 593 1183 634 fit
1213 594 1258 634 in
1290 608 1444 647 amor-,e

107 669 170 720 ea,
201 668 306 708 quae
337 653 512 694 minime
543 653 658 707 volo,
698 653 895 707 cogitare.
958 651 1095 701 Quare
1131 666 1217 693 non
1249 652 1444 706 equidem

54 727 191 753 1013111
220 716 262 754 te
301 727 424 768 rogo
464 715 512 752 ut
544 712 596 752 ad
626 726 693 752 1110
727 712 775 752 (10
807 714 866 765 te,
906 710 954 751 de
993 711 1118 752 rebus
1155 710 1248 751 istis
1286 710 1444 752 scribas

107 748 375 827 (numquamo
382 771 505 825 enim,
538 785 632 811 cum
662 772 796 824 potes,
826 767 1163 825 praetermittis),
1195 769 1267 810 sed
1296 769 1379 810 hoc
1402 772 1444 810 te

107 831 212 871 scire
243 830 358 884 volo,
394 804 505 870 nihil
540 830 651 870 fere
665 843 866 883 umquam
903 843 970 869 me
1002 829 1062 869 sic
1093 830 1354 882 exspectasse
1385 830 1444 883 ut,

107 903 201 930 cum
232 889 334 930 haec
366 888 619 942 scribebam,
650 890 744 928 tuas
774 887 949 928 litteras.

193 947 318 989 Nunc
356 961 559 1003 cognosce
598 961 662 1000 03,
701 961 805 1000 quae
838 948 935 987 sunt
966 945 1011 986 in
1048 960 1092 986 re
1123 945 1304 1000 publica.
1369 944 1445 987 Co-

54 1019 86 1044 15
106 1006 326 1047 mitiorum
364 1006 517 1047 cotidie
556 1005 713 1060 singuli
746 1005 833 1045 dies
870 1004 1081 1045 tolluntur
1113 1003 1446 1045 obnuntiationi-

106 1065 185 1106 bus
215 1080 369 1121 magna
392 1065 610 1105 voluntate
641 1064 851 1104 bonorum
883 1064 1090 1117 omnium3
1130 1065 1249 1103 tanta
1285 1063 1446 1104 invidia

106 1127 204 1164 sunt
241 1123 431 1164 consules
467 1125 642 1177 propter
679 1122 960 1176 suspicionem
1000 1124 1221 1176 pactorum
1253 1136 1276 1161 3
1308 1121 1445 1162 candi-

107 1182 215 1222 datis
245 1182 540 1236 praemiorum.
604 1180 825 1221 Candidati
855 1181 1093 1221 consulares
1126 1182 1328 1234 quattuor
1360 1195 1445 1221 om—

105 1255 178 1281 nes
210 1241 281 1281 rei.
345 1239 502 1281 Causae
534 1243 632 1280 sunt
665 1239 868 1293 difficiles,
902 1239 973 1280 sed
1006 1239 1225 1293 enitemur,
1257 1241 1305 1279 ut
1338 1238 1445 1279 Mes-

53 1312 86 1336 20
106 1299 192 1339 sala
221 1302 366 1340 noster
390 1299 529 1340 salvus
561 1299 632 1352 sit,
665 1298 778 1352 quod
810 1301 872 1338 est
903 1298 1031 1338 etiam
1057 1312 1152 1338 cum
1183 1297 1445 1351 reliquorum

106 1358 239 1398 salute
281 1358 561 1399 coniunctum.
626 1356 853 1397 Gabinium
892 1357 941 1397 de
982 1356 1145 1397 ambitu
1186 1371 1305 1397 reum
1345 1355 1446 1397 fecit

105 1415 149 1457 P.
183 1415 300 1457 Sulla
331 1416 620 1457 subscribente
657 1415 855 1470 privigno
886 1415 1106 1469 Memmio,
1144 1415 1275 1455 fratre
1307 1413 1446 1455 Caeci-

106 1475 184 1529 lio,
224 1474 340 1515 Sulla
376 1475 477 1515 filio.
541 1474 697 1515 Contra
736 1474 844 1514 dixit
882 1473 927 1514 L.
960 1473 1201 1527 Torquatus
1233 1473 1447 1514 omnibus-

108 1547 187 1586 que
230 1533 463 1574 libentibus
505 1548 591 1573 non
636 1532 832 1573 obtinuit.
896 1531 1091 1586 Quaeris,
1133 1532 1236 1586 quid
1277 1532 1352 1572 fiat
1397 1532 1446 1572 de

54 1604 87 1628 25
109 1591 300 1632 Gabinio.
362 1591 550 1632 Sciemus
589 1591 638 1631 de
675 1591 893 1631 maiestate
929 1591 1083 1631 triduo.
1146 1590 1238 1639 Quo
1277 1590 1447 1644 quidem

106 1649 151 1690 in
188 1650 344 1690 iudicio
383 1650 479 1691 odio
519 1650 727 1703 premitur
769 1649 958 1690 omnium
999 1664 1220 1704 generum,
1263 1649 1446 1689 maxime

106 1708 287 1749 testibus
311 1708 505 1761 laeditur,
532 1707 845 1748 accusatoribus
866 1707 1153 1762 frigidissimis
1173 1707 1326 1762 utitur,
1353 1721 1448 1747 con·

108 1767 249 1807 silium
275 1766 456 1819 varium,
489 1741 702 1830 quaesitor
733 1765 874 1820 gravis
901 1768 941 1806 et
973 1766 1119 1805 firmus
1145 1764 1294 1819 Alfius,
1325 1763 1448 1805 Po-m

106 1826 226 1879 peius
257 1825 481 1865 vehemens
519 1824 562 1864 in
600 1824 810 1864 iudicibus
842 1824 1052 1878 rogandis
1114 1822 1226 1872 Quid
1256 1799 1447 1864 fdturum

54 1895 88 1919 30
109 1884 184 1929 sit
227 1884 386 1937 110301ος
430 1883 573 1923 10011111
616 1885 758 1922 tamen
795 1882 858 1922 illi
898 1883 942 1922 in
980 1882 1151 1922 civitate
1190 1895 1276 1922 non
1312 1881 1446 1922 video.

106 1941 311 1982 Animum
347 1917 529 1995 praebeo
568 1940 620 1981 ad
657 1940 771 1981 illius
809 1940 1038 1994 perniciem
1074 1940 1357 1994 moderatum,
1396 1940 1449 1980 311

107 2015 248 2041 rerum
280 2002 476 2040 eventum
507 1998 780 2040 lenissimum.

194 2058 337 2099 Habes
380 2059 466 2098 fere
511 2058 561 2098 de
605 2058 801 2098 omnibus
845 2057 981 2098 rebus.
1041 2056 1186 2098 Unum
1230 2056 1337 2097 illud
1379 2056 1447 2096 ad—

108 2117 220 2158 dam:
261 2116 406 2157 Cicero
438 2119 536 2157 tuus
566 2118 793 2170 nosterque
826 2130 990 2156 summo
1024 2115 1164 2156 studio
1197 2118 1259 2156 est
1289 2115 1447 2155 Paeoni

55 2187 88 2211 35
109 2176 173 2216 3111
205 2175 405 2229 rhetoris,
436 2174 638 2228 hominis,
671 2175 839 2228 opinor,
870 2174 990 2214 valde
1017 2174 1236 2214 exercitati
1263 2176 1303 2214 et
1334 2173 1447 2214 boni.

108 2232 191 2274 Sed
232 2237 425 2274 nostrum
469 2232 719 2273 instituendi
762 2246 894 2287 genus
939 2246 1027 2272 esse
1070 2232 1197 2286 paulo
1243 2231 1447 2273 eruditius

107 2294 149 2332 et
179 2293 468 2346 θετικώτερον
499 2305 584 2332 11011
622 2290 802 2346 ignoras.
866 2290 1002 2339 Quare
1039 2304 1174 2344 neque
1208 2304 1286 2346 ego
1319 2290 1449 2344 impe-

1473 2068 1494 2098 4
