1659 2552
192 92 530 127 EPISTULARUM
558 92 621 126 AD
649 91 808 134 QUINT.
834 91 1005 126 FRATR.
1042 92 1184 126 LIBER
1208 92 1225 126 I
1252 97 1281 128 1.
1349 92 1432 133 491

91 188 200 229 viter
230 188 273 228 id
304 189 430 240 ferre,
473 187 544 228 sed
581 190 723 228 tamen
760 189 928 228 nostros
966 187 1129 227 animos
1160 187 1357 228 maximis
1389 188 1434 228 in

91 247 216 287 rebus
255 249 295 287 et
331 246 526 302 gerendis
565 249 606 287 et
647 246 903 287 sustinendis
935 246 1187 286 exercitatos
1220 246 1359 301 frangi
1393 249 1434 286 et

92 305 303 346 debilitari
336 305 531 346 molestia
562 319 647 345 non
681 307 858 359 oportet.
919 305 994 354 Et,
1033 305 1235 358 quoniam
1268 319 1315 345 ea
1346 319 1433 345 mo-

90 364 313 405 lestissime
351 364 461 404 ferre
498 364 691 404 homines
730 363 899 417 debent,
938 377 1043 417 quae
1081 363 1272 417 ipsorum
1311 363 1432 417 culpa

54 435 70 459 -,
92 426 305 463 contracta
337 425 450 476 sunt,
489 425 550 463 est
583 422 783 476 quiddam
814 422 858 462 in
889 421 968 462 hac
998 436 1042 462 re
1074 422 1180 462 mihi
1212 422 1432 463 molestius

90 482 309 522 ferendum
354 496 479 535 quam
529 481 618 521 tibi.
693 480 867 521 Factum
912 483 974 521 est
1017 480 1130 521 enim
1173 495 1266 521 mea
1310 480 1432 535 culpa

91 542 256 594 contra,
290 554 415 593 quam
446 542 493 580 tu
524 553 689 580 mecum
721 542 762 580 et
793 539 1063 593 proficiscens
1089 541 1132 580 et
1161 553 1237 593 per
1267 539 1431 580 litteras

90 613 255 653 egeras,
299 601 345 638 ut
385 598 525 652 priore
566 612 676 638 anno
713 612 799 638 non
836 598 1144 652 succederetur,
1189 598 1303 652 quod
1340 612 1430 653 ego,

91 657 191 697 dum
229 657 354 697 saluti
396 657 606 697 sociorum
648 656 837 710 consulo,
880 657 979 697 dum
1020 656 1307 710 impudentiae
1345 671 1430 697 non

37 729 70 752 10
90 716 304 756 nullorum
342 715 656 771 negotiatorum
688 715 855 769 resisto,
898 715 998 756 dum
1029 718 1218 755 nostram
1249 715 1431 770 gloriam

90 777 162 815 tua
194 774 350 814 virtute
383 774 527 830 augeri
561 776 723 828 expeto,
756 774 835 815 feci
867 788 952 815 non
985 774 1215 828 sapienter,
1246 787 1430 827 praeser—

90 833 168 874 tim
195 847 289 873 cum
321 833 364 873 id
390 833 683 885 commiserim,
716 835 763 873 ut
794 833 865 873 ille
898 833 1005 873 alter
1036 846 1170 873 annus
1196 832 1324 874 etiam
1349 835 1429 873 ter—

89 892 197 932 tium
229 894 370 945 posset
402 891 615 932 adducere.
666 890 789 940 Quod
813 891 1013 945 quoniam
1037 893 1256 945 peccatum
1288 905 1429 932 meum
1456 906 1462 931 ;

90 964 178 991 esse
216 951 435 1003 confiteor,
478 953 539 991 est
580 949 809 1004 sapientiae
849 953 975 1004 atque
1015 949 1292 990 humanitatis
1332 952 1429 991 tuae

39 1020 70 1045 15
91 1023 235 1049 curare
267 1012 309 1050 et
339 1010 550 1062 perficere,
582 1011 628 1049 ut
659 1008 740 1049 hoo
770 1008 909 1049 minus
941 1008 1152 1062 sapienter
1183 1023 1207 1048 a
1237 1023 1304 1049 me
1334 1023 1430 1062 pro-

90 1068 227 1108 visum
265 1067 486 1122 diligentia
523 1070 595 1108 tua
627 1067 873 1123 corrigatur.
935 1066 1014 1120 Ac,
1047 1067 1082 1107 si
1114 1070 1155 1107 te
1188 1066 1276 1120 ipse
1308 1067 1430 1108 vehe-

90 1126 274 1166 mentius
305 1127 357 1166 ad
389 1140 533 1166 omnes
564 1128 705 1179 partes
737 1126 843 1166 bene
875 1125 1071 1166 audiendi
1104 1125 1312 1179 excitaris,
1344 1140 1429 1166 non

90 1188 137 1225 ut
170 1199 263 1225 cum
296 1185 400 1238 aliis,
433 1184 505 1225 sed
536 1188 582 1224 ut
614 1187 753 1225 tecum
785 1184 868 1224 iam
900 1184 989 1238 ipse
1022 1187 1165 1237 certes,
1198 1184 1234 1224 si
1260 1198 1428 1224 omnem

89 1246 206 1284 tuam
243 1246 444 1296 mentem,
483 1257 642 1297 curam,
681 1243 983 1298 cogitationem
1021 1242 1073 1282 ad
1110 1242 1352 1283 excellentis
1385 1243 1428 1283 in

37 1314 71 1337 20
92 1301 287 1342 omnibus
313 1302 438 1342 rebus
469 1301 605 1342 laudis
631 1301 906 1355 cupiditatem
932 1301 1132 1355 incitaris,
1163 1301 1269 1341 mihi
1297 1301 1428 1355 crede,

90 1375 197 1401 unus
229 1375 362 1401 annus
393 1360 559 1400 additus
589 1360 727 1401 labori
757 1362 831 1400 tuo
857 1360 1091 1400 multorum
1117 1374 1323 1400 annorum
1348 1359 1429 1400 lae-

89 1419 229 1459 titiam
259 1418 394 1472 nobis,
426 1419 556 1459 immo
582 1433 680 1459 vero
710 1418 837 1459 etiam
868 1418 1049 1472 posteris
1074 1418 1230 1459 nostris
1257 1418 1427 1459 adferet.

90 1476 356 1531 Quapropter
385 1477 466 1518 hoc
496 1480 538 1518 te
568 1477 754 1531 primum
785 1491 912 1532 rogo,
943 1491 995 1518 ne
1029 1476 1251 1517 contrahas
1283 1491 1330 1517 ac
1363 1476 1428 1517 de-

91 1535 235 1576 mittas
278 1536 465 1576 animum
508 1550 612 1576 neve
657 1538 698 1576 te
747 1536 870 1576 obrui
919 1538 1136 1589 tamquam
1184 1535 1317 1576 fluctu
1370 1535 1429 1576 sic

39 1605 72 1629 25
91 1594 382 1649 magnitudine
413 1594 575 1648 negotii
607 1594 718 1634 sinas
750 1597 978 1647 contraque
1011 1594 1149 1649 erigas
1180 1607 1228 1634 ac
1259 1593 1428 1634 resistas

93 1652 179 1692 sive
217 1651 344 1692 etiam
381 1652 494 1692 ultro
533 1666 726 1692 occurras
758 1652 953 1707 negotiis.
1014 1651 1163 1705 Neque
1195 1652 1307 1692 enim
1340 1652 1429 1692 eius

92 1710 207 1751 modi
238 1712 402 1764 partem
433 1711 493 1750 rei
524 1710 718 1764 publicae
750 1711 873 1765 geriS,
905 1710 950 1750 in
982 1724 1064 1763 qua
1095 1711 1266 1750 fortuna
1299 1710 1429 1750 domi-

91 1772 232 1822 netur,
264 1768 336 1809 sed
367 1768 410 1808 in
442 1783 523 1821 qua
554 1768 785 1822 plurimum
817 1768 925 1808 ratio
956 1768 1091 1821 possit
1123 1770 1164 1808 et
1197 1764 1427 1822 diligentia.

93 1827 252 1876 Quodsi
291 1826 371 1867 tibi
412 1826 570 1867 bellum
610 1826 782 1879 aliquod
821 1840 1022 1881 magnum
1063 1828 1105 1866 et
1144 1826 1428 1879 periculosum

40 1897 74 1922 30
93 1885 404 1927 administranti
429 1887 705 1940 prorogatum
730 1884 955 1938 imperium
979 1884 1178 1938 viderem,
1203 1886 1428 1924 tremerem

93 1945 251 1998 animo,
290 1943 402 1998 quod
439 1943 585 1983 eodem
621 1945 811 1996 tempore
849 1957 936 1983 esse
978 1942 1269 1997 intellegerem
1301 1943 1428 1983 etiam

93 2003 287 2045 fortunae
326 2003 579 2056 potestatem
617 2001 660 2041 in
699 2016 775 2042 nos
815 2003 1098 2056 prorogatam.
1166 2000 1292 2042 Nunc
1328 2015 1427 2041 vero

94 2076 141 2102 ea
182 2075 279 2115 pars
321 2060 402 2101 tibi
439 2060 499 2100 rei
536 2059 729 2113 publicae
767 2060 990 2100 commissa
1027 2062 1105 2113 est,
1150 2059 1194 2099 in
1235 2073 1317 2113 qua
1357 2062 1429 2100 aut

92 2120 253 2160 nullam
284 2122 356 2159 aut
386 2118 659 2173 perexiguam
689 2121 852 2172 partem
883 2118 1055 2158 fortuna
1084 2120 1217 2171 tenet,
1250 2120 1292 2158 et
1324 2132 1429 2170 quae

41 2188 74 2213 35
93 2178 200 2218 mihi
230 2180 321 2218 tota
357 2177 400 2217 in
432 2179 504 2216 tua
535 2176 691 2216 virtute
724 2190 771 2216 ac
809 2176 1098 2216 moderatione
1131 2175 1260 2216 animi
1291 2176 1430 2229 posita

94 2250 182 2277 esse
224 2236 426 2276 videatur.
494 2234 663 2287 Nullas,
706 2237 753 2275 ut
797 2235 967 2288 opinor,
1012 2234 1186 2274 insidias
1228 2234 1429 2287 hostium,

93 2295 254 2335 nullam
283 2294 433 2348 proelii
462 2293 786 2346 dimicationem,
812 2293 972 2333 nullam
993 2292 1271 2333 defectionem
1298 2293 1430 2334 socio-
