1659 2552
589 86 731 120 LIBER
756 86 789 120 ΙΙ
815 90 964 122 14-16,
1389 89 1446 130 45

192 180 276 223 Res
315 181 485 236 publica
527 196 594 223 me
637 182 757 224 valde
801 182 1012 223 sollicitat.
1075 182 1213 224 Faveo
1257 183 1445 239 Curioni,

106 238 325 282 Caesarem
349 241 575 282 honestum
602 256 690 283 esse
709 241 845 295 cupio,
870 256 947 295 pro
972 241 1177 296 Pompeio
1199 243 1331 283 emori
1350 257 1446 297 pos-

104 313 215 354 sum3
247 300 319 340 sed
349 302 492 341 tamen
523 300 614 354 ipsa
646 315 690 341 re
721 300 891 355 publica
922 300 1032 341 nihil
1062 301 1169 341 mihi
1201 304 1264 342 est
1297 302 1445 356 carius,

104 358 149 399 in
187 373 269 412 qua
305 360 352 399 tu
390 373 475 400 non
513 359 633 400 valde
670 362 712 400 te
749 359 895 414 iactas3
937 359 1154 400 districtus
1195 360 1308 401 enim
1339 361 1446 402 mihi

68 429 84 455 5
104 416 260 458 videris
291 431 396 472 esse,
438 417 551 472 quod
583 421 624 459 et
655 418 791 459 bonus
823 418 926 459 civis
958 420 999 459 et
1031 418 1167 459 bonus
1199 419 1358 460 amicus
1391 434 1444 461 es.

192 475 286 531 Ego
331 476 380 517 de
423 476 642 530 provincia
691 476 891 518 decedens
941 480 1208 532 quaestorem
1252 477 1445 519 Coelium

102 534 327 589 praeposui
353 536 605 588 provinciae.
657 535 946 577 ‘Pue1·um?'
978 536 1130 590 inquis.
1167 536 1227 577 At
1254 540 1446 591 quaesto-

103 608 204 648 rem,
236 596 278 634 at
309 594 496 635 nobilem
529 594 854 649 adulescentem,
892 597 935 636 at
967 595 1157 636 omnium
1188 596 1275 637 fere
1309 610 1446 637 exem-

102 652 186 707 plo.
235 651 384 706 Neque
417 655 506 694 erat
538 654 753 707 superiore
784 654 945 694 honore
976 669 1094 709 usus,
1134 669 1259 708 quem
1296 656 1445 709 praefi-

51 725 85 750 ιο
104 726 251 752 cerem.
312 711 565 766 Pomptinus
605 713 740 753 multo
781 715 876 754 ante
918 712 1180 769 discesserat3
1221 729 1245 754 a
1285 713 1444 762 Quinto

103 770 233 811 fratre
264 770 483 824 impetrari
514 785 599 811 non
630 774 814 826 poterat3
856 772 981 826 quem
1012 775 1154 813 tamen
1186 772 1220 813 si
1252 773 1444 827 reliquis-

103 844 208 883 sem,
256 829 442 870 dicerent
478 830 615 883 iniqui
653 845 738 870 non
775 844 842 870 me
880 831 1003 884 plane
1044 833 1141 885 post
1178 846 1355 886 annum,
1397 835 1444 872 ut

103 891 271 929 senatus
290 888 505 942 voluisset,
538 889 587 929 de
611 889 831 943 provincia
851 889 1085 944 decessisse,
1118 890 1318 944 quoniam
1344 890 1445 932 alte-

103 962 198 988 rum
234 961 301 988 me
340 947 615 1002 reliquissem.
682 947 877 988 Fortasse
916 949 1044 990 etiam
1084 949 1191 989 illud
1230 949 1443 1004 adderent,

51 1018 84 1044 15
103 1008 295 1047 senatum
320 1020 391 1047 eos
414 1006 598 1047 voluisse
623 1007 853 1060 provinciis
877 1022 1080 1061 praeesse,
1112 1008 1185 1061 qui
1211 1010 1334 1048 antea
1357 1022 1444 1049 non

103 1065 394 1119 praefuissent,
426 1065 601 1106 fratrem
626 1080 767 1106 meum
792 1066 1023 1107 triennium
1047 1066 1175 1107 Asiae
1199 1067 1442 1120 praefuisse.

102 1123 296 1178 Denique
327 1138 439 1164 nunc
470 1124 676 1165 sollicitus
713 1139 799 1165 non
831 1139 940 1180 sum3
979 1125 1013 1165 si
1045 1125 1220 1166 fratrem
1252 1126 1444 1180 reliquis-

103 1197 211 1237 sem,
244 1183 385 1223 omnia
415 1182 620 1224 timerem.
681 1182 902 1224 Postremo
933 1198 1019 1224 non
1049 1186 1138 1225 tam
1169 1198 1263 1225 mea
1294 1188 1443 1238 sponte

104 1256 231 1295 quam
269 1242 663 1295 potentissimorum
704 1242 884 1283 duorum
924 1243 1138 1297 exemplo,
1189 1243 1262 1297 qui
1307 1244 1443 1284 omnis

53 1313 86 1338 20
106 1299 272 1341 Cassios
308 1299 603 1355 Antoniosque
645 1301 853 1355 complexi
891 1303 1008 1356 sunt,
1048 1301 1267 1343 hominem
1304 1303 1442 1343 adule-

105 1362 289 1400 scentem
320 1374 406 1400 non
436 1362 525 1400 tam
563 1360 730 1400 allicere
767 1359 884 1401 volui
928 1375 1055 1414 quam
1099 1361 1281 1401 alienare
1311 1361 1442 1402 nolui.

102 1417 197 1460 Hoc
226 1421 274 1459 tu
304 1433 446 1459 meum
478 1419 702 1459 consilium
726 1418 870 1461 laudes
896 1422 1115 1475 necessest,
1147 1420 1304 1460 mutari
1330 1420 1443 1461 enim

103 1491 189 1518 non
219 1479 370 1531 potest.

190 1535 255 1577 De
295 1534 437 1576 Ocella
475 1551 626 1590 parum
666 1535 719 1576 ad
758 1551 824 1577 me
864 1535 988 1590 plane
1029 1536 1273 1591 scripseras,
1317 1540 1359 1578 et
1398 1538 1443 1578 in

52 1607 84 1632 25
105 1594 209 1635 actis
248 1609 334 1635 non
374 1597 473 1635 erat.
536 1594 649 1636 Tuae
689 1609 755 1635 res
796 1598 938 1650 gestae
976 1595 1036 1636 ita
1073 1598 1198 1636 notae
1236 1598 1354 1650 sunt,
1396 1599 1443 1637 ut

103 1656 220 1693 trans
250 1656 438 1694 montem
463 1653 650 1694 Taurum
682 1653 809 1694 etiam
842 1654 891 1694 de
917 1653 1120 1695 Matrinio
1153 1654 1208 1695 sit
1240 1655 1442 1696 auditum.

103 1711 216 1767 Ego,
253 1711 335 1751 nisi
373 1711 475 1765 quid
510 1727 577 1752 me
616 1712 768 1753 etesiae
805 1712 1103 1768 morabuntur,
1145 1713 1354 1770 celeriter,
1396 1717 1443 1755 ut

104 1784 238 1825 spero,
270 1784 345 1810 vos
377 1769 541 1811 videbo.

717 1910 829 1951 XVI.

0 1974 1 2000 l
51 2005 84 2030 30
302 1991 377 2026 Ser.
405 1991 445 2025 in
473 1991 634 2025 Cumano
659 1990 723 2024 IV
746 1990 842 2024 Non.
872 1991 967 2025 Mai.
994 2003 1026 2026 α.
1055 1994 1126 2026 ’705
1155 1993 1242 2035 (49).

383 2083 431 2118 M.
459 2082 627 2118 CICERO
654 2083 750 2118 IMP.
778 2083 811 2118 S.
837 2083 880 2118 D.
902 2083 949 2118 M.
977 2083 1158 2119 CAELIO.

189 2179 346 2236 Magno
379 2179 523 2221 dolore
548 2193 615 2220 me
641 2178 890 2219 adfecissent
914 2181 1011 2220 tuae
1036 2179 1214 2234 litterae,
1246 2180 1329 2221 nisi
1355 2181 1440 2222 iam

103 2241 145 2280 et
181 2239 290 2280 ratio
327 2239 420 2292 ipsa
451 2238 680 2292 depulisset
713 2252 856 2278 omnes
887 2238 1120 2293 molestias,
1163 2241 1203 2279 et
1242 2239 1442 2281 diuturna

103 2297 391 2352 desperatione
441 2311 582 2338 rerum
632 2296 899 2338 obduruisset
949 2297 1113 2338 animus
1158 2297 1210 2338 ad
1254 2298 1443 2340 dolorem

1472 197 1492 227 3

1471 490 1489 520 4
