1659 2552
151 114 238 155 ‘294
657 110 998 146 EPISTULARUM

153 209 268 264 quod
305 223 526 250 commune
565 222 659 248 cum
697 207 770 247 illo
810 207 875 247 sit.
941 205 1108 246 Natura
1147 207 1288 246 autem
1325 218 1419 246 mea
1455 206 1498 246 et

153 268 292 310 studia
329 267 504 308 trahunt
542 281 607 307 me
646 266 698 306 ad
735 265 849 319 pacis
888 266 929 305 et
966 264 1177 305 libertatis
1210 263 1496 317 cupiditatem.

150 327 300 382 Itaque
341 326 448 367 illud
488 326 658 366 initium
700 324 836 365 civilis
879 323 981 364 belli
1023 337 1144 377 saepe
1186 322 1357 376 deflevi3
1401 336 1497 363 cum

152 400 253 427 vero
284 399 370 426 non
401 385 547 425 liceret
579 383 683 424 mihi
716 383 875 423 nullius
906 381 1039 436 partis
1071 396 1171 436 esse,
1202 381 1303 435 quia
1334 380 1498 422 utrubi-

152 460 233 500 que
265 458 442 500 magnos
474 443 668 483 inimicos
699 442 920 494 habebam,
952 455 1000 482 ea
1031 443 1167 481 castra
1197 440 1301 495 fugi,
1332 439 1376 480 in
1408 439 1498 494 qui-
1535 450 1551 475 5

152 504 232 544 bus
268 503 392 558 plane
430 505 571 543 tutum
608 516 675 541 me
716 501 769 541 ab
807 500 972 540 insidiis
1004 499 1165 540 inimici
1197 499 1381 540 sciebam
1411 512 1498 539 non

152 563 362 615 futurum3
404 561 645 614 compulsus
683 574 749 614 eo,
787 573 871 613 quo
910 559 1085 599 minime
1117 557 1332 611 volebam,
1369 571 1422 598 ne
1454 557 1498 598 in

154 621 354 662 extremis
398 634 547 673 essem,
592 619 714 672 plane
758 617 946 672 pericula
987 632 1074 658 non
1118 616 1362 657 dubitanter
1402 615 1498 657 adii.

156 679 375 721 Caesarem
414 693 532 731 rerO,
574 678 688 731 quod
724 692 791 718 me
829 677 873 718 in
910 679 1030 718 tanta
1066 676 1238 717 fortuna
1274 674 1401 716 modo
1432 688 1499 716 co-

153 739 322 795 gnitum
348 736 734 778 vetustissimorum
760 735 1035 776 familiarium
1059 735 1153 776 loco
1172 734 1336 789 habuit,
1369 732 1497 775 dilexi
1518 744 1551 769 1⁰

154 812 316 839 summa
355 811 450 837 cum
490 796 647 850 pietate
685 798 727 836 et
764 795 856 835 fide.
919 793 1034 843 Quae
1065 808 1159 835 mea
1190 792 1398 834 sententia
1429 806 1498 848 ge-

154 871 245 897 rere
278 855 383 896 mihi
416 854 548 908 licuit,
579 855 640 895 ita
671 854 768 908 feci,
807 856 854 894 ut
886 853 1073 908 optimus
1104 852 1283 907 quisque
1314 851 1498 893 maxime

153 915 364 969 probarit,
397 913 511 967 quod
542 914 679 954 iussus
712 927 822 967 sum,
855 926 904 953 eo
935 915 1126 966 tempore
1158 914 1284 965 atque
1315 911 1376 951 ita
1406 909 1499 965 feci,

154 976 202 1014 ut
228 975 449 1027 appareret
467 972 603 1012 invito
624 972 878 1026 imperatum
904 985 1003 1012 esse.
1043 969 1173 1011 Cuius
1193 970 1293 1010 facti
1313 969 1499 1010 iniustis·

154 1033 260 1073 sima
292 1032 451 1073 invidia
476 1031 641 1072 erudire
672 1045 739 1071 me
770 1030 923 1085 potuit,
955 1044 1082 1084 quam
1112 1029 1295 1070 iucunda
1324 1028 1500 1069 libertas
1519 1039 1552 1065 15

154 1094 196 1132 et
228 1106 355 1145 quam
386 1090 540 1131 misera
572 1090 650 1131 sub
678 1089 966 1130 dominatione
991 1089 1080 1129 vita
1104 1091 1223 1129 esset.
1285 1086 1362 1142 Ita,
1394 1087 1429 1128 si
1455 1086 1500 1128 id

154 1150 315 1205 agitur,
353 1152 400 1190 ut
432 1163 577 1190 rursus
610 1150 652 1189 in
690 1150 899 1202 potestate
939 1147 1081 1188 omnia
1112 1147 1237 1188 unius
1269 1146 1370 1200 sint,
1409 1145 1500 1200 qui-

155 1223 335 1263 cumque
367 1208 402 1249 is
435 1211 515 1262 est,
553 1208 591 1248 01
623 1222 689 1248 1110
721 1208 926 1261 profiteor
956 1206 1194 1260 inimicum,
1230 1219 1308 1246 1100
1338 1205 1500 1259 pericu—

154 1267 244 1308 lum
283 1270 345 1307 est
383 1266 534 1320 ullum,
574 1266 687 1320 quod
726 1279 804 1319 pro
841 1265 1038 1305 libertate
1076 1267 1148 1305 aut
1186 1264 1394 1319 refugiam
1426 1265 1500 1304 aut

157 1326 364 1380 deprecer.
428 1324 510 1366 Sed
548 1324 738 1365 consules
770 1338 905 1377 neque
937 1325 1106 1364 senatus
1139 1322 1330 1363 consulto
1362 1335 1498 1375 neque
1518 1333 1552 1358 20

154 1384 310 1425 litteris
355 1384 440 1424 suis
483 1386 782 1437 praeceperant
825 1382 952 1436 mihi,
1002 1382 1105 1436 quid
1146 1382 1345 1435 facerem3
1394 1394 1498 1421 unas

157 1443 269 1485 enim
301 1445 397 1496 post
428 1441 528 1483 Idus
558 1441 681 1482 Mart.
721 1441 889 1482 demum
921 1455 945 1480 a
975 1440 1112 1481 Pansa
1150 1440 1315 1480 litteras
1346 1439 1498 1493 accepi,

156 1502 200 1543 in
234 1501 387 1555 quibus
417 1500 615 1541 hortatur
645 1514 724 1554 me,
755 1502 802 1540 ut
834 1502 980 1540 senatu
1013 1499 1194 1539 scribam
1225 1513 1292 1539 me
1318 1500 1359 1538 et
1385 1512 1500 1538 exer-

157 1561 288 1601 eitum
321 1560 365 1600 in
395 1562 605 1613 potestate
636 1559 726 1599 01113
758 1559 960 1599 futurum.
1023 1557 1156 1612 Quod,
1188 1572 1283 1598 cum
1314 1555 1500 1610 Lepidus

157 1619 476 1660 contionaretur
519 1621 644 1672 atque
689 1617 886 1658 omnibus
930 1616 1133 1657 scriberet
1176 1630 1218 1657 se
1263 1615 1499 1656 consentire
1519 1626 1552 1652 25

157 1691 253 1718 011111
290 1676 498 1731 Α11101110,
541 1676 724 1717 maxime
765 1676 1024 1717 contrarium
1061 1675 1161 1730 fuit3
1203 1689 1301 1715 nam
1345 1673 1500 1728 quibus

157 1736 463 1777 commeatibus
494 1736 630 1776 invito
662 1735 736 1775 illo
768 1749 842 1789 per
873 1734 988 1775 illius
1018 1734 1281 1788 provinciam
1311 1733 1500 1789 legiones

158 1795 382 1836 ducerem?
421 1797 510 1848 aut,
549 1795 583 1835 si
616 1796 753 1835 cetera
784 1794 1046 1847 transissem,
1084 1807 1187 1834 num
1218 1792 1346 1833 etiam
1376 1790 1500 1846 Alpis

156 1857 349 1908 poteram
389 1854 671 1906 transvolare,
715 1867 821 1907 quae
865 1852 1075 1906 praesidio
1115 1851 1231 1892 illius
1270 1849 1500 1892 tenentur?

156 1912 277 1953 Adde
309 1912 408 1966 huc,
447 1911 561 1966 quod
591 1911 769 1966 perferri
806 1911 973 1952 litterae
1004 1910 1121 1951 nulla
1152 1909 1397 1951 condicione
1427 1922 1500 1963 po·
1518 1920 1553 1946 30

156 1974 346 2026 tuerunt3
378 1971 579 2011 sescentis
611 1971 723 2011 enim
754 1970 859 2010 loeis
883 1969 1167 2024 excutiuntur,
1199 1968 1347 2009 deinde
1373 1967 1499 2008 etiam

111 2061 117 2068 .
158 2030 395 2070 retinentur
435 2030 487 2070 ab
528 2029 688 2083 Lepido
730 2028 952 2069 tabellarii.
1020 2027 1133 2069 Illud
1171 2041 1238 2068 me
1278 2025 1500 2068 Cordubae

155 2103 234 2142 pro
267 2089 464 2129 contione
497 2088 651 2129 dixisse
683 2102 806 2128 nemo
838 2087 1008 2128 vocabit
1039 2087 1083 2127 in
1113 2086 1300 2139 dubium,
1331 2084 1501 2139 provin-

158 2147 265 2187 ciam
297 2162 363 2188 me
395 2146 514 2201 nulli,
546 2147 627 2187 nisi
661 2147 733 2200 qui
759 2145 812 2186 ab
838 2148 986 2187 senatu
1014 2145 1168 2186 missus
1193 2144 1387 2198 venisset,
1418 2145 1502 2184 tra-

158 2205 356 2246 diturum.
418 2205 531 2246 Nam
569 2205 619 2246 de
656 2205 824 2260 legione
855 2204 1099 2245 tricensima
1138 2201 1341 2244 tradenda
1373 2216 1501 2256 quan-
1520 2211 1554 2238 35

157 2265 221 2303 tas
266 2265 558 2305 contentiones
595 2263 837 2316 habuerim,
883 2263 985 2317 quid
1023 2277 1101 2318 ego
1133 2261 1347 2302 scribam?
1408 2259 1501 2310 Qua

157 2322 313 2362 tradita
340 2325 497 2376 quanto
529 2337 606 2377 pro
639 2336 682 2363 re
708 2336 747 2376 p.
774 2321 984 2362 infirmior
1014 2322 1182 2362 futurus
1210 2319 1375 2374 fuerim,
1408 2318 1502 2374 quis
