1659 2552
552 97 695 132 LIBER
719 97 803 131 XVI
828 100 978 130 22—24.
1359 92 1443 134 487

110 194 354 236 contemnis.
426 193 519 234 Etsi
563 192 731 234 Atticus
774 194 937 246 noster,
982 190 1081 245 quia
1124 189 1336 244 quondam
1380 203 1447 229 me

113 252 367 295 commoveri
400 259 598 301 πανικοῖς
629 251 850 305 intellexit,
881 250 992 290 idem
1025 263 1188 303 semper
1219 250 1341 302 putat
1371 261 1448 288 nec

113 312 243 366 videt,
285 311 438 365 quibus
475 310 694 365 praesidiis
731 308 1024 364 philosophiae
1063 310 1230 361 saeptus
1269 307 1365 361 sim3
1407 308 1448 346 et

112 371 263 424 hercle,
289 370 402 424 quod
426 369 600 410 timidus
626 369 714 422 ipse
735 371 808 422 est,
839 369 1135 421 θορυβοποιεῖ.
1187 365 1281 421 Ego
1307 368 1449 405 tamen

78 442 94 465 5
114 429 274 470 Antoni
315 429 591 469 inveteratam
629 428 717 468 sine
749 427 835 467 ulla
867 425 1095 467 offensione
1128 424 1357 465 amicitiam
1390 437 1450 463 re-

64 828 96 852 10

68 1201 101 1226 15

114 488 246 528 tinere
273 502 370 528 sane
390 487 486 527 volo
506 486 770 540 scribamque
791 485 843 526 ad.
862 499 968 539 eum,
995 484 1067 525 sed
1085 497 1170 524 non
1191 485 1298 536 ante,
1324 497 1450 536 quam

115 549 156 587 te
196 546 351 587 videro.
418 545 507 587 Nec
547 548 688 586 tamen
727 547 769 585 te
810 558 938 584 avoco
980 558 1003 583 a
1043 541 1300 598 syngrapha3
1342 542 1450 594 γόνυ

115 606 287 659 κνήμης.
351 603 452 645 Cras
484 606 657 658 expecto
684 602 861 657 Leptam
887 603 922 655 ᾖ·
948 604 988 642 et
1013 616 1052 642 n.
1079 601 1131 641 ad
1163 600 1281 641 cuius
1312 602 1451 640 rutam

115 664 257 718 puleio
290 663 395 704 mihi
428 663 491 704 tui
524 662 728 703 sermonis
761 660 964 703 utendum
996 662 1069 701 est.
1124 658 1242 700 Vale.

706 812 862 855 XXIV.

142 895 215 931 Ser.
245 896 283 929 in
308 895 487 938 Arpinati
513 895 626 939 paulo
647 898 730 938 post
761 905 793 928 a.
821 894 854 928 d.
882 893 955 926 III
974 893 1031 927 Id.
1059 892 1152 927 Nov.
1181 902 1215 926 a.
1243 893 1314 925 710
1342 891 1430 933 (44).

552 975 751 1009 TULLIUS
786 974 951 1009 TIRONI
983 973 1016 1008 S.

208 1071 301 1112 Etsi
341 1085 463 1112 mane
500 1069 734 1124 Harpalum
770 1070 984 1122 miseram,
1018 1071 1171 1121 tamen,
1204 1080 1299 1107 cum
1329 1065 1455 1106 habe-

120 1145 220 1184 rem,
247 1130 313 1171 cui
338 1133 450 1170 recte
471 1129 612 1169 darem
637 1129 812 1182 litteras,
838 1128 917 1169 etsi
941 1126 1042 1167 novi
1067 1125 1175 1167 nihil
1195 1127 1295 1179 erat,
1321 1124 1454 1165 isdem

122 1190 171 1229 de
203 1189 327 1229 rebus
359 1188 474 1230 volui
513 1188 565 1227 ad
595 1190 636 1228 te
675 1188 839 1242 saepius
871 1185 1070 1239 scribere,
1110 1199 1196 1225 non
1228 1184 1330 1238 quin
1362 1197 1457 1223 con—

122 1248 294 1288 fiderem
337 1246 579 1302 diligentiae
619 1249 733 1301 tuae,
774 1245 846 1286 sed
883 1245 943 1285 rei
979 1258 1047 1284 me
1083 1242 1332 1298 magnitudo
1370 1255 1457 1282 mo-

121 1306 257 1347 vebat.
317 1305 425 1346 Mihi
469 1305 615 1358 ‘prora
659 1308 700 1345 et
742 1304 935 1358 puppis',
979 1305 1026 1343 ut
1069 1301 1323 1342 Graecorum
1362 1314 1458 1354 pro-

122 1364 314 1405 verbium
358 1367 440 1417 est,
482 1363 565 1404 fuit
608 1378 630 1403 a
673 1378 739 1404 me
780 1363 843 1403 tui
885 1361 1145 1414 dimittendi,
1186 1363 1234 1401 ut
1273 1359 1458 1399 rationes

121 1426 287 1464 nostras
318 1422 558 1476 explicares.
608 1421 751 1462 Ofillio
784 1424 825 1462 et
855 1420 1030 1461 Aurelio
1062 1419 1209 1472 utique
1241 1418 1342 1459 satis
1372 1418 1457 1458 fiat.

69 1494 84 1518 2
123 1481 162 1522 A
188 1481 388 1535 Flamma,
420 1480 454 1521 si
485 1495 571 1521 non
601 1483 722 1534 potes
755 1494 889 1534 omne,
919 1482 1083 1533 partem
1115 1477 1300 1531 aliquam
1331 1476 1458 1517 velim

127 1542 396 1593 extorqueas,
439 1539 483 1579 in
525 1539 757 1593 primisque
801 1541 848 1580 ut
891 1537 1086 1592 expedita
1126 1536 1182 1576 sit
1219 1535 1367 1589 pensio
1408 1534 1458 1575 Κ.

123 1597 209 1638 Ian.
270 1597 334 1638 De
383 1597 661 1639 attributione
710 1597 927 1650 conficies,
978 1596 1026 1636 de
1076 1593 1459 1649 repraesentatione

125 1656 298 1697 videbis.

213 1714 276 1754 De
315 1713 554 1754 domesticis
590 1713 716 1753 rebus
753 1712 971 1765 hactenus,
1014 1711 1063 1751 (16
1100 1710 1282 1764 publicis
1321 1709 1460 1750 omnia
1487 1720 1505 1749 2

71 1785 106 1809 -25
126 1773 231 1814 mihi
264 1774 387 1825 certa,
420 1771 521 1825 quid
552 1769 823 1823 Octavianus,
856 1770 958 1823 quid
988 1768 1218 1822 Antonius,
1251 1764 1357 1821 quae
1387 1767 1460 1807 ho-

74 2076 108 2101 30

126 1832 289 1872 minum
322 1830 482 1884 opinio,
521 1829 623 1883 quid
659 1829 850 1868 futurum
880 1830 1013 1882 putes.
1075 1826 1169 1881 Ego
1201 1826 1273 1866 vix
1303 1828 1460 1879 teneor,

127 1890 229 1944 quin
261 1903 493 1941 accurram3
525 1887 597 1928 sed
628 1888 683 1927 st!
714 1887 877 1927 litteras
901 1889 995 1926 tuas
1022 1887 1228 1938 exspecto.
1272 1883 1330 1924 Et
1356 1883 1460 1924 scito

127 1948 308 1988 Balbum
348 1950 438 1987 tum
480 1946 606 1986 fuisse
643 1944 821 1999 Aquini,
863 1959 957 1985 cum
994 1944 1074 1984 tibi
1113 1946 1175 1984 est
1207 1943 1383 1996 dictum,
1421 1944 1463 1982 et

126 2006 330 2060 postridie
355 2005 557 2045 Hirtium.
606 2003 716 2044 Puto
741 2006 967 2057 utrumque
994 2002 1047 2043 ad
1071 2016 1221 2056 aquas,
1253 2000 1325 2041 sed
1350 1999 1464 2054 quod

127 2065 291 2120 egerint
317 2089 388 2103 —.
438 2062 684 2103 Dolabellae
715 2064 1008 2115 procuratores
1039 2061 1104 2101 fac
1135 2062 1183 2100 ut
1215 2059 1463 2100 admonean—

127 2126 206 2164 tur.
251 2121 499 2176 Appellabis
531 2120 659 2161 etiam
689 2119 875 2174 Papiam.
924 2119 1041 2160 Vale.
