1659 2552
153 84 239 125 ,⁶292
658 83 998 119 EPISTULARUM

154 195 359 221 cesseram
390 180 525 221 millia
556 195 703 235 passus
736 182 916 233 centum,
949 194 1033 234 quo
1063 180 1272 221 maturius
1304 177 1499 236 veniret),

153 239 368 280 Antonius
405 239 593 295 legiones
632 239 777 280 eduxit
816 238 935 292 duas,
975 238 1200 280 secundam
1232 241 1274 279 et
1306 238 1498 293 quintam

154 298 458 352 tricensimam,
491 301 532 339 et
565 298 760 338 cohortes
790 297 1024 351 praetorias
1057 297 1176 353 duas,
1208 311 1336 338 unam
1368 312 1499 352 suam,

154 358 330 398 alteram
364 356 509 411 Silani,
544 359 814 397 evocatorum
845 358 1021 409 partem.
1083 355 1149 397 Ita
1181 355 1351 397 obviam
1382 356 1500 397 venit

153 416 289 470 nobis,
322 416 435 470 quod
466 431 543 456 nos
575 418 778 469 quattuor
808 414 997 469 legiones
1028 415 1217 456 tironum
1247 414 1404 456 habere
1436 429 1500 456 so-

152 475 242 516 lum
283 475 581 515 arbitrabatur.
646 474 727 514 Sed
770 476 920 528 noctu,
965 488 1048 528 quo
1092 474 1227 515 tutius
1266 474 1410 515 venire
1454 474 1500 514 in

153 536 289 575 castra
321 548 556 587 possemus,
595 533 807 587 legionem
839 531 1056 586 Martiam,
1098 533 1163 573 cui
1197 546 1275 588 ego
1307 547 1499 587 praeesse

154 593 360 645 solebam,
399 595 439 632 et
479 592 581 632 duas
619 591 814 631 cohortes
851 591 1085 645 praetorias
1121 591 1295 632 miserat
1330 590 1500 632 Hirtius

153 651 288 692 nobis.
346 651 452 692 Cum
478 650 641 704 equites
666 649 829 690 Antoni
861 650 1166 704 apparuissent,
1198 650 1404 691 contineri
1430 665 1499 691 ne-

155 725 235 765 que
266 710 378 765 legio
405 709 559 753 Martia
591 723 727 763 neque.
754 709 950 750 cohortes
979 710 1216 763 praetoriae
1247 711 1498 764 potuerunt3

155 784 258 824 quas
290 769 407 823 sequi
442 769 656 822 coepimus
689 768 835 822 coacti,
868 769 1069 822 quoniam
1102 768 1282 809 retinere
1314 782 1383 809 eas
1412 782 1499 809 non

153 831 438 883 potueramus.
501 827 715 868 Antonius
754 826 807 867 ad
843 826 1001 867 Forum
1041 826 1260 868 Gallorum
1301 841 1397 867 suas
1434 841 1500 867 co-

154 888 246 941 pias
273 886 517 927 continebat
548 901 684 940 neque
716 886 815 927 sciri
840 886 1011 926 volebat
1037 900 1079 927 se
1105 886 1294 941 legiones
1324 885 1499 940 habere,

154 949 321 986 tantum
371 945 607 999 equitatum
657 947 699 985 et
746 944 883 985 levem
932 947 1190 986 armaturam
1240 944 1498 985 ostendebat.

153 1004 438 1059 Posteaquam
481 1004 588 1045 vidit
633 1018 674 1044 se
715 1003 851 1044 invito
895 1003 1108 1059 legionem
1148 1004 1209 1044 ire
1245 1002 1398 1058 Pansa,
1439 1017 1499 1044 se-

156 1064 227 1118 qui
260 1078 303 1105 se
339 1064 441 1104 duas
478 1063 668 1119 legiones
698 1063 822 1103 iussit
855 1062 1056 1103 tironum.
1116 1062 1399 1116 Posteaquam
1430 1077 1500 1103 an-

155 1122 317 1178 gustias
357 1122 524 1176 paludis
565 1125 606 1163 et
647 1122 849 1162 silvarum
889 1122 1151 1177 transiimus,
1194 1121 1302 1162 acies
1340 1124 1402 1162 est
1439 1121 1500 1162 in-

157 1184 317 1222 structa
349 1196 372 1221 a
403 1181 527 1221 nobis
559 1192 623 1221 XII
656 1180 914 1235 cohortium,
945 1181 1134 1221 nondum
1165 1183 1367 1222 venerant
1398 1180 1500 1235 legi-

157 1255 257 1282 ones
302 1240 429 1281 duae:
482 1242 654 1293 repente
699 1238 914 1279 Antonius
959 1240 1003 1280 in
1044 1239 1176 1280 aciem
1217 1253 1312 1279 suas
1358 1239 1500 1293 copias

157 1299 206 1340 de
244 1299 337 1339 vico
374 1298 577 1352 produxit
615 1300 656 1338 et
694 1298 783 1338 sine
820 1312 939 1338 mora
978 1298 1201 1338 concurrit.
1262 1297 1407 1338 Primo
1439 1297 1499 1338 ita

155 1360 450 1413 pugnatumst,
488 1360 536 1397 ut
573 1357 710 1397 acrius
753 1370 836 1396 non
880 1359 1023 1410 posset
1068 1371 1119 1397 ex
1159 1359 1337 1410 utraque
1379 1359 1499 1410 parte

156 1416 356 1472 pugnari,
395 1416 473 1456 etsi
512 1415 724 1456 dexterius
762 1429 910 1469 cornu,
949 1415 992 1455 in
1031 1429 1114 1468 quo
1147 1429 1225 1469 ego
1259 1429 1372 1455 eram
1405 1428 1498 1455 cum

156 1474 335 1516 Martiae
371 1474 552 1530 legionis
585 1473 832 1514 cohortibus
865 1476 978 1527 octo,
1018 1474 1180 1527 impetu
1212 1474 1350 1527 primo
1382 1473 1500 1529 fuga-

157 1537 275 1575 verat
316 1534 528 1588 legionem
569 1544 696 1573 XXXV
737 1531 919 1586 Antoni,
961 1535 1008 1573 ut
1045 1531 1227 1586 amplius
1272 1546 1420 1586 passus
1459 1531 1498 1572 D

157 1593 269 1633 ultra
313 1592 461 1646 aciem,
506 1606 589 1646 quo
632 1591 725 1632 loco
770 1593 960 1645 steterat,
1003 1591 1265 1644 processerit.
1338 1589 1499 1645 Itaque,

158 1666 254 1692 cum
286 1651 448 1705 equites
479 1653 672 1691 nostrum
705 1664 835 1691 cornu
861 1650 1082 1690 circumire
1114 1650 1282 1703 vellent,
1315 1649 1500 1704 recipere

157 1724 224 1751 me
269 1710 386 1763 coepi
432 1711 473 1750 et
515 1709 651 1750 levem
695 1711 952 1749 armaturam
996 1723 1209 1763 opponere
1252 1707 1500 1749 Maurorum

158 1769 391 1823 equitibus,
428 1783 481 1809 ne
512 1782 680 1809 aversos
717 1771 885 1809 nostros
923 1767 1263 1823 adgrederentur.
1323 1765 1500 1808 Interim

157 1828 280 1869 video
311 1842 379 1868 me
409 1841 496 1868 esse
528 1828 639 1868 inter
663 1826 931 1868 Antonianos
956 1825 1276 1880 Antoniumque
1307 1829 1404 1879 post
1433 1839 1501 1866 me

159 1901 247 1928 esse
279 1887 507 1940 aliquanto.
569 1885 759 1940 Repente
785 1900 940 1940 equum
972 1885 1130 1926 immisi
1162 1884 1215 1925 ad
1245 1899 1336 1926 eam
1367 1884 1497 1939 legio-

157 1961 254 1987 nem
286 1946 492 1999 tironum,
534 1959 639 1998 quae
670 1945 867 1986 veniebat
904 1959 955 1985 ex
987 1944 1152 1998 castris,
1183 1946 1302 1984 scuto
1334 1943 1499 1983 reiecto.

158 2004 391 2045 Antoniani
432 2019 499 2045 me
540 2004 722 2058 insequi,
764 2003 899 2044 nostri
938 2003 1026 2057 pila
1066 2002 1226 2044 coicere
1256 2001 1374 2043 velle.
1434 1999 1501 2042 Ita

158 2063 299 2104 nescio
332 2077 415 2117 quo
447 2063 535 2104 fato
569 2077 661 2103 sum
694 2065 895 2116 servatus,
927 2062 1042 2115 quod
1067 2076 1160 2102 sum
1186 2061 1269 2101 cito
1296 2075 1319 2100 a
1344 2059 1501 2100 nostris

161 2123 366 2173 cognitus.
428 2120 478 2162 In
516 2122 607 2176 ipsa
637 2121 837 2175 Aemilia,
876 2120 950 2161 ubi
983 2120 1133 2161 cohors
1166 2118 1354 2160 Caesaris
1385 2133 1502 2172 prae-

159 2176 268 2221 toria
301 2184 401 2235 era-t,
435 2181 506 2221 diu
537 2183 774 2236 pugnatum
804 2182 876 2221 est.
941 2178 1082 2220 Cornu
1109 2177 1355 2231 sinisterius,
1388 2177 1501 2231 quod

161 2243 248 2280 erat
275 2240 496 2293 infirmius,
523 2239 595 2280 ubi
622 2238 800 2279 Martiae
825 2238 1006 2294 legionis
1033 2238 1137 2278 duae
1164 2236 1357 2277 cohortes
1383 2238 1501 2277 erant

160 2301 200 2338 et
233 2298 382 2339 cohors
414 2298 635 2352 praetoria,
668 2297 817 2351 pedem
850 2297 1004 2338 referre
1032 2297 1272 2350 coeperunt,
1304 2294 1417 2348 quod
1448 2294 1500 2336 ab

1519 721 1552 745 10

1520 1014 1552 1039 15

1519 1309 1552 1334 20

1519 1601 1553 1626 25

1518 1895 1552 1918 30

1520 2187 1553 2213 35
