1659 2552
647 100 788 134 LIBER
813 100 845 134 X
883 103 938 144 23,
965 104 1020 135 24.
1430 103 1515 143 285

173 196 305 249 tatur3
343 194 460 235 cuius
498 195 629 249 ipsius
666 210 867 251 magnum
902 195 1136 250 periculum
1175 197 1325 252 agitur.
1388 197 1513 246 Quic-

174 253 277 307 quid
319 253 544 307 aliquando
593 254 784 295 futurum
832 254 914 295 fuit
963 255 1007 295 in
1051 255 1197 295 castris
1252 255 1514 309 perditorum

174 314 320 353 contra
362 313 559 367 patriam,
602 313 683 353 hoc
724 327 846 354 omne
887 313 970 353 iam
1011 314 1228 368 convenit,
1272 328 1348 367 pro
1393 315 1509 355 urbis

173 385 273 411 vero
305 371 438 411 salute
471 385 544 412 0111·
574 386 659 412 non
692 371 888 412 omnibus
919 372 1209 425 facultatibus,
1254 387 1356 426 quas
1387 372 1512 413 habe-

138 441 287 483 5mus,
325 431 521 470 utamur?
583 429 740 479 Quodsi
779 444 853 471 vos
890 430 985 471 istic
1023 445 1108 471 non
1142 431 1376 484 defueritis,
1418 446 1511 485 pro-

173 488 302 542 fecto,
335 489 447 542 quod
478 489 530 529 ad
561 503 627 529 me
659 489 827 543 attinet,
868 489 1064 530 omnibus
1096 489 1221 530 rebus
1253 489 1418 530 abunde
1451 490 1511 530 rei

173 562 212 600 p.
239 547 340 587 satis
366 547 527 587 faciam.
577 547 635 588 Te
662 547 842 601 quidem,
874 547 933 588 mi
966 547 1124 602 Cicero,
1155 548 1199 588 in
1233 547 1320 588 dies
1351 548 1512 588 meher-

175 605 287 646 cules
323 606 458 646 habeo
497 606 717 659 cariorem,
761 606 1152 660 sollicitudinesque
1195 621 1309 647 meas
1359 607 1511 647 cotidie

173 664 309 719 magis
341 667 413 704 tua
444 665 595 705 merita
626 667 847 718 exacuunt,
878 679 929 705 ne
962 665 1064 718 quid
1096 667 1168 705 aut
1194 680 1245 705 ex
1272 679 1413 705 amore
1440 668 1511 705 aut

121 735 154 760 10
175 737 226 763 ex
250 722 407 763 iudicio
432 726 506 763 tuo
532 723 715 777 perdam.
766 722 890 777 Opto,
922 726 968 763 ut
999 723 1105 764 mihi
1136 723 1297 764 liceat
1286 739 1370 764 iam
1396 738 1512 777 prae-

174 781 282 822 senti
312 781 469 835 pietate
500 796 691 823 meorum
724 782 962 822 officiorum
999 784 1071 822 tua
1109 781 1312 823 beneficia
1342 782 1422 822 tibi
1455 782 1513 822 fa-

174 853 265 880 cere
305 840 562 881 iucundiora.
624 853 706 881 1111
746 839 845 881 Idus
885 839 975 881 Iun.
1018 839 1225 881 Cularone
1266 855 1316 881 ex
1356 840 1512 881 finibus

173 898 466 954 Allobrogum.

767 1002 921 1045 XXIV.

120 1098 152 1123 15
427 1084 500 1119 Ser.
528 1085 564 1118 in
593 1085 719 1118 castris
752 1084 786 1117 V
808 1084 854 1118 K.
881 1083 974 1118 Sext.
1003 1096 1036 1118 α.
1065 1087 1133 1118 711
1163 1086 1251 1127 (43).

353 1165 569 1200 PLANCUS
595 1165 689 1199 IMP.
718 1164 812 1200 COS.
840 1165 939 1199 DES.
968 1165 1000 1199 S.
1028 1165 1069 1199 D.
1098 1164 1330 1199 CICERONI.

259 1248 413 1290 Facere
444 1263 529 1289 non
560 1263 744 1303 possum,
777 1249 879 1302 quin
905 1249 948 1289 in
975 1249 1162 1304 singulas
1186 1263 1250 1289 res
1276 1249 1509 1303 meritaque

171 1310 246 1348 tua
282 1308 363 1348 tibi
401 1308 559 1363 gratias
591 1322 730 1362 agam,
772 1307 844 1347 sed
880 1307 1139 1348 mehercules
1170 1307 1278 1347 facio
1311 1322 1405 1347 cum
1436 1322 1510 1361 pu-

173 1366 283 1407 dore.
333 1365 481 1420 Neque
513 1366 625 1406 enim
657 1368 775 1406 tanta
799 1366 1074 1419 necessitudo,
1107 1369 1307 1420 quantam
1332 1368 1379 1406 tu
1404 1366 1510 1406 mihi

120 1439 154 1463 20
173 1427 313 1466 tecum
345 1439 433 1466 esse
464 1424 649 1478 voluisti,
682 1424 916 1465 desiderare
948 1424 1115 1465 videtur
1145 1424 1379 1480 gratiarum
1412 1425 1510 1464 acti-

174 1498 309 1537 onem,
340 1498 475 1537 neque
507 1498 585 1539 ego
617 1483 812 1524 lubenter
841 1497 918 1538 pro
950 1483 1146 1523 maximis
1178 1483 1262 1523 tuis
1295 1483 1510 1523 beneficiis

173 1545 260 1582 tam
291 1542 366 1582 vili
402 1557 575 1583 munere
614 1542 821 1597 defungor
859 1542 1063 1582 orationis
1100 1544 1141 1582 et
1172 1541 1283 1582 malo
1314 1555 1510 1595 praesens

174 1601 452 1654 observantia,
484 1600 759 1655 indulgentia,
792 1600 1043 1641 adsiduitate
1074 1614 1304 1641 memorem
1335 1614 1401 1640 me
1428 1599 1509 1639 tibi

173 1659 363 1713 probare.
432 1658 590 1707 Quodsi
629 1659 735 1699 mihi
775 1659 863 1699 vita
903 1659 1149 1714 contigerit,
1191 1658 1328 1699 omnis
1367 1661 1509 1713 giatas

121 1730 155 1755 25
175 1718 381 1758 amicitias
418 1720 543 1771 atque
581 1717 708 1757 etiam
744 1717 836 1770 pias
872 1717 1211 1771 propinquitates
1248 1717 1292 1757 in
1328 1719 1401 1756 tua
1439 1730 1509 1770 op-

175 1776 401 1829 servantia,
432 1776 712 1830 indulgentia,
745 1775 996 1816 adsiduitate
1028 1776 1210 1829 vincam,
1248 1788 1366 1815 amor
1397 1775 1509 1815 enim

173 1837 271 1875 tuus
309 1849 356 1875 ac
390 1809 596 1874 iudicium
634 1834 683 1874 de
720 1848 786 1874 me
824 1835 967 1874 utrum
1008 1833 1113 1873 mihi
1152 1833 1248 1886 plus
1290 1833 1508 1887 dignitatis

173 1893 218 1933 in
248 1895 498 1947 perpetuum
535 1907 588 1933 an
618 1892 849 1945 voluptatis
887 1891 1039 1932 cotidie
1072 1892 1125 1932 sit
1163 1868 1383 1944 allaturuos,
1423 1905 1509 1931 non

173 1952 296 1992 facile
329 1951 516 1991 dixerim.

120 2022 154 2047 30
261 2010 325 2051 De
362 2010 547 2050 militum
585 2008 816 2050 commodis
856 2009 937 2049 fuit
978 2008 1059 2048 tibi
1100 2022 1242 2061 curae3
1284 2021 1388 2060 quos
1430 2021 1508 2062 ego

173 2083 259 2109 non
290 2068 502 2123 potentiae
534 2082 650 2108 meae
683 2081 804 2107 causa
842 2065 970 2121 (nihil
1001 2066 1112 2107 enim
1144 2080 1210 2106 me
1242 2079 1327 2106 non
1359 2065 1510 2105 saluta

175 2127 278 2167 riter
309 2127 494 2183 cogitare
526 2125 631 2181 scio)
665 2125 804 2165 ornari
831 2125 945 2166 volui
978 2140 1001 2165 a
1032 2128 1190 2177 senatu,
1223 2124 1295 2164 sed
1324 2124 1510 2188 primum

174 2185 288 2239 quod
326 2186 386 2226 ita
422 2185 596 2226 meritos
636 2183 889 2237 iudicabam,
935 2183 1082 2224 deinde
1127 2182 1240 2236 quod
1279 2182 1333 2222 ad
1372 2182 1510 2223 omnis

174 2257 292 2285 casus
324 2244 632 2285 coniunctiores
670 2242 730 2282 rei
760 2258 800 2296 p.
832 2256 920 2282 esse
951 2242 1164 2294 volebam,
1205 2240 1432 2281 novissime
1463 2242 1511 2281 ut

120 2313 155 2338 35
175 2302 226 2343 ab
260 2303 375 2343 omni
408 2302 596 2343 omnium
628 2300 925 2341 sollicitatione
957 2314 1124 2341 aversos
1156 2314 1226 2340 eos
1260 2299 1357 2339 talis
1389 2299 1510 2340 vobis

1535 2018 1554 2048 Ιῦ
