1659 2552
620 90 763 124 LIBER
787 90 872 125 vm
897 93 929 134 8,
957 93 988 124 9.
1402 90 1489 131 215

150 201 273 228 causa
309 186 412 227 haec
449 186 615 241 integra
652 186 696 227 in
733 185 975 240 proximum
1012 199 1169 225 annum
1201 186 1490 240 transferetur,

150 248 203 301 et,
236 247 441 300 quantum
474 245 629 299 divino,
662 244 960 299 relinquendus
986 243 1067 285 tibi
1093 244 1185 298 erit,
1218 244 1291 298 qui
1322 245 1490 298 provin-

103 307 106 312 ’
151 305 257 345 ciam
290 304 496 359 optineat3
533 318 631 343 nam
662 318 748 344 non
781 303 1002 357 expeditur
1033 302 1257 357 successio,
1291 303 1490 357 quoniam

152 362 329 417 Galliae,
368 376 473 416 quae
504 362 663 402 habent
695 362 1034 416 intercessorem,
1066 361 1111 402 in
1143 361 1317 402 eandem
1350 361 1490 402 condi-

114 434 130 460 5
151 422 314 462 cionem
353 436 479 475 quam
511 423 671 461 ceterae
708 421 949 475 provinciae
981 422 1197 461 vocantur.
1258 419 1353 460 Hoc
1383 420 1490 460 mihi

150 495 236 521 non
273 482 335 521 est
374 479 568 533 dubium3
607 493 690 533 quo
728 479 808 520 tibi
839 479 975 535 magis
1007 479 1174 533 scripsi,
1215 481 1262 519 ut
1295 478 1348 519 ad
1378 478 1491 519 hunc

151 541 348 580 eventum
380 541 421 579 te
452 552 632 592 parares.

237 597 341 638 Fere
359 597 515 637 litteris
535 596 730 637 omnibus
750 596 831 636 tibi
852 596 901 637 de
920 595 1138 650 pantheris
1157 595 1316 650 scripsi.
1349 594 1490 649 Turpe

149 656 230 696 tibi
262 656 342 696 erit
372 654 587 696 Patiscum
615 654 789 695 Curioni
816 655 958 695 decem
983 654 1209 709 pantheras
1240 654 1416 708 misisse,
1448 657 1489 694 te

97 727 130 752 10
150 729 235 755 non
266 714 412 755 multis
449 713 641 768 partibus
678 713 830 768 pluris,
871 727 974 767 quas
1006 713 1116 767 ipsas
1150 712 1278 753 Curio
1309 712 1417 753 mihi
1449 715 1490 753 et

150 773 252 814 alias
283 772 505 813 Africanas
537 772 679 812 decem
712 771 901 825 donavit,
932 786 984 812 ne
1015 774 1138 825 putes
1170 772 1291 812 illum
1323 774 1490 812 tantum

150 831 322 886 praedia
359 831 516 872 rustica
549 831 646 871 dare
678 830 794 871 scire.
855 829 940 884 Tfi,
972 830 1007 871 si
1038 830 1164 871 modo
1196 830 1402 871 memoria
1432 832 1491 870 te-

150 890 292 931 nueris
324 892 365 930 et
392 888 614 943 Cibyratas
646 889 882 930 arcessieris
913 889 1099 943 itemque
1124 889 1169 929 in
1193 888 1490 943 Pamphyliam

149 949 314 990 litteras
339 948 505 989 miseris
538 946 654 1004 (nam
680 948 741 988 ibi
766 947 909 1002 plures
930 947 1021 1002 capi
1047 946 1197 1003 aiunt),
1230 947 1344 1001 quod
1362 947 1490 1000 voles,

98 1020 131 1045 15
151 1007 319 1049 efficies.
379 1006 475 1048 Hoc
510 1006 801 1048 vehementius
831 1006 979 1047 laboro
1010 1020 1139 1061 nunc,
1181 1006 1295 1060 quod
1325 1020 1490 1047 seorsus

150 1081 174 1107 a
206 1066 368 1121 collega
403 1068 508 1120 puto
546 1065 653 1106 mihi
692 1065 833 1106 omnia
869 1065 1065 1119 paranda.
1126 1064 1293 1106 Amabo
1325 1067 1384 1119 te,
1415 1064 1491 1105 im-

151 1139 252 1179 pera
282 1124 363 1165 tibi
394 1124 486 1165 hoc.
549 1123 706 1165 Curare
738 1124 847 1164 soles
883 1124 1067 1164 libenter
1097 1126 1145 1164 ut
1176 1138 1255 1179 ego
1286 1123 1491 1164 maiorem

151 1186 315 1237 partem
355 1182 465 1224 nihil
505 1197 661 1223 curare.
721 1181 771 1223 In
811 1182 893 1223 hoc
932 1182 1105 1238 negotio
1146 1182 1262 1222 nulla
1298 1184 1372 1222 tua
1408 1181 1491 1222 nisi

152 1241 353 1296 loquendi
397 1256 495 1282 cura
539 1243 621 1295 est,
663 1240 745 1282 hoc
785 1243 848 1281 est
888 1241 1124 1295 imperandi
1165 1243 1206 1281 et
1246 1239 1491 1294 mandandi,

99 1313 132 1338 20
152 1316 261 1356 nam,
292 1300 547 1354 simulatque
579 1303 702 1340 erunt
734 1302 889 1354 captae,
923 1300 995 1354 qui
1027 1299 1141 1340 alant
1173 1313 1241 1340 eas
1273 1302 1314 1340 et
1347 1299 1492 1353 depor-

151 1362 261 1414 tent,
297 1358 427 1400 habes
459 1373 546 1413 eos,
586 1373 691 1412 quos
723 1358 775 1399 ad
808 1357 1033 1399 Sittianam
1066 1357 1352 1413 syngrapham
1383 1357 1492 1398 misi.

151 1417 261 1459 Puto
293 1417 432 1471 etiam,
464 1417 500 1458 si
531 1417 662 1458 ullam
693 1431 810 1471 spem
835 1417 942 1457 mihi
967 1417 1123 1457 litteris
1149 1416 1394 1470 ostenderis,
1425 1430 1492 1456 me

152 1477 234 1518 isto
265 1476 494 1517 missurum
525 1476 641 1516 alios.

240 1534 296 1575 M.
327 1534 560 1588 Feridium,
598 1549 659 1588 eq.
691 1533 759 1589 R,
797 1534 921 1575 amici
952 1533 1036 1575 mei
1068 1533 1223 1587 filium,
1260 1532 1420 1574 bonum
1453 1534 1493 1573 et

102 1604 134 1630 25
155 1596 374 1634 strenuum
411 1593 737 1647 adulescentem,
776 1593 848 1647 qui
886 1592 939 1633 ad
975 1607 1097 1633 suum
1134 1591 1356 1647 negotium
1388 1591 1495 1632 istoc

155 1651 288 1705 venit,
325 1651 408 1692 tibi
446 1651 693 1692 commendo
726 1653 768 1692 et
798 1654 840 1692 te
878 1665 1001 1706 rogo,
1039 1653 1086 1691 ut
1119 1665 1215 1691 eum
1247 1650 1291 1691 in
1322 1652 1494 1691 tuorum

154 1724 330 1751 numero
361 1709 527 1750 habeas.
588 1709 746 1764 Agros,
785 1724 890 1763 quos
922 1709 1176 1750 fructuarios
1207 1708 1366 1749 habent
1398 1708 1496 1749 civi-

155 1767 275 1822 tates,
306 1768 398 1808 vult
429 1770 504 1808 tuo
535 1767 753 1822 beneficio,
786 1767 900 1822 quod
929 1767 1011 1808 tibi
1042 1767 1164 1807 facile
1197 1769 1239 1807 et
1269 1767 1496 1807 honestum

140 1828 270 1868 ·factu
307 1829 389 1881 est,
430 1826 623 1866 inmunes
661 1840 760 1867 esse.
824 1825 976 1867 Gratos
1014 1828 1055 1866 et
1092 1825 1227 1866 bonos
1264 1825 1377 1866 viros
1414 1825 1496 1865 tibi

102 1898 136 1924 30
157 1885 371 1940 obligaris.

243 1943 356 1985 Nolo
395 1945 436 1984 te
473 1945 623 1997 put-are
660 1942 895 1983 Favonium
933 1956 957 1982 a
994 1941 1265 1983 columnariis
1296 1941 1496 1995 praeteri-

156 2006 265 2057 tum3
310 2002 496 2056 optimus
541 2001 718 2054 quisque
761 2015 857 2041 eum
899 2014 985 2041 non
1028 2000 1138 2041 fecit.
1205 2000 1235 2054 †
1269 1999 1496 2054 Pompeius

156 2064 255 2102 tuus
287 2063 429 2115 aperte
463 2059 682 2100 Caesarem
714 2061 755 2100 et
786 2059 1049 2112 provinciam
1080 2061 1222 2099 tenere
1255 2072 1351 2099 cum
1383 2072 1498 2099 exer-

157 2120 244 2160 citu
264 2122 305 2160 et
326 2118 488 2173 consul3
520 2118 608 2172 ipse
627 2120 769 2158 tamen
787 2117 896 2158 113110
915 2117 1167 2157 sententiam
1188 2116 1306 2171 dixit,
1332 2116 1496 2158 nullum

105 2190 139 2215 35
157 2178 239 2219 hoc
262 2180 453 2231 tempore
478 2180 646 2217 senatus
673 2175 911 2217 consultum
936 2175 1186 2229 faciendum,
1213 2174 1355 2230 Scipio
1377 2175 1497 2230 hanc,

158 2239 205 2277 ut
237 2236 287 2278 K.
319 2235 485 2277 Martiis
524 2235 572 2276 de
609 2234 838 2289 provinciis
873 2233 1020 2275 Galliis
1055 2248 1136 2274 neu
1169 2233 1271 2288 quid
1302 2233 1497 2274 coniunc-

158 2295 236 2336 tim
285 2295 522 2336 referretur.
592 2292 870 2334 Contristavit
918 2292 1021 2333 haec
1063 2292 1272 2333 sententia
1314 2291 1497 2333 Balbum
