1659 2552
148 967 167 996 10

197 111 280 152 14⁶2
691 105 1030 141 EmsruLARUM

841 271 894 313 II.

242 356 317 392 Ser.
347 357 385 390 in
410 355 527 390 Attici
555 355 754 389 Ficuleano
781 357 864 388 ante
890 352 980 387 XII
1001 352 1088 388 Kal.
1116 352 1210 387 Mai.
1237 364 1270 388 a.
1299 355 1372 388 709
1399 355 1492 397 (45).

495 437 542 471 M.
572 435 741 470 CICERO
769 435 802 470 S.
830 434 872 469 D.
901 435 943 468 A.
972 432 1244 476 TORQUATO.

283 532 387 573 Peto
421 547 444 572 a
475 535 534 586 te,
567 546 618 572 ne
650 546 716 571 me
748 532 871 584 putes
903 529 1119 571 oblivione
1151 530 1216 571 tui
1247 530 1383 571 rarius
1415 530 1468 571 ad
1498 532 1541 572 te

195 591 394 645 seribere,
429 605 555 645 quam
587 589 793 643 solebam,
826 588 898 629 sed
929 591 1002 629 aut
1033 589 1243 644 gravitate
1274 589 1540 644 valetudinis,
1578 601 1595 627 5

196 665 278 705 qua
309 654 450 690 tamen
483 650 566 689 iam
598 648 771 702 paulum
803 647 950 688 videor
979 647 1123 702 levari,
1155 650 1229 689 aut
1260 648 1374 702 quod
1405 648 1541 689 absim

196 709 248 750 ab
276 709 391 762 urbe,
424 711 481 762 ut,
514 707 586 762 qui
613 707 665 747 ad
690 709 731 747 te
757 706 1091 761 proficiscantur,
1124 707 1231 747 seire
1258 721 1344 747 non
1369 707 1540 762 possim.

196 767 332 817 Quare
372 767 498 807 velim
536 766 596 806 ita
633 768 839 806 statutum
877 764 1050 819 habeas,
1091 779 1158 806 me
1196 765 1261 806 tui
1291 766 1541 807 memoriam

196 842 290 867 cum
311 840 474 866 summa
499 824 794 865 benevolentia
818 826 972 879 tenere,
997 827 1175 878 tuasque
1202 824 1340 865 omnis
1365 839 1431 866 res
1455 839 1542 866 non

195 885 349 925 minori
383 884 488 924 mihi
522 898 644 924 curae
683 898 809 937 quam
841 897 955 923 meas
987 897 1086 923 esse.
1561 896 1596 920 10

284 954 406 1003 Quod
448 954 607 995 maiore
652 953 697 994 in
740 953 943 994 varietate
986 956 1153 994 versata
1196 956 1258 994 est
1295 954 1432 995 adhuc
1468 956 1542 995 tua

197 1028 336 1067 causa,
379 1028 504 1066 quam
548 1013 743 1053 homines
781 1014 854 1052 aut
889 1011 1091 1053 volebant
1131 1015 1203 1053 aut
1246 1013 1541 1067 opinabantur,

195 1072 300 1112 mihi
327 1072 459 1126 erede,
491 1086 576 1112 non
603 1074 665 1112 est
689 1086 767 1125 pro
793 1071 916 1112 malis
941 1074 1193 1136 temporum,
1226 1072 1341 1126 quod
1364 1071 1542 1113 moleste

196 1132 531 1185 f·e1as3necesse
564 1133 627 1171 est
659 1130 772 1171 enim
804 1132 877 1170 aut
908 1130 1037 1170 armis
1069 1130 1213 1186 urgeri
1245 1145 1333 1171 rem
1364 1146 1403 1185 p.
1436 1145 1541 1172 sem-

194 1189 373 1243 piternis
405 1192 477 1230 aut
509 1189 560 1229 iis
591 1189 742 1243 positis
774 1189 953 1230 recreari
984 1189 1212 1243 aliquando
1245 1192 1317 1230 aut
1349 1189 1541 1230 funditus
1561 1200 1594 1226 15

196 1248 380 1288 interire.
444 1247 489 1289 Si
527 1262 643 1288 arma
680 1246 899 1302 valebunt,
943 1262 1020 1288 neo
1058 1262 1146 1302 eos,
1185 1263 1208 1288 a
1246 1248 1401 1301 quibus
1439 1248 1542 1289 reci-

196 1307 328 1361 peris,
369 1306 505 1347 vereri
538 1306 664 1347 debes
695 1320 772 1347 nee
803 1320 894 1361 eos,
934 1320 1040 1360 quos
1078 1307 1298 1360 adiuvisti3
1340 1307 1375 1347 si
1413 1307 1542 1348 armis

196 1368 268 1405 aut
309 1365 555 1405 condicione
598 1365 749 1419 positis
792 1367 865 1405 aut
909 1365 1212 1420 defetigatione
1256 1365 1432 1406 abiectis
1469 1368 1542 1406 aut

196 1424 374 1464 victoria
407 1423 605 1464 detractis
643 1423 790 1464 civitas
822 1423 1110 1478 respiraverit,
1148 1426 1190 1464 et
1228 1423 1436 1479 dignitate
1467 1426 1541 1465 tua

196 1482 279 1522 frui
323 1482 403 1522 tibi
448 1484 489 1522 et
532 1482 716 1522 fortunis
757 1482 923 1536 licebit3
973 1482 1038 1522 sin
1083 1482 1256 1523 omnino
1300 1483 1540 1524 interierint
1561 1493 1594 1518 20

197 1541 355 1594 omnia,
393 1540 604 1595 fueritque
642 1541 678 1581 is
716 1541 870 1594 exitus,
909 1555 1034 1594 quem
1071 1541 1137 1581 vir
1173 1541 1540 1597 prudentissimus,

196 1598 251 1639 M.
289 1599 519 1653 Antonius,
557 1599 640 1639 iam
679 1602 771 1640 tum
808 1599 1003 1654 timebat,
1045 1613 1140 1640 cum
1178 1603 1344 1641 tantum
1382 1601 1540 1642 instare

196 1657 405 1698 malorum
443 1658 755 1712 suspicabatur,
794 1658 950 1699 misera
989 1660 1054 1699 est
1076 1659 1150 1699 illa
1189 1659 1363 1712 quidem
1396 1673 1540 1700 conso-

196 1716 317 1770 latio,
356 1716 431 1757 tali
464 1717 714 1770 praesertim
748 1717 829 1757 civi
864 1720 905 1757 et
938 1717 1046 1768 viro,
1077 1718 1150 1758 sed
1180 1720 1323 1758 tamen
1354 1732 1540 1759 necessa-

196 1775 268 1829 ria,
294 1775 402 1815 nihil
428 1790 516 1816 esse
542 1776 765 1830 praecipue
793 1775 989 1829 cuiquam
1016 1776 1243 1817 dolendum
1269 1777 1314 1817 in
1339 1791 1400 1831 eo,
1427 1777 1540 1831 quod
1560 1786 1593 1812 25

196 1834 357 1874 accidat
389 1834 606 1875 universis.

284 1903 398 1952 Quae
440 1904 503 1945 vis
544 1905 645 1944 insit
686 1904 730 1945 in
769 1904 836 1945 his
877 1905 1021 1959 paucis
1062 1905 1204 1946 verbis
1245 1904 1386 1959 (plura
1426 1905 1539 1946 enim

196 1963 500 2003 committenda
537 1963 740 2018 epistolae
780 1978 866 2004 non
898 1963 1050 2019 erant),
1093 1964 1128 2004 si
1160 1963 1380 2017 adtendes,
1425 1963 1539 2018 quod

195 2021 318 2074 iac-is,
362 2022 553 2075 profecto
599 2022 727 2063 etiam
773 2022 862 2063 sine
906 2023 1012 2063 meis
1042 2022 1198 2063 litteris
1235 2022 1457 2078 intelleges
1497 2025 1538 2064 te

195 2080 355 2133 aliquid
386 2080 557 2135 habere,
597 2081 710 2135 quod
741 2095 901 2136 speres,
939 2081 1066 2135 nihil,
1106 2081 1220 2135 quod
1251 2083 1323 2121 aut
1353 2080 1435 2121 hoc
1466 2084 1538 2122 aut
1557 2092 1592 2117 80

195 2138 336 2191 aliquo
370 2139 429 2179 rei
467 2155 504 2193 p.
538 2142 651 2180 statu
692 2139 860 2194 timeas3
900 2140 1041 2180 omnia
1079 2140 1114 2180 si
1146 2139 1401 2193 interierint,
1443 2153 1538 2180 eum

196 2197 465 2249 superstitem
503 2200 544 2238 te
582 2212 670 2239 esse
703 2198 764 2239 rei
795 2198 1008 2252 publicae,
1046 2198 1165 2238 nesi
1197 2197 1323 2238 liceat
1356 2198 1539 2252 quidem,

196 2255 315 2306 velis,
354 2256 569 2297 ferendam
608 2271 695 2297 esse
733 2257 966 2310 fortunam,
1003 2256 1250 2310 praesertim
1291 2271 1396 2310 quae
1429 2257 1540 2298 absit

196 2326 218 2351 a
251 2313 382 2366 culpa.
435 2314 516 2355 Sed
547 2315 650 2356 haec
680 2315 893 2356 haetenus.
948 2314 1011 2355 Tu
1037 2315 1164 2356 velim
1191 2315 1349 2356 scribas
1381 2315 1435 2356 ad
1458 2329 1538 2370 me,
