1659 2552
647 98 790 132 LIBER
813 98 863 133 IX
889 102 919 142 6,
943 102 972 133 τ.
1402 98 1489 139 233

147 192 494 247 conquiescimus.
557 192 660 242 Quis
692 193 804 234 enim
835 193 917 234 hoc
947 207 1033 234 non
1065 192 1228 234 dederit
1259 193 1399 248 nobis,
1432 197 1490 248 ut,

147 266 243 293 cum
270 266 398 306 opera
429 255 573 292 nostra
604 252 742 306 patria
774 252 861 293 sive
890 266 976 293 non
1006 252 1142 306 possib
1166 252 1230 292 uti
1257 252 1343 292 sive
1369 252 1490 307 nolit,

147 310 200 351 ad
231 325 322 351 eam
354 311 486 352 vitam
519 314 797 365 revertamur,
837 325 962 364 quam
994 310 1119 351 multi
1153 310 1265 351 docti
1296 310 1490 351 homines

147 370 325 410 fortasse
357 384 443 410 non
475 372 599 423 recte,
631 370 703 410 sed
734 372 875 410 tamen
907 369 1031 410 multi
1064 369 1192 410 ebiam
1224 368 1285 409 rei
1310 384 1348 422 p.
1374 384 1490 422 prae-

111 440 127 465 5
146 428 385 482 ponendam
421 428 707 482 putaverunt?
758 427 872 476 Quae
904 428 1038 484 igitur
1068 427 1208 468 studia
1238 442 1490 482 magnorum

145 487 369 528 hominum
413 486 621 527 sententia
661 487 924 527 vacationem
966 487 1126 527 habent
1167 486 1377 540 quandam
1417 501 1492 539 pu-

146 545 249 586 blici
280 545 479 599 muneris,
511 546 563 585 iis
595 545 848 586 concedente
875 560 918 586 re
950 560 988 599 p.
1016 559 1090 586 cur
1120 559 1206 585 non
1233 544 1490 585 abutamur?

148 603 231 645 Sed
261 604 356 658 plus
388 604 510 657 facio,
542 619 668 658 quam
696 603 896 644 Caninius
928 604 1162 658 mandavit,
1193 604 1223 657 †
1249 604 1339 644 iure
1366 603 1490 657 enim,
1517 615 1536 646 6

147 663 182 703 si
216 663 320 716 quid
350 677 428 718 ego
455 663 617 717 scirem,
650 665 832 717 rogarat,
866 663 980 716 quod
1004 665 1051 703 tu
1076 662 1271 716 nescires,
1303 676 1382 717 ego
1408 662 1490 702 tibi

97 734 128 758 10
149 736 197 762 ea
233 736 376 775 narro,
415 736 521 775 quae
559 724 605 761 tu
644 721 794 762 melius
833 721 912 761 scis
945 735 1072 775 quam
1104 721 1210 775 ipse,
1250 721 1322 775 qui
1353 725 1511 761 narro.'

147 779 316 820 Faciam
349 794 450 835 ergo
482 780 600 833 illud,
633 779 746 833 quod
778 782 951 835 rogatus
984 794 1088 833 sum,
1121 783 1168 820 ub
1194 794 1352 833 eorum,
1386 793 1491 833 quae

147 838 352 892 temporis
395 838 521 879 huius
565 839 673 892 sint,
716 839 746 892 ἦ·
791 830 915 892 quae'
940 840 1013 879 tua
1056 838 1249 893 audiero,
1292 852 1345 879 ne
1389 837 1492 892 quid

148 897 328 952 ignores.

771 1000 864 1042 VH.

96 1084 128 1109 15
419 1081 493 1117 Ser.
521 1082 657 1117 Romae
681 1092 735 1116 eae.
762 1093 805 1116 m.
833 1081 940 1116 ῙΙΙαιῗο
966 1093 999 1116 α.
1029 1084 1101 1116 708
1129 1084 1220 1125 (46).

608 1162 776 1197 CICERO
804 1162 1032 1198 VARRONI.

238 1246 449 1288 Cenabam
487 1247 598 1301 apud
638 1246 798 1301 Seium,
840 1261 935 1288 cum
972 1247 1142 1301 utrique
1173 1250 1367 1288 nostrum
1400 1246 1491 1288 red·
1519 1258 1535 1287 1

148 1306 260 1347 ditae
297 1308 395 1347 sunt
427 1321 450 1346 a
480 1308 523 1346 te
559 1305 737 1347 libterae.
799 1305 908 1346 Mihi
938 1320 1038 1347 vero
1071 1306 1155 1346 iam
1187 1309 1401 1346 maturum
1432 1305 1491 1346 vi-

148 1365 287 1419 detur3
318 1379 428 1419 nam,
460 1365 573 1418 quod
598 1364 741 1418 anfie[a
760 1364 820 1419 te]
854 1364 1133 1405 calumniatus
1165 1379 1269 1418 sum,
1295 1364 1490 1405 indicabo

95 1436 128 1461 20
147 1423 356 1464 malitiam
392 1437 548 1477 meam,
588 1423 782 1464 volebam
814 1438 946 1477 prope
979 1423 1135 1464 alicubi
1167 1437 1275 1478 esse,
1315 1423 1351 1463 si
1389 1423 1491 1476 quid

149 1483 284 1523 bonae
322 1482 487 1536 salutis,
529 1482 612 1522 σύν
648 1497 696 1523 τε
731 1480 800 1523 δύ’
842 1481 1081 1536 ἐρχομε’νω;
1120 1496 1248 1536 nunc,
1290 1482 1491 1535 quoniam

150 1541 339 1581 confecta
370 1543 468 1581 sunb
500 1540 661 1594 omnia,
695 1540 975 1580 dubitandum
1006 1555 1091 1581 non
1124 1543 1203 1595 est,
1237 1540 1340 1594 quin
1372 1540 1490 1594 equis

149 1599 262 1640 viris.
305 1598 428 1652 Nam,
460 1601 508 1639 ut
534 1599 676 1639 audivi
709 1599 758 1639 de
789 1598 834 1639 L.
857 1598 1032 1640 Caesare
1059 1599 1160 1653 filio,
1192 1613 1358 1640 mecum
1384 1599 1490 1653 ipse:

209 1691 359 1740 ‘Quid
389 1691 471 1732 hic
507 1691 630 1732 mihi
663 1691 818 1732 faciet
848 1692 1037 1745 patri?²

97 1786 129 1812 25
150 1774 292 1827 itaque
332 1787 418 1814 non
459 1772 603 1813 desino
644 1775 746 1826 apub
787 1773 907 1826 istos,
949 1772 1022 1826 qui
1058 1787 1171 1814 nunc
1208 1774 1490 1828 dominantur,

150 1832 343 1874 cenitare.
401 1830 512 1880 Quid
542 1831 722 1871 faciam?
759 1831 943 1885 tempori
975 1832 1241 1872 serviendum
1273 1835 1346 1872 est.
1410 1831 1492 1872 Sed

150 1890 328 1932 ridicula
353 1890 492 1944 missa,
518 1889 767 1943 praesertim
787 1904 882 1930 cum
902 1889 957 1930 sit
976 1890 1096 1944 nihil,
1129 1890 1243 1944 quod
1262 1890 1489 1931 rideamus:

1517 1842 1536 1872 N)

239 1983 449 2025 ‘Africa
488 1982 719 2024 terribili
762 1983 952 2023 ssremit
991 1983 1200 2024 horrida
1239 1985 1375 2082 telrtra
1415 1986 1491 2024 tu-

1207 2056 1284 2082 mu
1341 2042 1400 2082 u'.

98 2136 131 2161 30
150 2122 298 2178 Itaque
337 2123 502 2164 nullum
541 2125 603 2163 est
641 2121 1020 2176 ἀποπροηγμένον,
1063 2123 1175 2176 quod
1211 2137 1297 2164 non
1334 2138 1489 2165 verear.

152 2181 246 2236 Sed,
277 2182 391 2236 quod
416 2181 600 2236 quaeris,
633 2181 799 2234 quando
810 2215 820 2235 ,
853 2196 951 2235 qua,
984 2195 1088 2235 quo,
1120 2181 1228 2221 nihil
1254 2181 1390 2222 adhuc
1415 2182 1490 2223 sci-

151 2255 255 2281 muS.
292 2239 408 2281 Istuc
432 2241 572 2294 ipsum
604 2239 653 2279 de
685 2239 811 2293 Baiis,
843 2254 928 2280 non
959 2240 1066 2280 nuHi
1099 2239 1306 2294 dubitant,
1339 2255 1391 2281 an
1415 2255 1490 2295 per

153 2298 390 2340 Sardiniam
430 2299 592 2353 veniat,
634 2297 740 2338 illud
780 2298 891 2339 enim
932 2298 1067 2339 adhuc
1107 2298 1327 2352 praedium
1367 2313 1490 2340 suum
