<?xml version="1.0" encoding="UTF-8"?>
<!DOCTYPE html PUBLIC "-//W3C//DTD XHTML 1.0 Transitional//EN"
    "http://www.w3.org/TR/xhtml1/DTD/xhtml1-transitional.dtd">
<html xmlns="http://www.w3.org/1999/xhtml" xml:lang="en" lang="en">
 <head>
  <title>
</title>
<meta http-equiv="Content-Type" content="text/html;charset=utf-8" />
  <meta name='ocr-system' content='tesseract 3.04.00' />
  <meta name='ocr-capabilities' content='ocr_page ocr_carea ocr_par ocr_line ocrx_word'/>
</head>
<body>
  <div class='ocr_page' id='page_1' title='image "./p1scriptaquaemanse03ciceuoft_0130.png"; bbox 0 0 1659 2552; ppageno 0'>
   <div class='ocr_carea' id='block_1_1' title="bbox 173 120 1009 164">
    <p class='ocr_par' dir='ltr' id='par_1_1' title="bbox 173 120 1009 164">
     <span class='ocr_line' id='line_1_1' title="bbox 173 120 1009 164; baseline -0.004 -7"><span class='ocrx_word' id='word_1_1' title='bbox 173 121 229 164; x_wconf 84' lang='lat'>38</span> <span class='ocrx_word' id='word_1_2' title='bbox 669 120 1009 155; x_wconf 81' lang='lat' dir='ltr'><strong>EPISTULARUM</strong></span> 
     </span>
    </p>
   </div>
   <div class='ocr_carea' id='block_1_2' title="bbox 173 216 1571 1082">
    <p class='ocr_par' dir='ltr' id='par_1_2' title="bbox 173 216 1554 612">
     <span class='ocr_line' id='line_1_2' title="bbox 175 216 1519 273; baseline -0.001 -13"><span class='ocrx_word' id='word_1_3' title='bbox 175 218 225 260; x_wconf 90' lang='lat' dir='ltr'>de</span> <span class='ocrx_word' id='word_1_4' title='bbox 256 232 302 260; x_wconf 90' lang='lat' dir='ltr'>re</span> <span class='ocrx_word' id='word_1_5' title='bbox 332 216 503 272; x_wconf 87' lang='lat' dir='ltr'>publica</span> <span class='ocrx_word' id='word_1_6' title='bbox 535 216 800 258; x_wconf 84' lang='lat' dir='ltr'>sermonibus</span> <span class='ocrx_word' id='word_1_7' title='bbox 827 219 1016 258; x_wconf 85' lang='lat' dir='ltr'>versatus</span> <span class='ocrx_word' id='word_1_8' title='bbox 1042 230 1154 273; x_wconf 81' lang='lat' dir='ltr'>sum3</span> <span class='ocrx_word' id='word_1_9' title='bbox 1186 231 1292 271; x_wconf 90' lang='lat' dir='ltr'>quae</span> <span class='ocrx_word' id='word_1_10' title='bbox 1324 231 1400 259; x_wconf 88' lang='lat' dir='ltr'>nec</span> <span class='ocrx_word' id='word_1_11' title='bbox 1425 231 1519 272; x_wconf 85' lang='lat' dir='ltr'>pos-</span> 
     </span>
     <span class='ocr_line' id='line_1_3' title="bbox 176 275 1517 331; baseline 0 -13"><span class='ocrx_word' id='word_1_12' title='bbox 176 279 275 318; x_wconf 90' lang='lat' dir='ltr'>sunt</span> <span class='ocrx_word' id='word_1_13' title='bbox 306 275 435 317; x_wconf 85' lang='lat' dir='ltr'><strong>scribi</strong></span> <span class='ocrx_word' id='word_1_14' title='bbox 466 289 543 316; x_wconf 91' lang='lat' dir='ltr'>nec</span> <span class='ocrx_word' id='word_1_15' title='bbox 574 275 795 316; x_wconf 88' lang='lat' dir='ltr'>scribenda</span> <span class='ocrx_word' id='word_1_16' title='bbox 827 278 942 330; x_wconf 85' lang='lat' dir='ltr'>sunt3</span> <span class='ocrx_word' id='word_1_17' title='bbox 979 277 1146 317; x_wconf 89' lang='lat' dir='ltr'>tantum</span> <span class='ocrx_word' id='word_1_18' title='bbox 1177 275 1351 331; x_wconf 88' lang='lat' dir='ltr'>habeto,</span> <span class='ocrx_word' id='word_1_19' title='bbox 1383 276 1517 318; x_wconf 86' lang='lat' dir='ltr'>civem</span> 
     </span>
     <span class='ocr_line' id='line_1_4' title="bbox 175 333 1518 392; baseline -0.001 -15"><span class='ocrx_word' id='word_1_20' title='bbox 175 335 395 392; x_wconf 88' lang='lat' dir='ltr'>egregium</span> <span class='ocrx_word' id='word_1_21' title='bbox 436 348 523 376; x_wconf 90' lang='lat' dir='ltr'>esse</span> <span class='ocrx_word' id='word_1_22' title='bbox 564 333 815 388; x_wconf 84' lang='lat' dir='ltr'>Pompeium</span> <span class='ocrx_word' id='word_1_23' title='bbox 856 337 897 375; x_wconf 89' lang='lat' dir='ltr'>et</span> <span class='ocrx_word' id='word_1_24' title='bbox 938 334 991 374; x_wconf 84' lang='lat' dir='ltr'>ad</span> <span class='ocrx_word' id='word_1_25' title='bbox 1031 334 1192 389; x_wconf 91' lang='lat' dir='ltr'>omnia,</span> <span class='ocrx_word' id='word_1_26' title='bbox 1233 348 1339 389; x_wconf 89' lang='lat' dir='ltr'>quae</span> <span class='ocrx_word' id='word_1_27' title='bbox 1379 335 1518 389; x_wconf 77' lang='lat' dir='ltr'>provi-</span> 
     </span>
     <span class='ocr_line' id='line_1_5' title="bbox 176 393 1518 448; baseline -0.001 -12"><span class='ocrx_word' id='word_1_28' title='bbox 176 394 310 436; x_wconf 86' lang='lat' dir='ltr'>denda</span> <span class='ocrx_word' id='word_1_29' title='bbox 347 395 445 435; x_wconf 89' lang='lat' dir='ltr'>sunt</span> <span class='ocrx_word' id='word_1_30' title='bbox 477 393 520 434; x_wconf 89' lang='lat' dir='ltr'>in</span> <span class='ocrx_word' id='word_1_31' title='bbox 553 407 596 434; x_wconf 89' lang='lat' dir='ltr'>re</span> <span class='ocrx_word' id='word_1_32' title='bbox 634 393 821 447; x_wconf 82' lang='lat' dir='ltr'>publica,</span> <span class='ocrx_word' id='word_1_33' title='bbox 861 396 901 434; x_wconf 91' lang='lat' dir='ltr'>et</span> <span class='ocrx_word' id='word_1_34' title='bbox 939 393 1081 434; x_wconf 89' lang='lat' dir='ltr'>animo</span> <span class='ocrx_word' id='word_1_35' title='bbox 1119 395 1161 434; x_wconf 91' lang='lat' dir='ltr'>et</span> <span class='ocrx_word' id='word_1_36' title='bbox 1193 393 1370 434; x_wconf 90' lang='lat' dir='ltr'>consilio</span> <span class='ocrx_word' id='word_1_37' title='bbox 1400 408 1518 448; x_wconf 81' lang='lat' dir='ltr'>para-</span> 
     </span>
     <span class='ocr_line' id='line_1_6' title="bbox 173 451 1554 506; baseline -0.003 -12"><span class='ocrx_word' id='word_1_38' title='bbox 173 455 277 494; x_wconf 88' lang='lat' dir='ltr'>tum.</span> <span class='ocrx_word' id='word_1_39' title='bbox 339 452 476 501; x_wconf 82' lang='lat' dir='ltr'>Quare</span> <span class='ocrx_word' id='word_1_40' title='bbox 516 452 567 492; x_wconf 83' lang='lat' dir='ltr'>da</span> <span class='ocrx_word' id='word_1_41' title='bbox 598 454 640 493; x_wconf 92' lang='lat' dir='ltr'>te</span> <span class='ocrx_word' id='word_1_42' title='bbox 676 451 857 506; x_wconf 69' lang='lat' dir='ltr'>homini,</span> <span class='ocrx_word' id='word_1_43' title='bbox 895 451 1216 506; x_wconf 70' lang='lat' dir='ltr'>complectetur,</span> <span class='ocrx_word' id='word_1_44' title='bbox 1247 452 1353 493; x_wconf 81' lang='lat' dir='ltr'>mihj</span> <span class='ocrx_word' id='word_1_45' title='bbox 1386 452 1517 494; x_wconf 84' lang='lat' dir='ltr'>crede.</span> <span class='ocrx_word' id='word_1_46' title='bbox 1538 465 1554 490; x_wconf 88' lang='lat'><strong>5</strong></span> 
     </span>
     <span class='ocr_line' id='line_1_7' title="bbox 173 509 1518 566; baseline -0.001 -13"><span class='ocrx_word' id='word_1_47' title='bbox 173 511 264 553; x_wconf 86' lang='lat' dir='ltr'>Iam</span> <span class='ocrx_word' id='word_1_48' title='bbox 296 511 408 553; x_wconf 89' lang='lat' dir='ltr'>idem</span> <span class='ocrx_word' id='word_1_49' title='bbox 439 510 502 551; x_wconf 90' lang='lat' dir='ltr'>illi</span> <span class='ocrx_word' id='word_1_50' title='bbox 529 513 570 551; x_wconf 90' lang='lat' dir='ltr'>et</span> <span class='ocrx_word' id='word_1_51' title='bbox 596 509 697 551; x_wconf 91' lang='lat' dir='ltr'>boni</span> <span class='ocrx_word' id='word_1_52' title='bbox 725 514 765 551; x_wconf 89' lang='lat' dir='ltr'>et</span> <span class='ocrx_word' id='word_1_53' title='bbox 791 510 890 551; x_wconf 84' lang='lat' dir='ltr'>mali</span> <span class='ocrx_word' id='word_1_54' title='bbox 919 511 1029 552; x_wconf 84' lang='lat' dir='ltr'>cives</span> <span class='ocrx_word' id='word_1_55' title='bbox 1055 510 1264 566; x_wconf 85' lang='lat' dir='ltr'>videntur,</span> <span class='ocrx_word' id='word_1_56' title='bbox 1297 511 1369 565; x_wconf 92' lang='lat' dir='ltr'>qui</span> <span class='ocrx_word' id='word_1_57' title='bbox 1394 511 1518 552; x_wconf 86' lang='lat' dir='ltr'>nobis</span> 
     </span>
     <span class='ocr_line' id='line_1_8' title="bbox 174 570 488 612; baseline -0.006 0"><span class='ocrx_word' id='word_1_58' title='bbox 174 570 309 612; x_wconf 87' lang='lat' dir='ltr'>videri</span> <span class='ocrx_word' id='word_1_59' title='bbox 341 570 488 611; x_wconf 80' lang='lat' dir='ltr'>solent.</span> 
     </span>
    </p>

    <p class='ocr_par' dir='ltr' id='par_1_3' title="bbox 173 627 1571 1082">
     <span class='ocr_line' id='line_1_9' title="bbox 263 627 1518 685; baseline 0 -15"><span class='ocrx_word' id='word_1_60' title='bbox 263 628 358 685; x_wconf 89' lang='lat' dir='ltr'>Ego</span> <span class='ocrx_word' id='word_1_61' title='bbox 396 643 491 669; x_wconf 81' lang='lat' dir='ltr'>cum</span> <span class='ocrx_word' id='word_1_62' title='bbox 528 627 709 669; x_wconf 81' lang='lat' dir='ltr'>Athenis</span> <span class='ocrx_word' id='word_1_63' title='bbox 749 628 891 669; x_wconf 90' lang='lat' dir='ltr'>decem</span> <span class='ocrx_word' id='word_1_64' title='bbox 929 627 1042 683; x_wconf 88' lang='lat' dir='ltr'>ipsos</span> <span class='ocrx_word' id='word_1_65' title='bbox 1082 627 1170 669; x_wconf 86' lang='lat' dir='ltr'>dies</span> <span class='ocrx_word' id='word_1_66' title='bbox 1207 628 1380 670; x_wconf 81' lang='lat' dir='ltr'>fuissem</span> <span class='ocrx_word' id='word_1_67' title='bbox 1412 628 1518 670; x_wconf 89' lang='lat' dir='ltr'>mul-</span> 
     </span>
     <span class='ocr_line' id='line_1_10' title="bbox 174 685 1519 742; baseline 0 -13"><span class='ocrx_word' id='word_1_68' title='bbox 174 690 351 742; x_wconf 90' lang='lat' dir='ltr'>tumque</span> <span class='ocrx_word' id='word_1_69' title='bbox 387 694 553 728; x_wconf 85' lang='lat' dir='ltr'>mecum</span> <span class='ocrx_word' id='word_1_70' title='bbox 594 686 739 728; x_wconf 82' lang='lat' dir='ltr'>Gallus</span> <span class='ocrx_word' id='word_1_71' title='bbox 776 689 921 728; x_wconf 89' lang='lat' dir='ltr'>noster</span> <span class='ocrx_word' id='word_1_72' title='bbox 960 685 1179 741; x_wconf 81' lang='lat' dir='ltr'>Caninius,</span> <span class='ocrx_word' id='word_1_73' title='bbox 1220 687 1519 742; x_wconf 88' lang='lat' dir='ltr'>proficiscebar</span> 
     </span>
     <span class='ocr_line' id='line_1_11' title="bbox 174 745 1571 801; baseline 0.001 -14"><span class='ocrx_word' id='word_1_74' title='bbox 174 747 271 788; x_wconf 91' lang='lat' dir='ltr'>inde</span> <span class='ocrx_word' id='word_1_75' title='bbox 308 746 444 801; x_wconf 83' lang='lat' dir='ltr'>pridie</span> <span class='ocrx_word' id='word_1_76' title='bbox 481 745 627 786; x_wconf 81' lang='lat' dir='ltr'>Nonas</span> <span class='ocrx_word' id='word_1_77' title='bbox 665 745 916 800; x_wconf 81' lang='lat' dir='ltr'>Quinctiles,</span> <span class='ocrx_word' id='word_1_78' title='bbox 958 759 1054 786; x_wconf 91' lang='lat' dir='ltr'>cum</span> <span class='ocrx_word' id='word_1_79' title='bbox 1089 745 1172 786; x_wconf 89' lang='lat' dir='ltr'>hoc</span> <span class='ocrx_word' id='word_1_80' title='bbox 1202 746 1255 786; x_wconf 85' lang='lat' dir='ltr'>ad</span> <span class='ocrx_word' id='word_1_81' title='bbox 1285 748 1327 787; x_wconf 91' lang='lat' dir='ltr'>te</span> <span class='ocrx_word' id='word_1_82' title='bbox 1357 746 1516 788; x_wconf 82' lang='lat' dir='ltr'>littera·</span> <span class='ocrx_word' id='word_1_83' title='bbox 1538 759 1571 783; x_wconf 81' lang='grc' dir='ltr'>ιο</span> 
     </span>
     <span class='ocr_line' id='line_1_12' title="bbox 173 804 1518 846; baseline 0.001 -1"><span class='ocrx_word' id='word_1_84' title='bbox 173 820 269 846; x_wconf 87' lang='lat' dir='ltr'>rum</span> <span class='ocrx_word' id='word_1_85' title='bbox 313 805 418 846; x_wconf 90' lang='lat' dir='ltr'>dedi.</span> <span class='ocrx_word' id='word_1_86' title='bbox 492 804 589 845; x_wconf 87' lang='lat' dir='ltr'>Tibi</span> <span class='ocrx_word' id='word_1_87' title='bbox 639 819 734 845; x_wconf 91' lang='lat' dir='ltr'>cum</span> <span class='ocrx_word' id='word_1_88' title='bbox 779 804 920 845; x_wconf 82' lang='lat' dir='ltr'>omnia</span> <span class='ocrx_word' id='word_1_89' title='bbox 968 819 1062 846; x_wconf 88' lang='lat' dir='ltr'>mea</span> <span class='ocrx_word' id='word_1_90' title='bbox 1105 805 1518 846; x_wconf 83' lang='lat' dir='ltr'>commendatissima</span> 
     </span>
     <span class='ocr_line' id='line_1_13' title="bbox 174 863 1518 920; baseline 0 -15"><span class='ocrx_word' id='word_1_91' title='bbox 174 878 263 905; x_wconf 89' lang='lat' dir='ltr'>esse</span> <span class='ocrx_word' id='word_1_92' title='bbox 305 864 428 918; x_wconf 89' lang='lat' dir='ltr'>cupio</span> <span class='ocrx_word' id='word_1_93' title='bbox 469 866 562 904; x_wconf 90' lang='lat' dir='ltr'>tum</span> <span class='ocrx_word' id='word_1_94' title='bbox 598 863 707 904; x_wconf 89' lang='lat' dir='ltr'>nihil</span> <span class='ocrx_word' id='word_1_95' title='bbox 743 863 900 920; x_wconf 89' lang='lat' dir='ltr'>magis,</span> <span class='ocrx_word' id='word_1_96' title='bbox 942 878 1069 917; x_wconf 88' lang='lat' dir='ltr'>quam</span> <span class='ocrx_word' id='word_1_97' title='bbox 1106 878 1158 905; x_wconf 92' lang='lat' dir='ltr'>ne</span> <span class='ocrx_word' id='word_1_98' title='bbox 1195 866 1363 918; x_wconf 84' lang='lat' dir='ltr'>tempus</span> <span class='ocrx_word' id='word_1_99' title='bbox 1393 863 1518 905; x_wconf 90' lang='lat' dir='ltr'>nobis</span> 
     </span>
     <span class='ocr_line' id='line_1_14' title="bbox 173 921 1518 978; baseline 0 -14"><span class='ocrx_word' id='word_1_100' title='bbox 173 923 415 978; x_wconf 84' lang='lat' dir='ltr'>provinciae</span> <span class='ocrx_word' id='word_1_101' title='bbox 446 924 718 978; x_wconf 72' lang='lat' dir='ltr'>prorogetur-3</span> <span class='ocrx_word' id='word_1_102' title='bbox 757 923 800 963; x_wconf 92' lang='lat' dir='ltr'>in</span> <span class='ocrx_word' id='word_1_103' title='bbox 833 937 881 963; x_wconf 91' lang='lat' dir='ltr'>eo</span> <span class='ocrx_word' id='word_1_104' title='bbox 913 922 1019 963; x_wconf 88' lang='lat' dir='ltr'>mihi</span> <span class='ocrx_word' id='word_1_105' title='bbox 1052 925 1150 963; x_wconf 87' lang='lat' dir='ltr'>sunt</span> <span class='ocrx_word' id='word_1_106' title='bbox 1182 923 1334 963; x_wconf 87' lang='lat' dir='ltr'>omnia.</span> <span class='ocrx_word' id='word_1_107' title='bbox 1395 921 1518 972; x_wconf 88' lang='lat' dir='ltr'>Quod</span> 
     </span>
     <span class='ocr_line' id='line_1_15' title="bbox 174 981 1516 1037; baseline 0 -15"><span class='ocrx_word' id='word_1_108' title='bbox 174 982 342 1035; x_wconf 83' lang='lat' dir='ltr'>quando</span> <span class='ocrx_word' id='word_1_109' title='bbox 374 984 415 1022; x_wconf 90' lang='lat' dir='ltr'>et</span> <span class='ocrx_word' id='word_1_110' title='bbox 448 995 531 1035; x_wconf 91' lang='lat' dir='ltr'>quo</span> <span class='ocrx_word' id='word_1_111' title='bbox 562 981 689 1023; x_wconf 91' lang='lat' dir='ltr'>modo</span> <span class='ocrx_word' id='word_1_112' title='bbox 722 984 763 1022; x_wconf 91' lang='lat' dir='ltr'>et</span> <span class='ocrx_word' id='word_1_113' title='bbox 794 996 870 1036; x_wconf 91' lang='lat' dir='ltr'>per</span> <span class='ocrx_word' id='word_1_114' title='bbox 901 995 1007 1036; x_wconf 90' lang='lat' dir='ltr'>quos</span> <span class='ocrx_word' id='word_1_115' title='bbox 1039 981 1248 1037; x_wconf 87' lang='lat' dir='ltr'>agendum</span> <span class='ocrx_word' id='word_1_116' title='bbox 1274 981 1340 1036; x_wconf 90' lang='lat' dir='ltr'>sit,</span> <span class='ocrx_word' id='word_1_117' title='bbox 1371 984 1419 1022; x_wconf 87' lang='lat' dir='ltr'>tu</span> <span class='ocrx_word' id='word_1_118' title='bbox 1445 996 1516 1037; x_wconf 92' lang='lat' dir='ltr'>op-</span> 
     </span>
     <span class='ocr_line' id='line_1_16' title="bbox 173 1041 1569 1082; baseline -0.004 0"><span class='ocrx_word' id='word_1_119' title='bbox 173 1041 276 1082; x_wconf 90' lang='lat' dir='ltr'>time</span> <span class='ocrx_word' id='word_1_120' title='bbox 308 1041 550 1082; x_wconf 79' lang='lat' dir='ltr'>constitues,</span> <span class='ocrx_word' id='word_1_121' title='bbox 1535 1051 1569 1077; x_wconf 89' lang='lat'>15</span> 
     </span>
    </p>
   </div>
   <div class='ocr_carea' id='block_1_3' title="bbox 806 1145 878 1187">
    <p class='ocr_par' dir='ltr' id='par_1_4' title="bbox 806 1145 878 1187">
     <span class='ocr_line' id='line_1_17' title="bbox 806 1145 878 1187; baseline -0.014 0"><span class='ocrx_word' id='word_1_122' title='bbox 806 1145 878 1187; x_wconf 90' lang='lat' dir='ltr'>IX.</span> 
     </span>
    </p>
   </div>
   <div class='ocr_carea' id='block_1_4' title="bbox 245 1225 1443 1270">
    <p class='ocr_par' dir='ltr' id='par_1_5' title="bbox 245 1225 1443 1270">
     <span class='ocr_line' id='line_1_18' title="bbox 245 1225 1443 1270; baseline 0 -9"><span class='ocrx_word' id='word_1_123' title='bbox 245 1226 320 1262; x_wconf 81' lang='lat' dir='ltr'>Ser.</span> <span class='ocrx_word' id='word_1_124' title='bbox 346 1227 384 1260; x_wconf 61' lang='lat'><strong><em>‘1⁶71</em></strong></span> <span class='ocrx_word' id='word_1_125' title='bbox 414 1226 542 1262; x_wconf 72' lang='lat' dir='ltr'>Cisicia</span> <span class='ocrx_word' id='word_1_126' title='bbox 573 1228 628 1262; x_wconf 82' lang='lat' dir='ltr'>vel</span> <span class='ocrx_word' id='word_1_127' title='bbox 652 1238 704 1262; x_wconf 72' lang='lat' dir='ltr'>ex.</span> <span class='ocrx_word' id='word_1_128' title='bbox 732 1238 776 1262; x_wconf 86' lang='lat' dir='ltr'>m.</span> <span class='ocrx_word' id='word_1_129' title='bbox 807 1227 879 1261; x_wconf 76' lang='lat' dir='ltr'>Oet.</span> <span class='ocrx_word' id='word_1_130' title='bbox 906 1227 961 1262; x_wconf 82' lang='lat' dir='ltr'>vel</span> <span class='ocrx_word' id='word_1_131' title='bbox 990 1227 1041 1261; x_wconf 72' lang='lat' dir='ltr'>in.</span> <span class='ocrx_word' id='word_1_132' title='bbox 1069 1225 1161 1261; x_wconf 88' lang='lat' dir='ltr'>Nov.</span> <span class='ocrx_word' id='word_1_133' title='bbox 1189 1238 1222 1261; x_wconf 87' lang='grc' dir='ltr'>α.</span> <span class='ocrx_word' id='word_1_134' title='bbox 1251 1228 1322 1261; x_wconf 84' lang='grc'>703</span> <span class='ocrx_word' id='word_1_135' title='bbox 1356 1227 1443 1270; x_wconf 86' lang='grc'><strong>(51).</strong></span> 
     </span>
    </p>
   </div>
   <div class='ocr_carea' id='block_1_5' title="bbox 225 1307 1460 1401">
    <p class='ocr_par' dir='ltr' id='par_1_6' title="bbox 225 1307 1460 1401">
     <span class='ocr_line' id='line_1_19' title="bbox 225 1307 1460 1344; baseline 0.001 -2"><span class='ocrx_word' id='word_1_136' title='bbox 225 1307 275 1344; x_wconf 91' lang='grc' dir='ltr'>Μ.</span> <span class='ocrx_word' id='word_1_137' title='bbox 309 1307 478 1343; x_wconf 84' lang='lat' dir='ltr'>CICERO</span> <span class='ocrx_word' id='word_1_138' title='bbox 510 1308 702 1343; x_wconf 86' lang='lat' dir='ltr'>PROCOS.</span> <span class='ocrx_word' id='word_1_139' title='bbox 737 1308 770 1343; x_wconf 87' lang='lat' dir='ltr'>S.</span> <span class='ocrx_word' id='word_1_140' title='bbox 801 1307 844 1343; x_wconf 93' lang='lat' dir='ltr'>D.</span> <span class='ocrx_word' id='word_1_141' title='bbox 877 1308 925 1343; x_wconf 90' lang='lat' dir='ltr'>M.</span> <span class='ocrx_word' id='word_1_142' title='bbox 959 1307 1129 1342; x_wconf 86' lang='lat' dir='ltr'>CAELIO</span> <span class='ocrx_word' id='word_1_143' title='bbox 1163 1308 1326 1342; x_wconf 90' lang='lat' dir='ltr'><strong>AEDILI</strong></span> <span class='ocrx_word' id='word_1_144' title='bbox 1357 1307 1460 1343; x_wconf 81' lang='lat' dir='ltr'>CUR.</span> 
     </span>
     <span class='ocr_line' id='line_1_20' title="bbox 698 1365 985 1401; baseline 0.003 -1"><span class='ocrx_word' id='word_1_145' title='bbox 698 1365 985 1401; x_wconf 87' lang='lat' dir='ltr'>DESIGNATO.</span> 
     </span>
    </p>
   </div>
   <div class='ocr_carea' id='block_1_6' title="bbox 166 1449 1567 2371">
    <p class='ocr_par' dir='ltr' id='par_1_7' title="bbox 168 1449 1567 2151">
     <span class='ocr_line' id='line_1_21' title="bbox 259 1449 1566 1505; baseline 0.001 -15"><span class='ocrx_word' id='word_1_146' title='bbox 259 1449 453 1491; x_wconf 91' lang='lat' dir='ltr'>Primum</span> <span class='ocrx_word' id='word_1_147' title='bbox 492 1449 594 1503; x_wconf 85' lang='lat' dir='ltr'>tibi,</span> <span class='ocrx_word' id='word_1_148' title='bbox 637 1452 685 1490; x_wconf 90' lang='lat' dir='ltr'>ut</span> <span class='ocrx_word' id='word_1_149' title='bbox 726 1449 878 1504; x_wconf 87' lang='lat' dir='ltr'>debeo,</span> <span class='ocrx_word' id='word_1_150' title='bbox 921 1449 1114 1505; x_wconf 85' lang='lat' dir='ltr'>gratulor</span> <span class='ocrx_word' id='word_1_151' title='bbox 1156 1449 1374 1504; x_wconf 89' lang='lat' dir='ltr'>laetorque</span> <span class='ocrx_word' id='word_1_152' title='bbox 1417 1463 1512 1491; x_wconf 89' lang='lat' dir='ltr'>cum</span> <span class='ocrx_word' id='word_1_153' title='bbox 1533 1462 1566 1487; x_wconf 79' lang='lat'>2⁰</span> 
     </span>
     <span class='ocr_line' id='line_1_22' title="bbox 171 1508 1512 1565; baseline 0.001 -16"><span class='ocrx_word' id='word_1_154' title='bbox 171 1509 383 1564; x_wconf 83' lang='lat' dir='ltr'>praesenti</span> <span class='ocrx_word' id='word_1_155' title='bbox 421 1511 513 1549; x_wconf 91' lang='lat' dir='ltr'>tum</span> <span class='ocrx_word' id='word_1_156' title='bbox 545 1509 673 1549; x_wconf 91' lang='lat' dir='ltr'>etiam</span> <span class='ocrx_word' id='word_1_157' title='bbox 711 1511 877 1562; x_wconf 87' lang='lat' dir='ltr'>sperata</span> <span class='ocrx_word' id='word_1_158' title='bbox 906 1510 980 1549; x_wconf 86' lang='lat' dir='ltr'>tua</span> <span class='ocrx_word' id='word_1_159' title='bbox 1013 1508 1231 1565; x_wconf 86' lang='lat' dir='ltr'>dignitate,</span> <span class='ocrx_word' id='word_1_160' title='bbox 1263 1509 1396 1550; x_wconf 90' lang='lat' dir='ltr'>serius</span> <span class='ocrx_word' id='word_1_161' title='bbox 1427 1523 1512 1550; x_wconf 90' lang='lat' dir='ltr'>non</span> 
     </span>
     <span class='ocr_line' id='line_1_23' title="bbox 170 1566 1513 1624; baseline -0.001 -15"><span class='ocrx_word' id='word_1_162' title='bbox 170 1567 441 1624; x_wconf 85' lang='lat' dir='ltr'>neglegentia</span> <span class='ocrx_word' id='word_1_163' title='bbox 477 1581 586 1622; x_wconf 87' lang='lat' dir='ltr'>mea,</span> <span class='ocrx_word' id='word_1_164' title='bbox 628 1566 700 1608; x_wconf 90' lang='lat' dir='ltr'>sed</span> <span class='ocrx_word' id='word_1_165' title='bbox 738 1567 1005 1622; x_wconf 84' lang='lat' dir='ltr'>ignoratione</span> <span class='ocrx_word' id='word_1_166' title='bbox 1036 1582 1183 1612; x_wconf 70' lang='lat' dir='ltr'>,rerum</span> <span class='ocrx_word' id='word_1_167' title='bbox 1222 1567 1429 1622; x_wconf 80' lang='lat' dir='ltr'>omnium3</span> <span class='ocrx_word' id='word_1_168' title='bbox 1469 1567 1513 1608; x_wconf 90' lang='lat' dir='ltr'>in</span> 
     </span>
     <span class='ocr_line' id='line_1_24' title="bbox 171 1625 1514 1682; baseline 0.001 -15"><span class='ocrx_word' id='word_1_169' title='bbox 171 1626 224 1667; x_wconf 92' lang='lat' dir='ltr'>iis</span> <span class='ocrx_word' id='word_1_170' title='bbox 256 1626 369 1667; x_wconf 90' lang='lat' dir='ltr'>enim</span> <span class='ocrx_word' id='word_1_171' title='bbox 401 1640 494 1666; x_wconf 92' lang='lat' dir='ltr'>sum</span> <span class='ocrx_word' id='word_1_172' title='bbox 525 1625 647 1680; x_wconf 85' lang='lat' dir='ltr'>locis,</span> <span class='ocrx_word' id='word_1_173' title='bbox 689 1640 773 1680; x_wconf 90' lang='lat' dir='ltr'>quo</span> <span class='ocrx_word' id='word_1_174' title='bbox 806 1628 847 1666; x_wconf 90' lang='lat' dir='ltr'>et</span> <span class='ocrx_word' id='word_1_175' title='bbox 878 1628 1052 1680; x_wconf 89' lang='lat' dir='ltr'>propter</span> <span class='ocrx_word' id='word_1_176' title='bbox 1082 1626 1441 1682; x_wconf 86' lang='lat' dir='ltr'>longinquitatem</span> <span class='ocrx_word' id='word_1_177' title='bbox 1472 1629 1514 1668; x_wconf 89' lang='lat' dir='ltr'>et</span> 
     </span>
     <span class='ocr_line' id='line_1_25' title="bbox 170 1684 1513 1740; baseline 0.001 -15"><span class='ocrx_word' id='word_1_178' title='bbox 170 1687 346 1740; x_wconf 90' lang='lat' dir='ltr'>propter</span> <span class='ocrx_word' id='word_1_179' title='bbox 385 1685 607 1725; x_wconf 82' lang='lat' dir='ltr'>latrocinia</span> <span class='ocrx_word' id='word_1_180' title='bbox 648 1684 886 1725; x_wconf 85' lang='lat' dir='ltr'>tardissime</span> <span class='ocrx_word' id='word_1_181' title='bbox 930 1685 1071 1726; x_wconf 87' lang='lat' dir='ltr'>omnia</span> <span class='ocrx_word' id='word_1_182' title='bbox 1113 1685 1395 1740; x_wconf 87' lang='lat' dir='ltr'>perferuntur.</span> <span class='ocrx_word' id='word_1_183' title='bbox 1456 1684 1513 1726; x_wconf 82' lang='lat' dir='ltr'>Et</span> 
     </span>
     <span class='ocr_line' id='line_1_26' title="bbox 171 1743 1567 1800; baseline 0.001 -16"><span class='ocrx_word' id='word_1_184' title='bbox 171 1757 267 1784; x_wconf 91' lang='lat' dir='ltr'>cum</span> <span class='ocrx_word' id='word_1_185' title='bbox 293 1744 486 1799; x_wconf 89' lang='lat' dir='ltr'>gratulor</span> <span class='ocrx_word' id='word_1_186' title='bbox 510 1746 602 1784; x_wconf 87' lang='lat' dir='ltr'>tum</span> <span class='ocrx_word' id='word_1_187' title='bbox 623 1757 733 1797; x_wconf 75' lang='lat' dir='ltr'>vero,</span> <span class='ocrx_word' id='word_1_188' title='bbox 760 1743 914 1797; x_wconf 88' lang='lat' dir='ltr'>quibus</span> <span class='ocrx_word' id='word_1_189' title='bbox 933 1743 1074 1785; x_wconf 79' lang='lat' dir='ltr'>verbis</span> <span class='ocrx_word' id='word_1_190' title='bbox 1099 1744 1179 1785; x_wconf 86' lang='lat' dir='ltr'>tibi</span> <span class='ocrx_word' id='word_1_191' title='bbox 1200 1744 1359 1799; x_wconf 86' lang='lat' dir='ltr'>gratias</span> <span class='ocrx_word' id='word_1_192' title='bbox 1378 1758 1512 1800; x_wconf 86' lang='lat' dir='ltr'>agam,</span> <span class='ocrx_word' id='word_1_193' title='bbox 1532 1754 1567 1780; x_wconf 80' lang='lat'>25</span> 
     </span>
     <span class='ocr_line' id='line_1_27' title="bbox 169 1802 1512 1856; baseline 0.001 -13"><span class='ocrx_word' id='word_1_194' title='bbox 169 1816 255 1843; x_wconf 90' lang='lat' dir='ltr'>non</span> <span class='ocrx_word' id='word_1_195' title='bbox 281 1802 458 1856; x_wconf 86' lang='lat' dir='ltr'>reperio,</span> <span class='ocrx_word' id='word_1_196' title='bbox 491 1802 605 1856; x_wconf 92' lang='lat' dir='ltr'>quod</span> <span class='ocrx_word' id='word_1_197' title='bbox 630 1802 687 1842; x_wconf 83' lang='lat' dir='ltr'>ita</span> <span class='ocrx_word' id='word_1_198' title='bbox 714 1802 849 1842; x_wconf 86' lang='lat' dir='ltr'>factus</span> <span class='ocrx_word' id='word_1_199' title='bbox 876 1802 943 1856; x_wconf 90' lang='lat' dir='ltr'>sis,</span> <span class='ocrx_word' id='word_1_200' title='bbox 969 1805 1016 1843; x_wconf 91' lang='lat' dir='ltr'>ut</span> <span class='ocrx_word' id='word_1_201' title='bbox 1043 1802 1206 1844; x_wconf 88' lang='lat' dir='ltr'>dederis</span> <span class='ocrx_word' id='word_1_202' title='bbox 1225 1803 1360 1856; x_wconf 90' lang='lat' dir='ltr'>nobis,</span> <span class='ocrx_word' id='word_1_203' title='bbox 1387 1816 1512 1856; x_wconf 90' lang='lat' dir='ltr'>quem</span> 
     </span>
     <span class='ocr_line' id='line_1_28' title="bbox 170 1861 1513 1916; baseline -0.001 -14"><span class='ocrx_word' id='word_1_204' title='bbox 170 1861 223 1902; x_wconf 83' lang='lat' dir='ltr'>ad</span> <span class='ocrx_word' id='word_1_205' title='bbox 248 1861 421 1902; x_wconf 91' lang='lat' dir='ltr'>modum</span> <span class='ocrx_word' id='word_1_206' title='bbox 447 1861 673 1915; x_wconf 70' lang='lat' dir='ltr'>scripseras</span> <span class='ocrx_word' id='word_1_207' title='bbox 699 1861 751 1901; x_wconf 90' lang='lat' dir='ltr'>ad</span> <span class='ocrx_word' id='word_1_208' title='bbox 776 1875 854 1915; x_wconf 90' lang='lat' dir='ltr'>me,</span> <span class='ocrx_word' id='word_1_209' title='bbox 881 1876 1006 1915; x_wconf 92' lang='lat' dir='ltr'>quem</span> <span class='ocrx_word' id='word_1_210' title='bbox 1032 1876 1197 1916; x_wconf 88' lang='lat' dir='ltr'>semper</span> <span class='ocrx_word' id='word_1_211' title='bbox 1219 1861 1354 1902; x_wconf 89' lang='lat' dir='ltr'>ridere</span> <span class='ocrx_word' id='word_1_212' title='bbox 1373 1874 1513 1915; x_wconf 87' lang='lat' dir='ltr'>posse-</span> 
     </span>
     <span class='ocr_line' id='line_1_29' title="bbox 168 1918 1512 1976; baseline 0 -16"><span class='ocrx_word' id='word_1_213' title='bbox 168 1934 274 1961; x_wconf 90' lang='lat' dir='ltr'>mus.</span> <span class='ocrx_word' id='word_1_214' title='bbox 318 1918 478 1974; x_wconf 85' lang='lat' dir='ltr'>Itaque,</span> <span class='ocrx_word' id='word_1_215' title='bbox 512 1934 606 1960; x_wconf 93' lang='lat' dir='ltr'>cum</span> <span class='ocrx_word' id='word_1_216' title='bbox 638 1919 823 1974; x_wconf 90' lang='lat' dir='ltr'>primum</span> <span class='ocrx_word' id='word_1_217' title='bbox 856 1920 1009 1974; x_wconf 75' lang='lat' dir='ltr'>audivi,</span> <span class='ocrx_word' id='word_1_218' title='bbox 1042 1935 1121 1976; x_wconf 91' lang='lat' dir='ltr'>ego</span> <span class='ocrx_word' id='word_1_219' title='bbox 1154 1920 1225 1961; x_wconf 91' lang='lat' dir='ltr'>ille</span> <span class='ocrx_word' id='word_1_220' title='bbox 1256 1920 1345 1974; x_wconf 92' lang='lat' dir='ltr'>ipse</span> <span class='ocrx_word' id='word_1_221' title='bbox 1377 1919 1512 1960; x_wconf 86' lang='lat' dir='ltr'>factus</span> 
     </span>
     <span class='ocr_line' id='line_1_30' title="bbox 170 1976 1511 2034; baseline -0.001 -15"><span class='ocrx_word' id='word_1_222' title='bbox 170 1993 263 2019; x_wconf 91' lang='lat' dir='ltr'>sum</span> <span class='ocrx_word' id='word_1_223' title='bbox 290 1976 402 2034; x_wconf 90' lang='lat' dir='ltr'>(scis,</span> <span class='ocrx_word' id='word_1_224' title='bbox 435 1993 560 2033; x_wconf 90' lang='lat' dir='ltr'>quem</span> <span class='ocrx_word' id='word_1_225' title='bbox 588 1977 742 2031; x_wconf 84' lang='lat' dir='ltr'>dicam)</span> <span class='ocrx_word' id='word_1_226' title='bbox 770 1979 920 2034; x_wconf 90' lang='lat' dir='ltr'>egique</span> <span class='ocrx_word' id='word_1_227' title='bbox 942 1979 1078 2020; x_wconf 92' lang='lat' dir='ltr'>omnis</span> <span class='ocrx_word' id='word_1_228' title='bbox 1099 1979 1195 2020; x_wconf 87' lang='lat' dir='ltr'>illos</span> <span class='ocrx_word' id='word_1_229' title='bbox 1215 1978 1511 2031; x_wconf 85' lang='lat' dir='ltr'>adulescentes,</span> 
     </span>
     <span class='ocr_line' id='line_1_31' title="bbox 170 2036 1565 2093; baseline 0 -15"><span class='ocrx_word' id='word_1_230' title='bbox 170 2051 275 2091; x_wconf 89' lang='lat' dir='ltr'>quos</span> <span class='ocrx_word' id='word_1_231' title='bbox 307 2037 379 2079; x_wconf 91' lang='lat' dir='ltr'>ille</span> <span class='ocrx_word' id='word_1_232' title='bbox 405 2038 563 2078; x_wconf 85' lang='lat' dir='ltr'>actitat.</span> <span class='ocrx_word' id='word_1_233' title='bbox 626 2036 812 2078; x_wconf 79' lang='lat' dir='ltr'>Difficile</span> <span class='ocrx_word' id='word_1_234' title='bbox 839 2040 901 2078; x_wconf 86' lang='lat' dir='ltr'>est</span> <span class='ocrx_word' id='word_1_235' title='bbox 927 2038 1063 2093; x_wconf 67' lang='lat' dir='ltr'>loqui,</span> <span class='ocrx_word' id='word_1_236' title='bbox 1094 2040 1136 2079; x_wconf 88' lang='lat' dir='ltr'>te</span> <span class='ocrx_word' id='word_1_237' title='bbox 1163 2040 1302 2078; x_wconf 89' lang='lat' dir='ltr'>autem</span> <span class='ocrx_word' id='word_1_238' title='bbox 1328 2038 1511 2078; x_wconf 89' lang='lat' dir='ltr'>contem·</span> <span class='ocrx_word' id='word_1_239' title='bbox 1531 2047 1565 2073; x_wconf 77' lang='lat'>³⁰</span> 
     </span>
     <span class='ocr_line' id='line_1_32' title="bbox 168 2096 1363 2151; baseline 0 -14"><span class='ocrx_word' id='word_1_240' title='bbox 168 2096 289 2149; x_wconf 85' lang='lat' dir='ltr'>plans</span> <span class='ocrx_word' id='word_1_241' title='bbox 321 2099 550 2151; x_wconf 85' lang='lat' dir='ltr'>apsentem,</span> <span class='ocrx_word' id='word_1_242' title='bbox 583 2098 624 2137; x_wconf 88' lang='lat' dir='ltr'>et</span> <span class='ocrx_word' id='word_1_243' title='bbox 656 2096 776 2150; x_wconf 90' lang='lat' dir='ltr'>quasi</span> <span class='ocrx_word' id='word_1_244' title='bbox 807 2099 947 2137; x_wconf 85' lang='lat' dir='ltr'>tecum</span> <span class='ocrx_word' id='word_1_245' title='bbox 980 2111 1121 2137; x_wconf 85' lang='lat' dir='ltr'>coram</span> <span class='ocrx_word' id='word_1_246' title='bbox 1151 2096 1363 2150; x_wconf 82' lang='lat' dir='ltr'>loquerer:</span> 
     </span>
    </p>

    <p class='ocr_par' dir='ltr' id='par_1_8' title="bbox 166 2154 1564 2371">
     <span class='ocr_line' id='line_1_33' title="bbox 228 2154 1511 2210; baseline -0.001 -15"><span class='ocrx_word' id='word_1_247' title='bbox 228 2154 359 2195; x_wconf 77' lang='lat' dir='ltr'>‘Non</span> <span class='ocrx_word' id='word_1_248' title='bbox 410 2155 611 2209; x_wconf 77' lang='lat' dir='ltr'>edepol,</span> <span class='ocrx_word' id='word_1_249' title='bbox 662 2157 906 2209; x_wconf 85' lang='lat' dir='ltr'>quantam</span> <span class='ocrx_word' id='word_1_250' title='bbox 956 2169 1061 2196; x_wconf 89' lang='lat' dir='ltr'>rem</span> <span class='ocrx_word' id='word_1_251' title='bbox 1098 2154 1290 2210; x_wconf 77' lang='lat' dir='ltr'>&#39;e‘geris</span> <span class='ocrx_word' id='word_1_252' title='bbox 1340 2167 1511 2208; x_wconf 92' lang='lat' dir='ltr'>neque</span> 
     </span>
     <span class='ocr_line' id='line_1_34' title="bbox 511 2213 1217 2268; baseline -0.001 -14"><span class='ocrx_word' id='word_1_253' title='bbox 511 2214 754 2268; x_wconf 72' lang='lat' dir='ltr'>quantum</span> <span class='ocrx_word' id='word_1_254' title='bbox 787 2214 986 2254; x_wconf 88' lang='lat' dir='ltr'>facinus</span> <span class='ocrx_word' id='word_1_255' title='bbox 1018 2213 1217 2267; x_wconf 66' lang='lat' dir='ltr'>feceris,</span> 
     </span>
     <span class='ocr_line' id='line_1_35' title="bbox 167 2270 1512 2326; baseline 0.001 -16"><span class='ocrx_word' id='word_1_256' title='bbox 167 2270 281 2323; x_wconf 91' lang='lat' dir='ltr'>quod</span> <span class='ocrx_word' id='word_1_257' title='bbox 312 2272 410 2325; x_wconf 85' lang='lat' dir='ltr'>quia</span> <span class='ocrx_word' id='word_1_258' title='bbox 435 2275 602 2326; x_wconf 86' lang='lat' dir='ltr'>praeter</span> <span class='ocrx_word' id='word_1_259' title='bbox 628 2272 870 2326; x_wconf 89' lang='lat' dir='ltr'>opinionem</span> <span class='ocrx_word' id='word_1_260' title='bbox 896 2271 1001 2312; x_wconf 92' lang='lat' dir='ltr'>mihi</span> <span class='ocrx_word' id='word_1_261' title='bbox 1028 2271 1246 2325; x_wconf 84' lang='lat' dir='ltr'>acciderat,</span> <span class='ocrx_word' id='word_1_262' title='bbox 1279 2271 1512 2313; x_wconf 81' lang='lat' dir='ltr'>referebam</span> 
     </span>
     <span class='ocr_line' id='line_1_36' title="bbox 166 2329 1564 2371; baseline -0.002 -3"><span class='ocrx_word' id='word_1_263' title='bbox 166 2341 233 2368; x_wconf 92' lang='lat' dir='ltr'>me</span> <span class='ocrx_word' id='word_1_264' title='bbox 266 2329 318 2368; x_wconf 88' lang='lat' dir='ltr'>ad</span> <span class='ocrx_word' id='word_1_265' title='bbox 349 2330 471 2371; x_wconf 88' lang='lat' dir='ltr'>illud:</span> <span class='ocrx_word' id='word_1_266' title='bbox 1528 2338 1564 2365; x_wconf 73' lang='lat'>³5</span> 
     </span>
    </p>
   </div>
  </div>
 </body>
</html>
