1659 2552
67 748 100 773 10

68 1041 101 1067 15

69 1335 102 1360 20

73 1920 106 1945 30

75 2213 108 2237 35

631 108 774 142 LIBER
798 108 850 142 III
879 111 932 143 10.
1400 105 1451 145 71

119 206 311 248 dubitare
342 220 428 247 non
459 219 643 259 possum,
677 203 779 258 quin
810 203 890 244 tibi
924 202 1159 257 amplitudo
1192 202 1273 243 ista
1305 201 1457 242 sollici-

118 266 220 307 tudo
252 266 395 306 futura
427 264 498 317 sit3
537 264 572 304 si
603 278 703 304 vero
743 263 893 317 efficis,
935 265 983 303 ut
1021 276 1212 303 censores
1251 263 1456 314 creentur,

118 328 159 366 et
191 325 225 365 si
257 324 317 365 ita
347 323 526 379 gesseris
559 337 794 375 censuram,
825 323 873 362 ut
904 323 945 362 et
978 321 1103 362 debes
1136 323 1177 361 et
1207 322 1340 374 poteS,
1371 333 1457 360 non

117 383 198 424 tibi
224 383 372 436 solum,
399 382 471 422 sed
489 381 574 422 tuis
595 381 792 422 omnibus
811 380 932 421 video
953 380 997 420 in
1019 382 1271 434 perpetuum
1291 392 1455 419 summo

118 445 159 483 10
190 441 399 496 praesidio
431 442 632 481 futurum.
693 438 805 480 Illud
834 454 978 495 pugna
1008 442 1050 480 et
1076 439 1245 492 enitere,
1276 452 1328 478 ne
1355 437 1457 491 quid

119 500 243 542 nobis
268 500 472 554 temporis
503 501 769 554 prorogetur,
801 501 859 553 ut,
892 513 987 539 011111
1017 497 1088 538 1110
1117 497 1199 538 tibi
1225 497 1327 537 satis
1353 497 1458 537 fece-

118 560 267 613 rimus,
309 559 405 600 istic
444 573 610 612 quoque
648 560 838 598 nostram
869 557 913 598 in
943 560 985 598 te
1017 556 1357 597 benevolentiam
1388 569 1458 595 na-

118 633 215 660 vare
246 618 467 672 possimus

207 676 321 726 Quae
353 677 403 717 de
433 676 655 717 hominum
688 677 813 728 atque
847 674 1042 716 ordinum
1075 674 1265 715 omnium
1291 688 1391 728 erga
1417 675 1457 714 te

120 736 271 776 studiis
298 735 447 776 scribis
473 735 525 775 ad
549 749 627 789 me,
655 734 829 774 minime
854 733 961 782 mihi
991 733 1183 774 miranda
1209 735 1251 773 et
1275 732 1457 772 maxime

119 795 300 836 iucunda
337 794 595 847 acciderunt,
634 793 861 846 eademque
899 792 951 833 ad
986 806 1053 832 me
1089 791 1324 846 perscripta
1361 793 1459 831 sunt

119 869 142 894 a
167 853 448 894 familiaribus
473 852 588 893 meis.
636 850 784 905 Itaque
812 851 930 905 capio
955 865 1153 906 magnam
1184 850 1458 904 voluptatem,

120 927 214 953 cum
245 912 343 966 tibi,
383 911 500 952 cuius
537 910 643 951 mihi
681 910 867 950 amicitia
903 924 988 951 non
1026 909 1162 950 solum
1194 909 1349 963 ampla,
1388 908 1461 949 sed

119 971 247 1012 etiam
273 971 454 1011 iucunda
480 972 553 1023 est,
586 984 633 1009 ea
658 969 802 1022 tribui,
836 983 940 1022 quae
968 968 1210 1022 debeantur,
1241 970 1334 1008 tum
1358 981 1458 1008 vero

121 1044 334 1071 remanere
373 1029 499 1070 etiam
536 1042 648 1068 nunc
686 1028 730 1068 in
768 1028 937 1068 civitate
975 1030 1121 1068 nostra
1158 1027 1297 1067 studia
1327 1040 1459 1080 prope

121 1089 310 1130 omnium
341 1101 545 1129 consensu
577 1101 676 1142 erga
707 1086 830 1127 fortis
862 1089 903 1127 et
935 1086 1165 1126 industrios
1196 1086 1322 1139 viros,
1355 1099 1460 1139 quae

120 1148 226 1188 mihi
264 1147 345 1201 ipsi
382 1161 464 1187 una
502 1160 666 1200 semper
702 1145 864 1186 tributa
900 1159 1059 1186 merces
1092 1147 1155 1185 est
1191 1144 1387 1185 laborum
1419 1145 1462 1184 et

122 1206 366 1262 vigiliarum
396 1219 595 1246 mearum.

208 1264 320 1305 Illud
350 1278 449 1305 vero
486 1264 593 1304 mihi
629 1262 862 1317 permirum
893 1262 1062 1317 accidit,
1099 1264 1263 1303 tantam
1294 1260 1460 1302 temeri-

122 1326 252 1364 tatem
283 1323 411 1363 fuisse
443 1322 487 1363 in
518 1337 567 1363 eo
600 1322 875 1376 adulescente,
908 1321 1025 1362 cuius
1051 1335 1130 1376 ego
1157 1321 1336 1361 salutem
1363 1320 1461 1360 duo-

122 1382 200 1423 bus
233 1382 382 1436 capitis
413 1381 579 1422 iudiciis
611 1395 773 1421 summa
799 1380 1067 1421 contentione
1095 1379 1273 1433 defendi,
1304 1381 1352 1419 ut
1376 1378 1462 1419 tuis

123 1441 356 1482 inimicitiis
383 1439 658 1493 suscipiendis
679 1439 999 1480 oblivisceretur
1016 1453 1149 1493 prope
1170 1438 1360 1479 omnium
1379 1438 1462 1478 for-

122 1503 321 1540 tunarum
353 1513 400 1539 00
430 1499 643 1539 rationum
675 1513 856 1552 suarum,
890 1498 1139 1552 praesertim
1171 1512 1266 1538 cum
1297 1499 1344 1537 tu
1377 1511 1462 1537 om-

123 1558 248 1599 nibus
284 1558 352 1598 vel
393 1557 650 1598 ornamentis
689 1557 757 1597 vel
796 1557 1016 1611 praesidiis
1056 1556 1328 1609 redundareS,
1368 1556 1461 1609 ipsi,

73 1628 102 1652 ·-·
126 1619 172 1657 111
196 1616 406 1657 levissime
434 1616 580 1670 dicam,
611 1616 746 1656 multa
779 1616 954 1656 dessent.
1018 1614 1147 1655 Cuius
1184 1629 1322 1655 sermo
1361 1614 1462 1654 stul-

125 1679 193 1716 tus
225 1677 266 1715 et
302 1675 476 1729 puerilis
515 1677 604 1715 erat
644 1674 728 1714 iam
760 1677 855 1714 ante
887 1674 940 1714 ad
970 1688 1036 1714 me
1069 1689 1092 1714 a
1122 1673 1178 1714 M.
1213 1672 1372 1726 Caelio,
1404 1673 1462 1713 fa-

124 1733 281 1774 miliari
305 1736 463 1787 nostro,
488 1732 765 1787 perscriptus3
798 1733 847 1773 de
874 1747 957 1786 quo
984 1733 1086 1773 item
1112 1746 1303 1773 sermone
1328 1731 1462 1772 multa

125 1792 281 1846 scripta
321 1794 419 1831 sunt
459 1791 533 1831 abs
573 1794 625 1832 te.
688 1791 781 1846 Ego
820 1794 960 1832 autem
999 1791 1122 1831 citius
1155 1805 1250 1831 cum
1282 1804 1348 1844 eo,
1390 1790 1463 1843 qui

125 1854 218 1891 tuas
238 1849 482 1890 inimicitias
502 1849 762 1903 suscepisset,
787 1852 972 1890 veterem
992 1849 1344 1900 coniunctionem-
1359 1848 1464 1888 dire-

126 1909 296 1950 missem
322 1923 448 1962 quam
472 1922 625 1948 novam
651 1908 957 1961 conciliassem3
988 1922 1123 1961 neque
1149 1907 1261 1948 enim
1288 1907 1337 1946 de
1368 1920 1462 1947 meo

127 1982 226 2023 erga
256 1970 298 2008 te
331 1967 470 2007 studio
504 1966 696 2006 dubitare
729 1966 870 2020 debes,
901 1981 1037 2020 neque
1068 1966 1113 2006 id
1143 1968 1206 2006 est
1237 1965 1463 2006 obscurum

129 2027 324 2080 cuiquam
356 2026 399 2066 in
430 2025 647 2080 provincia
678 2039 754 2065 nec
785 2024 943 2065 Romae
975 2025 1067 2064 fuit.

216 2084 299 2125 Sed
322 2087 464 2125 tamen
490 2084 753 2139 significatur
778 2083 822 2123 in
847 2083 930 2123 tuis
956 2082 1110 2123 litteris
1136 2081 1318 2136 suspicio
1340 2095 1462 2135 quae-
1496 2089 1506 2097 '

129 2143 224 2184 dam
255 2146 297 2184 et
329 2142 538 2183 dubitatio
570 2145 653 2196 tua,
687 2142 735 2182 de
763 2156 843 2195 qua
869 2141 1052 2181 alienum
1078 2144 1244 2194 tempus
1269 2143 1332 2181 est
1356 2140 1463 2181 mihi

128 2204 267 2242 tecum
298 2201 609 2256 expostulandi,
646 2200 856 2255 purgandi
887 2202 1027 2240 autem
1058 2200 1141 2240 mei
1171 2199 1462 2240 necessarium.

127 2259 214 2301 Ubi
245 2260 357 2301 enim
388 2275 466 2316 ego
499 2260 694 2313 cuiquam
718 2258 922 2314 legationi
947 2258 1008 2299 fui
1034 2257 1347 2312 impedimento,
1379 2272 1462 2312 quo

127 2318 267 2359 minus
292 2318 472 2359 Romam
499 2319 551 2359 ad
574 2318 741 2358 laudem
767 2321 883 2358 tuam
908 2317 1180 2358 mitteretur?
1213 2319 1284 2357 aut
1309 2317 1353 2357 in
1379 2331 1462 2370 quo
