1659 2552
217 91 302 133 350
718 91 1056 126 EPISTULARUM

212 188 324 229 bella
366 202 417 229 ex
460 187 564 228 Asia
614 188 939 241 conscripserat,
989 201 1040 227 ex
1085 185 1207 240 Syria
1256 186 1468 242 fugientes
1510 185 1555 227 in

212 246 509 301 Pamphyliam
552 249 768 287 venerunt.
839 244 898 286 Hi
941 245 1244 286 nuntiaverunt
1286 244 1554 286 Dolabellam

212 305 504 359 Antiocheam,
537 319 642 359 quae
675 304 718 345 in
751 303 874 358 Syria
905 306 979 358 est,
1010 303 1191 359 venisse,
1222 318 1308 345 non
1339 306 1555 358 receptum

212 367 410 405 conatum
437 378 524 405 esse
557 363 812 417 aliquotiens
843 362 885 403 vi
917 362 1112 417 introire3
1144 363 1358 417 repulsum
1390 377 1555 417 semper

213 437 301 464 esse
345 437 439 464 cum
483 436 637 477 magno
682 435 758 462 suo
802 421 1055 462 detrimento
1100 422 1242 476 itaque
1285 432 1346 462 Dc
1387 421 1555 462 circiter

212 481 377 522 amissis
409 481 546 536 aegris
577 480 736 521 relictis
762 483 891 521 noctu
916 479 1155 521 Antiochea
1184 479 1424 536 profugisse
1448 478 1555 521 Lao-

213 540 373 581 diceam
411 554 572 593 versus,
611 553 658 580 ea
694 542 817 580 nocte
855 553 1000 580 omnes
1037 539 1124 580 fere
1154 537 1365 579 Asiaticos
1396 538 1554 580 milites

213 599 265 639 ab
304 613 352 640 eo
392 598 650 653 discessisse3
688 612 738 639 ex
774 597 843 638 his
880 597 932 638 ad
969 597 1237 653 octingentos
1273 596 1555 638 Antiocheam

212 658 369 698 redisse
408 660 449 698 et
486 671 529 697 se
567 656 619 696 iis
656 656 896 710 tradidisse,
935 656 1007 710 qui
1045 671 1068 696 a
1107 655 1250 697 Cassio
1288 655 1426 697 relicti
1458 655 1554 697 urbi

213 717 277 757 illi
314 718 552 769 praeerant,
598 718 759 756 ceteros
799 729 875 769 per
910 713 1123 755 Amanum
1167 715 1211 756 in
1257 713 1449 756 Ciliciam
1487 714 1553 756 de-

214 775 442 828 scendisse,
487 788 570 828 quo
611 788 663 814 ex
699 788 875 814 numero
913 787 956 814 se
995 787 1162 828 quoque
1206 788 1294 815 esse
1339 773 1554 828 dicebantz,

214 832 405 874 Cassium
446 836 587 873 autem
628 846 723 873 cum
767 832 853 873 suis
895 832 1092 873 omnibus
1136 832 1268 886 copiis
1311 832 1555 873 nuntiatum

214 907 301 933 esse
334 891 558 946 quadridui
595 891 677 932 iter
712 890 919 932 Laodicea
957 891 1112 932 afuisse
1149 893 1258 945 tum,
1299 905 1394 932 cum
1428 890 1554 932 Dola-

209 951 323 991 ·bella
343 965 391 991 eo
411 950 612 991 tenderet.
664 949 799 999 Quam
826 949 879 990 ob
913 964 1001 991 rem
1029 949 1227 1003 opinione
1259 949 1434 991 celerius
1460 963 1555 991 con-

213 1010 296 1050 fido
330 1009 700 1050 sceleratissimum
731 1009 941 1050 latronem
971 1022 1129 1063 poenas
1162 1008 1369 1050 daturum.
1401 1020 1469 1049 1111
1499 1007 1552 1049 N.

212 1067 301 1109 Iun.
337 1067 508 1123 Pergae.

830 1171 943 1214 XVI.

461 1253 535 1288 Ser.
562 1253 716 1287 Athenis
747 1253 852 1287 VIII
872 1253 919 1288 K.
946 1254 1030 1288 Iun.
1058 1265 1091 1288 a.
1122 1256 1191 1288 710
1218 1255 1307 1296 (44).

595 1334 865 1369 TREBONIUS
893 1334 1115 1369 CICERONI
1143 1334 1175 1369 S.

303 1417 341 1459 S.
375 1433 410 1458 v.
444 1418 483 1458 b.
522 1418 712 1458 Athenas
749 1418 846 1458 veni
884 1432 917 1458 a.
951 1418 987 1458 d.
1019 1430 1067 1458 XI
1105 1418 1155 1458 K.
1188 1417 1278 1459 Iun.
1317 1419 1443 1470 atque
1481 1416 1553 1470 ibi,

213 1477 327 1531 quod
358 1477 540 1517 maxime
573 1476 790 1530 optabam,
821 1476 912 1524 vidi
940 1477 1076 1517 filium
1108 1480 1229 1517 tuum
1262 1475 1450 1517 deditum
1483 1489 1554 1530 op-

212 1535 342 1576 tumis
380 1535 532 1576 studjis
569 1549 815 1589 summaque
852 1535 1082 1576 modestiae
1120 1535 1241 1576 fama.
1305 1533 1396 1583 Qua
1427 1548 1478 1575 ex
1509 1548 1554 1575 re

213 1597 413 1648 quantam
444 1594 708 1659 voluptatem
741 1594 934 1658 ceperim,
966 1594 1072 1635 scire
1102 1597 1224 1648 potes
1250 1593 1378 1634 etiam
1402 1607 1470 1634 me
1494 1594 1554 1633 ta-

213 1656 348 1707 cente3
379 1667 465 1693 non
498 1653 610 1693 enim
641 1652 788 1707 nescis,
821 1653 968 1706 quanti
999 1656 1042 1694 te
1073 1653 1224 1693 faciam
1251 1654 1292 1693 et
1318 1666 1445 1706 quam
1474 1665 1553 1706 pro

212 1714 358 1752 nostro
402 1711 629 1752 veterrimo
679 1711 984 1765 verissimoque
1037 1725 1178 1752 amore
1229 1710 1426 1752 omnibus
1468 1709 1554 1751 tuis

213 1770 341 1811 etiam
372 1770 561 1810 minimis
594 1770 844 1824 commodis,
881 1784 968 1811 non
998 1770 1126 1811 modo
1158 1772 1277 1810 tanto
1309 1769 1422 1810 bono
1454 1783 1554 1825 gau-

213 1829 343 1870 deam.
404 1828 506 1870 Noli
543 1832 710 1883 putare,
747 1829 807 1869 mi
840 1827 1006 1883 Cicero,
1043 1843 1110 1869 me
1147 1828 1229 1870 hoc
1265 1827 1438 1869 auribus
1469 1827 1554 1868 tuis

213 1887 331 1942 dare,
371 1887 480 1928 nihil
524 1887 788 1928 adulescente
825 1890 900 1928 tuo
939 1890 1065 1941 atque
1103 1887 1205 1929 adeo
1242 1889 1388 1928 nostro
1427 1884 1554 1941 (nihil

213 1947 324 1987 enim
356 1946 462 1987 mihi
495 1961 517 1987 a
550 1950 591 1987 te
628 1948 770 2000 potest
808 1960 896 1987 esse
929 1944 1186 2002 seiunctum)
1227 1948 1299 1986 aut
1331 1944 1554 1985 amabilius

214 2005 412 2046 omnibus
438 2005 501 2059 iis,
529 2005 602 2059 qui
622 2004 803 2046 Athenis
830 2007 939 2059 sunt,
965 2007 1028 2046 est
1054 2008 1126 2045 aut
1155 2003 1384 2045 studiosius
1409 2016 1553 2043 earum

212 2064 379 2117 artium,
412 2078 515 2117 quas
541 2066 588 2104 tu
613 2063 796 2104 maxime
823 2078 948 2118 amas,
979 2063 1061 2104 hoc
1087 2066 1148 2104 est
1175 2062 1440 2116 optimarum.
1472 2060 1555 2102 Ita-

213 2137 292 2177 que
333 2122 435 2176 tibi,
477 2122 591 2176 quod
627 2136 724 2163 vere
765 2122 901 2163 facere
938 2136 1129 2176 possum,
1168 2121 1350 2162 libenter
1387 2134 1554 2174 quoque

211 2181 404 2236 gratulor
434 2195 512 2221 nec
543 2181 685 2221 minus
717 2181 844 2221 etiam
874 2180 1011 2235 nobis,
1047 2179 1160 2234 quod
1191 2193 1297 2232 eum,
1330 2193 1456 2232 quem
1486 2193 1555 2220 ne-

213 2254 323 2280 cesse
351 2242 440 2280 erat
468 2239 656 2295 diligere,
691 2239 1007 2293 qualiscumque
1035 2241 1153 2293 esset,
1185 2237 1313 2279 talem
1338 2237 1554 2291 habemus,

212 2301 258 2338 ut
290 2298 486 2339 lubenter
518 2312 688 2352 quoque
721 2298 957 2354 diligamus.

1573 725 1606 750 10

1574 1018 1606 1043 15

1574 1430 1607 1456 20

1574 1722 1608 1747 25

1573 2015 1607 2040 30

1574 2306 1608 2332 35
