1659 2552
202 76 289 117 434
698 75 1038 110 EPISTULARUM

206 172 453 213 Ciceronem
486 171 538 212 ad
571 171 791 213 Caesarem
824 171 992 212 mittere
1026 174 1067 212 et
1100 185 1194 212 cum
1227 185 1275 212 eo
1309 170 1382 213 Cn.
1416 170 1550 213 Sallu-

205 231 345 272 stium.
441 230 454 271 i
485 231 702 285 profectus
734 230 832 283 erit,
871 230 1021 271 faciam
1059 233 1101 271 te
1134 230 1366 271 certiorem.
1428 229 1551 272 Vale-

203 290 351 331 tudine
436 303 533 330 uam
555 304 654 330 cura
675 289 912 344 diligenter.
950 288 1068 330 Vale.
1111 300 1208 329 xvn
1234 289 1284 330 K.
1305 288 1550 338 Quinctiles.

827 405 920 447 XII.

369 487 443 522 Ser.
471 487 658 521 Brundisi
677 487 775 530 prid.
803 486 901 521 Non.
929 486 1101 521 Novemb.
1129 499 1161 521 α.
1191 489 1263 522 706
1290 489 1382 531 (48).
1587 500 1603 526 5

486 568 685 603 TULLIUS
717 567 993 602 TERENTIAE
1021 567 1142 602 SUAE
1170 568 1203 603 S.
1230 568 1272 603 D.

295 651 417 701 Quod
448 666 526 693 nos
557 652 602 692 in
632 650 802 692 Italiam
834 651 972 692 salvos
1004 652 1167 692 venisse
1199 652 1375 708 gaudes,
1405 667 1550 707 perpe-

203 714 278 752 tuo
304 711 487 766 gaudeas
508 711 653 765 velim3
686 711 758 752 sed
782 710 1022 764 perturbati
1043 711 1186 752 dolore
1212 711 1342 752 animi
1367 712 1550 768 magnis-

204 785 285 824 que
318 770 485 811 iniuriis
515 772 659 811 metuo
691 784 743 810 ne
775 770 819 810 id
851 769 1016 810 consilii
1043 770 1288 825 ceperimus>
1320 770 1434 824 quod
1463 785 1549 812 non

204 829 325 869 facile
359 829 568 883 explicare
600 829 822 882 possimus.
885 828 1040 882 Quare,
1073 831 1279 882 quantum
1309 832 1448 883 potes,
1480 830 1548 870 ad-
1569 842 1602 866 10

205 889 319 942 iuva3
358 888 461 942 quid
493 890 634 928 autem
672 888 825 941 possis,
863 887 969 928 mihi
1007 887 1051 927 in
1088 890 1273 928 mentem
1304 902 1389 929 non
1421 889 1548 929 venit.

202 945 253 987 In
285 947 397 988 viam
431 947 545 1000 quod
576 949 617 987 te
650 946 721 987 des
752 946 833 987 hoc
865 948 1066 1000 tempore,
1098 946 1206 987 nihil
1238 949 1310 987 est.
1373 946 1429 987 Et
1459 947 1548 988 lon-

203 1021 306 1061 gum
339 1008 401 1046 est
432 1006 514 1046 iter
546 1008 587 1046 et
618 1019 704 1045 non
736 1008 897 1059 tutum,
931 1008 972 1046 et
1002 1019 1087 1045 non
1119 1005 1259 1059 video,
1293 1005 1395 1059 quid
1425 1006 1548 1060 prod-

204 1080 291 1105 esse
323 1065 480 1119 possis,
514 1064 548 1105 si
581 1064 756 1105 veneris.
806 1063 923 1104 Vale.
974 1062 1024 1104 D.
1051 1079 1112 1118 pr.
1137 1063 1247 1105 Non.
1279 1063 1387 1105 Nov.
1414 1064 1548 1106 Brun-

203 1124 323 1165 disio.
929 1151 937 1155 -
1567 1133 1600 1158 15

815 1203 931 1245 XIII.

423 1285 496 1320 Ser.
524 1285 710 1320 Brundisi
741 1285 799 1319 VI
818 1285 874 1319 Id.
907 1284 1048 1329 Que'nct.
1075 1297 1108 1319 a.
1137 1287 1211 1319 707
1237 1287 1327 1327 (47).

481 1366 681 1401 TULLIUS
709 1366 742 1401 S.
768 1366 810 1400 D.
839 1340 1114 1399 TERENTIAE
1142 1365 1274 1402 SUAE.

291 1450 415 1499 Quod
446 1451 595 1505 scripsi
634 1450 686 1490 ad
717 1452 758 1490 te
795 1449 1002 1503 proximis
1033 1449 1188 1490 litteris
1222 1449 1270 1490 de
1302 1451 1453 1491 nuntio
1486 1465 1545 1492 re-

201 1509 423 1563 mittendo,
456 1524 561 1563 quae
594 1509 648 1549 sit
681 1508 802 1549 istius
828 1508 891 1549 vis
922 1508 1003 1548 hoc
1034 1510 1224 1562 tempore
1251 1511 1292 1549 et
1319 1523 1424 1562 quae
1451 1523 1545 1550 con-
1566 1523 1599 1544 πυ

202 1569 348 1609 citatio
380 1567 686 1621 multitudinis,
725 1567 886 1622 ignoro.
950 1565 994 1607 Si
1026 1567 1276 1608 metuendus
1308 1568 1440 1608 iratus
1471 1572 1545 1622 est,

201 1627 409 1681 quiesces3
441 1630 583 1667 tamen
609 1626 661 1666 ab
695 1626 768 1666 illo
795 1626 972 1666 fortasse
998 1628 1202 1666 nascetur.
1253 1625 1408 1667 Totum
1442 1627 1546 1668 iudi-

202 1686 316 1726 cabis
349 1685 471 1739 quale
504 1685 575 1738 sit,
615 1687 672 1738 et,
715 1684 828 1738 quod
860 1684 902 1724 in
934 1684 1183 1725 miserrimis
1216 1685 1340 1726 rebus
1371 1685 1545 1727 minime

201 1745 402 1786 miserum
435 1744 617 1798 putabis,
649 1743 692 1784 id
724 1743 861 1784 facies.
923 1742 1040 1784 Vale.
1090 1755 1138 1784 VI
1162 1743 1222 1785 Id.
1250 1742 1484 1792 Quinctilis.

816 1858 930 1901 XIV.
1561 1870 1596 1895 25

407 1942 480 1977 Ser.
509 1941 721 1976 BIentwrnis
752 1941 856 1975 VIII
876 1940 924 1975 K.
954 1940 1060 1975 Febr.
1088 1952 1120 1975 α.
1149 1944 1220 1976 705
1248 1943 1336 1984 (49).

250 2024 451 2059 TULLIUS
478 2022 754 2057 TERENTIAE
780 2021 842 2055 ET
868 2021 1028 2055 PATER
1053 2021 1274 2064 TULLIAE,
1306 2020 1495 2055 DUABUS

342 2082 510 2117 ANIMIS
543 2081 662 2124 SUIS,
694 2080 756 2114 ET
783 2079 952 2114 CICERO
985 2079 1139 2114 MATRI
1171 2079 1400 2122 OPTIMAE‚

517 2138 832 2175 SUAVISSIMAE
860 2138 1033 2173 SORORI
1060 2139 1092 2172 S.
1119 2138 1158 2173 P.
1184 2138 1226 2173 D.

156 2238 171 2266 1
291 2225 334 2267 Si
367 2240 442 2266 vos
474 2224 640 2277 valetis,
678 2237 755 2264 nos
787 2222 984 2263 valemus.
1048 2221 1248 2263 Vestrum
1286 2221 1369 2261 iam
1409 2222 1541 2262 consi·
1561 2233 1595 2258 30

200 2284 304 2324 lium
338 2287 411 2338 est,
444 2298 528 2324 non
561 2283 698 2324 solum
730 2295 882 2336 meum,
916 2280 1018 2334 quid
1051 2281 1105 2321 sit
1136 2280 1258 2321 vobis
1290 2280 1560 2321 faciendum.>
