1659 2552
597 103 739 138 LIBER
763 104 813 138 XI
839 108 940 139 6—9.
1359 106 1443 147 309

717 245 832 288 VIII.

314 325 387 361 Ser.
415 325 551 360 Romae
575 327 657 362 circ.
684 327 749 361 IX
773 326 820 361 K.
848 326 957 361 Febr.
983 338 1016 361 a.
1045 329 1113 360 711
1148 329 1236 370 (43).

252 405 301 442 M.
329 406 496 442 CICERO
523 406 556 441 S.
583 407 625 442 D.
651 407 694 442 D.
722 407 880 442 BRUTO
907 407 1001 443 IMP.
1030 407 1124 443 COS.
1151 408 1302 443 DESIG.

196 489 261 531 Eo
281 493 471 544 tempore
484 489 604 531 Polla
624 494 697 531 tua
716 491 843 545 misit,
870 494 917 532 ut
943 491 995 532 ad
1019 494 1072 546 te,
1104 492 1139 532 si
1160 491 1263 546 quid
1282 492 1444 546 vellem,

73 561 88 586 5
109 548 252 589 darem
286 548 536 602 litterarum,
568 563 674 603 cum,
706 549 808 603 quid
839 550 1076 604 scriberem,
1108 564 1194 591 non
1218 550 1445 605 habebam3

109 607 251 648 omnia
293 607 405 648 enim
454 610 573 648 erant
621 622 821 662 suspensa
868 611 1041 663 propter
1089 609 1444 663 exspectationem

107 666 366 722 legatorum,
411 666 483 720 qui
521 666 623 720 quid
663 667 863 721 egissent,
907 667 1117 708 nihildum
1157 668 1443 709 nuntiabatur.

107 723 224 765 Haec
253 726 395 765 tamen
421 724 641 765 scribenda
665 725 914 779 existimavi,
945 726 1130 780 primum
1156 729 1346 767 senatum
1372 741 1444 780 po-

107 783 339 837 pulumque
375 782 425 823 R.
459 783 507 823 de
547 786 589 824 te
628 783 820 824 laborare
860 799 945 839 non
984 784 1120 824 solum
1158 785 1305 826 salutis
1345 799 1443 825 suae

55 854 89 878 10
109 855 243 895 causa,
275 841 349 882 sed
379 841 506 882 etiam
539 841 759 896 dignitatis
789 845 896 883 tuae.
939 842 1217 883 Admirabilis
1243 844 1354 883 enim
1381 846 1445 884 est

109 900 313 954 quaedam
344 900 408 940 tui
439 900 622 940 nominis
655 901 805 941 caritas
836 915 1035 955 amorque
1067 901 1110 941 in
1142 904 1183 942 te
1218 902 1444 957 singularis

110 959 299 999 omnium
332 958 504 1012 civium3
537 959 596 998 ita
627 959 738 999 enim
771 962 940 1013 sperant
971 962 1097 1013 atque
1129 960 1365 1014 confidunt,
1395 962 1444 1000 ut

109 1020 232 1058 antea
263 1031 373 1072 rege,
405 1017 465 1057 sic
494 1017 576 1057 hoc
605 1019 795 1071 tempore
827 1032 957 1073 regno
989 1021 1030 1058 te
1061 1032 1149 1059 rem
1181 1034 1218 1072 p.
1244 1018 1443 1059 liberatu-

108 1090 214 1116 rum.
275 1075 435 1116 Romae
477 1075 652 1116 dilectus
692 1076 872 1116 habetur
910 1078 1083 1130 totaque
1122 1075 1262 1131 Italia,
1300 1077 1334 1117 si
1374 1077 1444 1117 hic
1471 1106 1488 1116 μ

56 1146 89 1171 15
110 1135 286 1175 dilectus
318 1133 591 1188 appeIlandus
623 1137 696 1188 est,
729 1148 823 1175 cum
854 1134 966 1175 ultro
999 1149 1041 1175 se
1068 1136 1250 1175 offerunt
1282 1150 1443 1190 omnes3

108 1195 252 1234 tantus
283 1193 408 1233 ardor
444 1192 607 1233 animos
642 1192 863 1233 hominum
902 1193 1121 1247 occupavit
1159 1193 1364 1234 desiderio
1396 1194 1444 1233 li-

108 1251 286 1293 bertatis
313 1251 493 1304 odioque
520 1250 705 1292 diutinae
737 1251 963 1292 servitutis.
1024 1251 1087 1292 De
1119 1251 1292 1305 reliquis
1318 1252 1444 1292 rebus

109 1326 133 1351 a
163 1312 205 1351 te
237 1310 321 1350 iam
358 1312 598 1363 exspectare
629 1309 792 1350 litteras
832 1309 1031 1350 debemus
1068 1310 1170 1363 quid
1206 1310 1295 1364 ipse
1333 1324 1444 1366 agas,

109 1368 212 1423 quid
250 1371 395 1409 noster
433 1367 621 1422 Hirtius,
662 1368 764 1422 quid
805 1366 956 1408 Caesar
995 1382 1132 1423 meus3
1176 1382 1281 1422 quos
1322 1382 1444 1422 spero

0 1428 1 1459 ἰ
59 1439 93 1464 20
111 1427 231 1468 brevi
262 1429 452 1480 tempore
484 1427 683 1467 societate
708 1426 910 1467 victoriae
935 1429 1075 1467 tecum
1101 1427 1319 1480 copulatos
1343 1427 1445 1467 fore.

108 1485 338 1539 Reliquum
364 1487 437 1538 est,
469 1488 516 1525 ut
543 1485 592 1526 de
618 1499 684 1525 me
705 1485 749 1525 id
768 1485 961 1538 scribam,
993 1485 1107 1539 quod
1131 1487 1172 1526 te
1199 1500 1250 1526 ex
1274 1487 1446 1526 tuorum

108 1544 264 1584 litteris
296 1546 337 1584 et
368 1557 490 1597 spero
522 1546 564 1584 et
594 1543 706 1584 malo
745 1557 1017 1599 cognoscere,
1053 1557 1120 1584 me
1157 1557 1292 1597 neque
1330 1543 1446 1584 desse

109 1602 196 1643 ulla
226 1602 271 1642 in
302 1616 346 1643 re
376 1615 512 1655 neque
543 1616 744 1656 umquam
776 1602 1018 1643 defuturum
1051 1601 1249 1657 dignitati
1279 1604 1387 1643 tuae.

741 1751 813 1792 IX.

294 1832 368 1867 Ser.
394 1833 435 1866 in
459 1832 586 1866 castris
611 1831 704 1876 Reyz·
728 1831 802 1865 III
822 1832 870 1866 K.
898 1831 993 1865 Mai.
1020 1844 1052 1866 α.
1081 1834 1149 1865 711
1179 1834 1269 1875 (43).

413 1912 456 1947 D.
483 1912 670 1947 BRUTUS
704 1912 737 1947 S.
763 1912 806 1947 D.
833 1912 881 1946 Μ.
908 1911 1139 1946 CICERONI.

197 2008 335 2050 Pansa
365 2008 518 2049 amisso
551 2010 755 2062 quantum
787 2006 1029 2048 detrimenti
1061 2021 1126 2048 res
1156 2022 1194 2060 p.
1228 2006 1445 2061 acceperit,

110 2081 196 2108 non
232 2070 275 2108 te
310 2066 523 2122 praeterit.
582 2065 708 2107 Nunc
745 2065 995 2106 auctoritate
1033 2068 1074 2106 et
1110 2065 1333 2118 prudentia
1373 2067 1446 2105 tua

110 2125 342 2180 prospicias
375 2127 562 2179 oportet,
592 2138 645 2164 ne
676 2123 838 2164 inimici
868 2124 1003 2164 nostri
1036 2123 1278 2164 consulibus
1309 2123 1446 2163 subla—

59 2196 92 2221 30
110 2184 167 2225 tis
199 2186 366 2238 sperent
398 2198 440 2224 se
473 2182 759 2224 convalescere
789 2196 921 2235 posse.
984 2181 1094 2237 Ego,
1135 2195 1186 2221 ne
1219 2181 1446 2222 consistere

109 2242 246 2296 possit
281 2242 326 2283 in
362 2241 486 2283 Italia
523 2241 752 2294 Antonius,
792 2240 898 2280 dabo
938 2254 1125 2294 operam3
1163 2254 1313 2293 sequar
1349 2253 1445 2280 eum

111 2300 344 2342 confestim.
403 2300 643 2354 Utrumque
673 2313 740 2340 me
771 2300 1082 2352 praestaturum
1113 2312 1253 2352 spero,
1289 2312 1342 2338 ne
1373 2300 1446 2338 aut
