1659 2552
479 83 543 117 AD
572 82 729 125 QUINT.
757 83 926 118 FRATR.
954 84 1096 118 LIBER
1120 84 1136 118 Ι
1164 89 1193 119 1.
1409 84 1495 124 499

154 179 294 220 dinem
337 193 423 219 non
463 179 589 219 modo
631 179 705 220 illo
746 179 941 233 populari
981 193 1148 220 accessu
1189 194 1236 220 ac
1279 180 1495 234 tribunali,

154 238 226 279 sed
262 252 315 278 ne
354 238 478 278 domo
518 237 687 291 quidem
725 241 767 278 et
805 237 999 279 cubiculo
1037 252 1126 279 esse
1164 239 1376 279 exclusam
1408 242 1495 293 tuo,

152 299 245 337 toto
273 296 451 351 denique
481 297 660 350 imperio
692 296 801 337 nihil
826 297 1024 338 acerbum
1056 311 1156 351 esse,
1187 297 1296 337 nihil
1328 297 1495 338 crudele

153 358 279 409 atque
317 355 458 395 omnia
493 355 618 409 plena
656 355 918 409 clementiae,
958 356 1311 410 mansuetudinis,
1350 356 1495 396 huma-

119 426 134 451 5
153 414 217 454 nit
221 414 311 454 atis.

243 471 457 521 Quantum
481 486 580 513 velo
606 472 712 512 illud
738 475 799 513 est
832 473 1082 514 beneficium
1107 475 1240 527 tuum,
1273 472 1388 527 quod
1418 473 1494 513 ini-

155 545 238 585 quo
277 534 318 571 et
354 531 474 586 gravi
511 531 659 586 vectio·
653 531 709 571 ali
752 531 945 572 aedilicio
990 545 1085 572 cum
1126 532 1293 587 magnis
1336 532 1494 572 nostris

154 589 442 630 simultatibus
473 566 647 630 Asiamo
651 590 859 630 liberasti!
921 589 1109 644 Etenim,
1151 590 1185 631 si
1226 605 1334 631 unus
1364 590 1494 631 homo

154 648 312 689 nobilis
345 648 536 702 queritur
566 648 705 702 palam
737 651 795 699 te,
829 644 943 702 quod
974 649 1173 703 edixeris,
1204 664 1257 690 ne
1289 649 1342 689 ad
1371 649 1494 690 ludos

102 721 135 744 10
153 707 354 761 pecuniae
393 707 731 761 decernerentur,
764 706 837 747 HS
870 707 927 751 CC
964 707 1045 747 sibi
1078 708 1298 761 eripuisse,
1337 710 1495 762 quanta

153 766 324 806 tandem
361 766 538 819 pecunia
575 765 844 819 penderetur,
882 766 917 806 si
950 766 1140 806 omnium
1176 766 1364 821 nomine,
1405 767 1494 820 qui-

155 838 333 878 cumque
364 823 524 865 Romae
554 824 676 864 ludos
707 824 912 879 facerent,
945 825 1059 878 quod
1090 827 1179 865 erat
1211 825 1295 866 iam
1326 824 1494 866 institu-

154 886 263 937 tum,
301 884 574 938 erogaretur?
636 882 899 937 Quamquam
936 883 1011 924 has
1050 884 1240 937 querelas
1270 884 1494 925 hominum

153 944 396 982 nostrorum
427 941 502 982 illo
535 942 710 982 consilio
744 942 1039 997 oppressimus,
1072 942 1185 996 quod
1216 942 1260 982 in
1292 942 1393 983 Asia
1425 957 1494 983 ne-

101 1013 134 1037 15
154 1001 240 1041 scio
273 1015 456 1054 quonam
486 1000 625 1054 modo,
655 999 815 1041 Romae
844 1000 1015 1054 quidem
1045 1015 1131 1041 non
1162 1001 1365 1042 mediocri
1397 1015 1492 1042 cum

154 1059 432 1099 admiratione
468 1058 680 1113 laudatur,
718 1059 848 1113 quod,
886 1073 982 1100 cum
1019 1059 1071 1099 ad
1107 1060 1314 1113 templum
1344 1074 1492 1100 monu-

153 1120 427 1171 mentumque
475 1120 667 1158 nostrum
711 1118 902 1158 civitates
949 1118 1148 1172 pecunias
1198 1118 1491 1173 decrevissent,

154 1190 332 1241 cumque
372 1176 417 1216 id
456 1179 497 1216 et
536 1191 614 1230 pro
654 1177 758 1216 meis
798 1176 963 1231 mannis
1003 1177 1166 1217 meritis
1207 1180 1248 1217 et
1286 1191 1364 1231 pro
1405 1177 1491 1217 tuis

153 1234 349 1275 maximis
379 1234 595 1275 beneficiis
626 1249 789 1275 summa
820 1250 894 1275 sua
924 1235 1141 1276 voluntate
1173 1236 1386 1289 fecissent,
1418 1250 1491 1277 no

102 1306 135 1330 20
154 1293 431 1347 minatimque
475 1293 543 1333 lex
584 1294 812 1347 exciperet,
856 1296 903 1334 ut
941 1294 993 1334 ad
1029 1294 1236 1348 templum
1274 1297 1315 1335 et
1347 1309 1493 1335 monu-

152 1355 343 1392 mentum
374 1366 520 1406 capere
551 1352 707 1406 liceret,
739 1366 917 1406 cumque
949 1353 1009 1406 id,
1042 1353 1155 1407 quod
1187 1353 1376 1407 dabatur,
1407 1368 1493 1394 non

154 1412 262 1451 esset
298 1410 586 1464 interiturum,
628 1411 701 1451 sed
737 1411 781 1451 in
814 1412 1071 1452 ornamentis
1108 1412 1257 1466 templi
1289 1412 1492 1466 futurum,

153 1471 201 1509 ut
231 1483 316 1509 non
347 1469 453 1510 mihi
490 1469 632 1522 potius
664 1484 790 1523 quam
827 1470 984 1524 populo
1016 1469 1210 1511 Romano
1243 1485 1290 1511 ac
1322 1471 1385 1511 dis
1417 1471 1492 1511 im-

153 1527 404 1568 mortalibus
447 1528 590 1568 datum
630 1528 863 1582 videretur,
906 1531 1048 1569 tamen
1088 1529 1147 1582 id,
1191 1529 1236 1569 in
1277 1543 1360 1583 quo
1402 1532 1492 1569 erat

101 1596 133 1621 ‘25
155 1585 350 1640 dignitas,
381 1589 470 1626 erat
500 1586 585 1639 lex,
617 1589 706 1626 erat
737 1601 894 1641 eorum,
927 1587 999 1640 qui
1030 1587 1252 1641 faciebant,
1283 1587 1491 1641 voluntas,

153 1643 442 1697 accipiendum
466 1658 553 1684 non
579 1645 726 1697 putavi
752 1659 846 1685 cum
872 1645 965 1685 aliis
992 1645 1041 1685 de
1068 1646 1213 1699 causis,
1245 1649 1338 1686 tum
1364 1646 1492 1686 etiam

153 1705 201 1742 ut
241 1702 381 1742 animo
425 1702 621 1755 aequiore
661 1703 820 1743 ferrent
859 1703 911 1756 ii,
955 1703 1108 1756 quibus
1151 1718 1228 1744 nec
1269 1704 1493 1745 deberetur

152 1775 229 1800 nec
259 1760 414 1800 liceret.
476 1760 741 1814 Quapropter
767 1761 962 1801 incumbe
990 1764 1082 1801 toto
1109 1762 1249 1802 animo
1276 1765 1317 1802 et
1347 1763 1489 1803 'studio

154 1819 268 1859 omni
295 1819 339 1858 in
359 1833 450 1858 eam
475 1819 693 1872 rationem,
726 1834 807 1872 qua
833 1819 968 1859 adhuc
993 1834 1092 1860 usus
1118 1834 1172 1873 es,
1204 1823 1251 1860 ut
1271 1835 1353 1874 eos,
1385 1835 1491 1874 quos

99 1888 134 1913 30
153 1880 250 1918 tuae
290 1877 387 1917 fidei
430 1877 714 1931 potestatique
757 1880 924 1918 senatus
966 1878 1232 1932 populusque
1273 1878 1492 1920 Romanus

105 1939 109 1942 ⁴
153 1935 364 1976 commisit
405 1937 446 1975 et
486 1935 678 1989 oredidjt,
720 1935 870 1991 diligas
911 1939 952 1977 et
990 1937 1105 1977 omni
1147 1937 1309 1977 ratione
1346 1940 1490 1979 tueare

153 1997 195 2034 et
226 2008 313 2035 esse
345 2008 471 2047 quam
508 1993 773 2035 beatissimos
804 1995 918 2035 velis.
981 1994 1139 2043 Quodsi
1175 1998 1218 2036 te
1250 2010 1340 2036 sors
1370 1996 1490 2037 Afris

152 2055 225 2093 aut
266 2052 468 2106 Hispanis
511 2055 583 2092 aut
628 2051 759 2093 Gallis
801 2054 1092 2107 praefecisset,
1142 2054 1398 2095 immanibus
1443 2069 1490 2095 ac

151 2110 343 2152 barbaris
373 2110 628 2164 nationibus,
659 2114 800 2152 tamen
826 2114 934 2152 esset
964 2111 1241 2152 humanitatis
1272 2115 1370 2153 tuae
1396 2127 1492 2154 con-

98 2180 133 2205 35
152 2169 287 2210 sulere
325 2184 471 2210 eorum
508 2170 738 2210 commodis
777 2173 818 2210 et
858 2170 1034 2210 utilitati
1073 2170 1283 2224 salutique
1316 2171 1492 2227 servire3

153 2241 248 2268 cum
287 2242 386 2269 vero
428 2227 465 2268 ei
505 2228 649 2283 generi
688 2228 909 2269 hominum
948 2229 1198 2283 praesimus,
1238 2244 1323 2270 non
1362 2230 1489 2271 modo

152 2285 196 2326 in
234 2300 316 2340 quo
348 2287 438 2340 ipsa
476 2286 547 2340 sit,
589 2286 660 2326 sed
698 2287 823 2327 etiam
857 2302 879 2327 a
911 2301 993 2340 quo
1027 2287 1078 2327 ad
1109 2287 1214 2328 alios
1250 2289 1490 2342 pervenisse

1206 2359 1274 2389 32*

1516 1775 1560 1805 27
