1659 2552
635 75 777 109 LIBER
802 74 836 109 Π
861 78 963 110 3—5.
1416 72 1472 114 33

131 172 260 214 scribi
291 172 345 213 ad
377 170 604 213 Curionem
636 171 719 212 nisi
751 170 801 212 de
832 185 877 211 re
908 169 1107 225 publica?
1150 168 1285 223 Atqui
1317 169 1361 210 in
1392 168 1474 210 hoc

130 246 284 287 genere
314 231 418 271 haec
449 245 542 271 mea
580 244 704 271 causa
735 232 814 284 est,
852 232 899 270 ut
935 242 1062 282 neque
1092 242 1156 279 ea,
1194 242 1297 281 quae
1333 229 1473 282 sentio,

131 291 305 332 audeam
347 304 483 343 neque
527 304 594 343 ea,
639 303 745 342 quae
785 302 871 329 non
911 288 1068 341 sentio,
1109 287 1237 328 velim
1278 287 1471 327 scribere.

131 348 266 398 Quam
299 348 352 389 ob
385 362 491 402 rem,
533 348 734 402 quoniam
773 347 880 388 mihi
910 347 1076 387 nullum
1107 345 1320 387 scribendi
1351 360 1472 401 argu-

96 410 322 449 5mentum
354 407 549 448 relictum
581 409 660 461 est,
692 409 788 447 utar
819 420 866 446 ea
897 405 1100 459 clausula,
1133 419 1216 459 qua
1247 404 1382 458 soleo,
1414 407 1472 444 te-

132 481 213 521 que
245 466 298 507 ad
328 466 515 506 studium
547 480 735 506 summae
766 465 901 505 laudis
928 463 1194 505 cohortabor.
1255 462 1334 504 Est
1360 463 1472 503 enim

130 525 213 566 tibi
249 524 390 581 gravis
428 524 667 565 adversaria
699 524 929 564 constituta
961 526 1002 564 et
1033 525 1180 577 parata
1211 521 1472 563 incredibilis

132 584 337 638 quaedam
368 583 622 637 expectatio3
663 597 789 637 quam
820 584 868 623 tu
898 596 982 623 una
1013 596 1057 622 re
1088 581 1289 622 facillime
1319 581 1473 634 vinces,

132 643 168 684 si
206 643 289 684 hoc
329 642 546 696 statueris,
592 656 771 696 quarum
814 641 987 681 laudum
1029 640 1212 696 gloriam
1253 640 1473 693 adamariS,

80 713 114 738 10
133 701 288 756 quibus
320 701 483 742 artibus
515 714 586 742 eae
617 700 762 741 laudes
794 702 1104 754 comparantur,
1135 699 1179 740 in
1210 699 1263 740 iis
1295 713 1383 740 esse
1416 698 1473 739 la-

132 760 379 802 borandum.
439 758 490 800 In
526 759 636 800 hanc
667 759 920 800 sententiam
951 758 1179 799 scriberem
1210 758 1351 812 plura,
1391 757 1474 798 nisi

132 822 174 861 te
204 822 278 860 tua
309 820 459 873 sponte
490 818 592 859 satis
623 818 847 858 incitatum
879 831 968 858 esse
1000 817 1272 871 confiderem3
1310 819 1351 857 et
1381 816 1474 869 hoc,

133 878 336 933 quicquid
375 877 516 933 attigi,
556 891 643 918 non
681 877 761 918 feci
798 876 1090 917 inflammandi
1125 875 1190 916 tui
1221 890 1361 930 causa,
1402 875 1476 916 sed

132 936 387 979 testificandi
418 936 575 977 amoris
601 936 697 977 mei.

81 1053 114 1079 1⁵
776 1041 827 1082 V.

545 1122 619 1158 Ser.
646 1123 784 1157 Romae
809 1134 842 1157 a.
871 1124 939 1157 701
969 1123 1059 1165 (53).

496 1203 664 1239 CICERO
699 1203 732 1239 S.
766 1203 808 1238 D.
843 1203 878 1238 C.
913 1202 1119 1238 CURIONT.

222 1287 339 1329 Haec
377 1288 550 1344 negotia
590 1302 674 1342 quo
715 1288 842 1329 modo
880 1302 922 1328 se
959 1287 1161 1341 habeant,
1205 1300 1257 1327 ne
1295 1285 1475 1340 epistola

136 1347 307 1402 quidem
343 1361 514 1388 narrare
551 1347 696 1388 audeo.
758 1346 872 1401 Tibi,
906 1347 1000 1400 etsi,
1041 1345 1298 1399 ubicumque
1331 1358 1390 1397 es,
1427 1346 1475 1384 ut

82 1418 117 1444 20
137 1406 286 1460 scripsi
323 1406 376 1446 ad
411 1409 453 1447 te
494 1408 608 1459 ante,
652 1406 696 1446 in
737 1405 882 1446 eadem
919 1420 962 1445 es
999 1404 1114 1459 navi,
1157 1406 1316 1457 tamen,
1361 1402 1476 1456 quod

136 1465 246 1519 ach,
286 1465 498 1520 gratulor,
536 1464 604 1506 vel
640 1464 740 1518 quia
776 1478 861 1505 non
898 1464 1015 1505 vides
1054 1478 1101 1504 ea
1133 1477 1239 1517 quae
1276 1476 1371 1516 nOS,
1409 1461 1477 1502 vel

136 1524 251 1578 quod
280 1524 443 1565 excelso
476 1525 517 1564 et
548 1523 718 1564 inlustri
751 1523 845 1564 loco
877 1523 958 1563 sita
989 1524 1052 1563 est
1082 1522 1174 1562 laus
1204 1524 1279 1561 tua
1310 1520 1354 1561 in
1385 1520 1476 1574 plu-

136 1583 341 1624 rimorum
381 1585 423 1624 et
461 1583 673 1623 sociorum
714 1584 755 1623 et
795 1581 951 1623 civium
992 1582 1239 1635 conspectu,
1280 1593 1386 1634 quae
1424 1578 1477 1619 ad

137 1655 214 1682 nos
244 1655 322 1681 nec
352 1642 531 1682 obscuro
563 1655 640 1682 nec
670 1641 787 1681 vario
820 1654 1029 1693 sermone,
1067 1639 1140 1680 sed
1171 1641 1212 1679 et
1244 1637 1476 1679 clarissima

85 1709 119 1736 25
138 1702 180 1740 et
219 1713 304 1740 una
343 1700 532 1740 omnium
568 1714 669 1741 voce
709 1699 930 1753 perfertur.
991 1698 1136 1740 Unum
1176 1697 1284 1738 illud
1322 1696 1475 1749 nescio,
1502 1713 1510 1721 ·

138 1757 380 1814 gratulerne
417 1758 498 1798 tibi
534 1773 588 1799 an
624 1758 814 1812 timeam,
847 1757 960 1812 quod
995 1756 1206 1798 mirabilis
1237 1758 1299 1797 est
1331 1769 1476 1809 expec-

138 1817 245 1858 tatio
277 1816 436 1857 reditus
467 1816 548 1871 tui,
587 1831 673 1857 non
711 1830 794 1870 quo
826 1831 988 1870 verear,
1028 1830 1081 1857 ne
1117 1818 1191 1856 tua
1222 1814 1357 1855 virtus
1390 1814 1477 1867 opi-

138 1875 258 1916 nioni
298 1875 521 1916 hominum
569 1889 655 1916 non
698 1875 967 1928 respondeat,
1017 1874 1090 1915 sed
1131 1872 1369 1914 mehercule
1413 1886 1476 1924 ne,

140 1948 236 1976 cum
272 1934 456 1987 veneris,
496 1947 582 1974 non
620 1932 776 1973 habeas
813 1933 914 1986 iam,
955 1933 1070 1986 quod
1106 1946 1242 1985 cures3
1282 1931 1342 1971 ita
1366 1932 1477 1971 .sunt

86 2004 120 2030 8⁰
140 1992 283 2034 omnia
314 1992 532 2033 debilitata
557 1994 598 2032 et
623 1991 707 2031 iam
732 2005 863 2045 prope
888 1991 1083 2031 extincta.
1147 1989 1229 2030 Sed
1257 1989 1361 2029 haec
1386 1988 1477 2042 ipsa

139 2051 279 2092 nescio
311 2054 476 2092 rectene
507 2051 592 2091 sint
622 2049 776 2090 litteris
808 2049 1050 2103 commissa3
1088 2062 1216 2102 quare
1249 2050 1386 2088 cetera
1411 2061 1476 2087 co-

140 2124 316 2166 gnosces
347 2124 398 2150 ex
430 2109 534 2150 aliis.
596 2108 660 2149 Tu
684 2111 837 2162 tamen,
869 2107 956 2148 sive
981 2107 1111 2148 habes
1143 2106 1327 2160 aliquam
1359 2120 1476 2159 spem

142 2169 191 2209 de
222 2183 267 2210 re
297 2168 467 2222 publica
498 2168 586 2209 sive
619 2167 823 2220 desperas,
855 2180 903 2206 ea
933 2181 1045 2220 para,
1076 2165 1292 2218 meditare,
1324 2164 1476 2220 cogita,

141 2241 247 2281 quae
284 2241 372 2268 esse
410 2227 453 2267 in
485 2241 533 2268 eo
567 2226 648 2267 civi
681 2239 727 2266 ac
758 2225 848 2265 viro
883 2224 1053 2279 debent,
1092 2224 1164 2278 qui
1196 2223 1251 2264 sit
1282 2237 1371 2264 rem
1402 2237 1477 2277 pu-

88 2296 123 2323 35
140 2285 296 2326 blicam
333 2285 544 2326 adflictam
582 2287 624 2326 et
664 2297 907 2338 oppressam
937 2283 1103 2325 miseris
1134 2282 1397 2336 temporibus
1429 2296 1478 2322 ac

212 2359 365 2386 Ciceronis
384 2360 471 2392 epist.
490 2361 514 2385 Ι.
1241 2354 1261 2384 3
