1659 2552
617 116 760 150 LIBER
786 116 834 150 IX
859 120 1009 152 ρι’-24.
1389 118 1475 159 255

131 212 342 267 Exspecta
383 212 515 268 igitur
556 212 768 266 hospitem
813 226 907 252 cum
948 211 1122 252 minime
1167 211 1335 252 edacem
1384 215 1475 254 tum

131 272 351 312 inimicum
384 272 497 312 cenis
530 272 800 325 sumptuosis,

729 374 883 417 XXIV.

334 456 407 491 Ser.
435 457 571 492 Romae
597 461 679 491 ante
706 457 792 490 med.
820 468 863 490 m.
892 455 996 491 Febr.
1024 468 1056 491 α.
1086 458 1154 490 711
1184 457 1273 499 (43).

95 554 110 578 5
556 537 724 573 CICERO
755 537 911 572 PAETO
946 538 978 573 S.
1006 537 1048 572 D.

219 621 379 662 Rufum
418 622 563 675 istum,
606 621 787 662 amicum
819 624 957 675 tuum,
1000 621 1048 661 de
1081 635 1164 675 quo
1204 621 1358 662 iterum
1390 621 1474 662 iam

132 681 184 721 ad
215 695 282 721 me
308 680 469 735 scribis,
502 680 755 734 adiuvarem,
789 683 994 734 quantum
1019 693 1197 734 possem,
1230 680 1395 720 etiamsi
1421 681 1473 721 ab

132 754 180 780 eo
212 739 349 780 laesus
381 754 525 792 essem,
559 753 652 779 cum
687 741 729 779 te
760 741 980 792 tantopere
1012 738 1198 779 viderem
1230 738 1319 779 eius
1352 753 1475 779 causa

130 798 341 851 laborare3
380 812 474 838 cum
506 812 605 838 vero
644 800 685 838 et
722 812 773 838 ex
810 797 1088 843 tuis,litteris
1120 799 1161 837 et
1193 811 1244 837 ex
1276 797 1390 838 illius
1422 798 1475 838 ad

79 872 111 895 10
131 871 197 897 me
229 857 368 897 missis
406 856 650 911 intellegam
689 858 730 896 et
768 856 948 896 iudicem
979 870 1156 911 magnae
1189 869 1310 896 curae
1343 856 1381 897 ei
1413 869 1474 897 sa-

130 916 263 956 lutem
301 929 437 955 meam
475 915 621 969 fuisse,
658 929 744 955 11011
780 929 952 968 possum
990 914 1027 955 ei
1064 928 1150 955 non
1182 914 1340 955 amicus
1372 929 1473 969 esse,

130 988 266 1028 neque
304 974 441 1014 solum
478 976 551 1014 tua
589 973 969 1027 commendatione,
1011 987 1116 1027 quae
1153 973 1264 1026 apud
1301 987 1384 1027 me,
1426 976 1473 1014 ut

133 1032 267 1087 debet,
300 1033 411 1073 valet
442 1032 691 1086 plurimum,
723 1032 796 1072 sed
827 1032 954 1072 etiam
986 1032 1204 1072 voluntate
1237 1046 1283 1071 ac
1315 1032 1471 1072 iudicio

131 1106 236 1132 meo.
298 1090 409 1132 Volo
455 1091 567 1132 enim
610 1093 651 1131 te
695 1090 817 1145 scire,
861 1091 919 1130 mi
963 1089 1108 1145 Paete,
1152 1090 1323 1130 initium
1365 1090 1472 1130 mihi

79 1165 111 1189 15
133 1150 384 1204 suspicionis
427 1152 468 1190 et
513 1148 719 1190 cautionis
763 1152 803 1189 et
848 1149 1091 1204 diligentiae
1136 1149 1264 1189 fuisse
1308 1149 1471 1189 litteras

131 1212 241 1263 tuas,
281 1208 434 1262 quibus
470 1208 626 1248 litteris
664 1210 943 1263 congruentes
980 1208 1151 1247 fuerunt
1189 1207 1294 1247 aliae
1325 1210 1472 1261 postea

130 1268 373 1309 multorum.
417 1266 529 1308 Nam
555 1269 596 1307 et
621 1265 782 1320 Aquini
808 1268 849 1306 et
873 1265 1142 1307 Fabrateriae
1175 1266 1349 1306 consilia
1374 1268 1473 1306 sunt

131 1326 237 1367 inita
275 1326 325 1366 de
361 1340 445 1380 me,
484 1339 589 1379 quae
630 1328 671 1365 te
702 1325 824 1366 video
857 1324 1084 1378 inaudisse,
1126 1326 1183 1379 et,
1217 1325 1336 1378 quasi
1369 1324 1472 1365 divi-

131 1387 298 1439 narent,
336 1399 463 1438 quam
500 1384 552 1424 iis
589 1383 792 1424 molestus
824 1397 957 1424 essem
994 1384 1180 1437 futurus,
1218 1383 1326 1423 nihil
1357 1383 1473 1423 aliud

79 1457 112 1482 ‘20
132 1445 320 1499 egerunt,
351 1442 433 1483 nisi
464 1457 531 1483 me
563 1445 610 1482 ut
636 1442 932 1497 opprimerent.
977 1441 1099 1490 Quod
1125 1456 1202 1497 ego
1229 1456 1314 1482 non
1340 1442 1472 1495 suspi-

133 1516 230 1543 cans
273 1501 483 1542 incautior
525 1501 718 1555 fuissem,
767 1501 848 1541 nisi
893 1516 916 1541 a
958 1503 999 1541 te
1043 1500 1283 1541 admonitus
1328 1514 1471 1541 essem.

133 1559 268 1609 Quam
307 1560 360 1600 ob
398 1574 486 1600 rem
524 1559 603 1600 iste
643 1562 741 1600 tuus
773 1559 931 1600 amic-us
969 1559 1081 1613 apud
1111 1573 1178 1600 me
1210 1559 1473 1599 commenda-

133 1619 249 1659 tione
280 1632 366 1659 non
398 1620 503 1673 eget.
564 1617 741 1659 Utinam
773 1633 820 1659 ea
851 1618 1022 1658 fortuna
1053 1617 1114 1658 rei
1144 1633 1183 1671 p.
1217 1618 1290 1672 sit,
1322 1620 1369 1658 ut
1400 1617 1471 1657 ille

133 1678 321 1719 animum
362 1691 503 1717 meum
545 1676 834 1731 gratissimum
875 1676 1010 1730 possit
1054 1676 1328 1731 cognoscere!
1391 1675 1473 1716 Sed

82 1748 114 1773 25
134 1736 237 1777 haec.
267 1735 480 1776 hactenus.

222 1793 280 1834 Te
307 1793 359 1834 ad
384 1807 505 1833 cenas
531 1792 635 1832 itare
662 1792 815 1833 desisse
840 1792 1016 1833 moleste
1042 1792 1149 1847 fero,
1180 1807 1334 1847 magna
1360 1792 1472 1832 enim

133 1854 176 1894 te
208 1852 483 1893 delectatione
515 1853 556 1891 et
588 1850 805 1904 voluptate
836 1850 1033 1905 privasti,
1066 1850 1214 1891 deinde
1247 1851 1374 1891 etiam
1405 1865 1472 1890 ve-

133 1925 229 1952 reor
267 1910 383 1967 (licet
421 1910 532 1951 enim
570 1923 716 1950 verum
749 1907 921 1963 dicere),
958 1923 1011 1949 ne
1048 1909 1188 1949 nescio
1222 1909 1324 1962 quid
1355 1908 1471 1962 illud,

135 1969 249 2024 quod
289 1969 470 2023 solebas,
513 1967 699 2008 dediscas
736 1969 777 2008 et
809 1967 1074 2021 obliviscare,
1117 1967 1284 2007 cenulas
1325 1967 1471 2007 facere.

83 2041 116 2065 30
134 2027 258 2082 Nam,
290 2028 325 2068 si
355 2030 464 2080 tum,
497 2041 592 2067 cum
623 2026 824 2080 habebas,
858 2040 963 2079 quos
995 2025 1218 2079 imitar-ere,
1250 2039 1336 2066 non
1366 2025 1472 2065 mul-

135 2089 227 2127 tum
257 2085 519 2140 proficiebaS,
553 2084 655 2138 quid
685 2098 797 2124 nunc
827 2086 869 2124 te
901 2085 1111 2124 facturum
1142 2084 1317 2138 putem?
1368 2082 1473 2138 Spu-

135 2145 257 2186 rinna
299 2144 488 2199 quidem,
530 2157 624 2184 cum
662 2143 700 2183 ei
738 2157 826 2183 rem
871 2142 1221 2183 demonstrassem
1262 2144 1303 2183 et
1340 2142 1473 2182 vitam

136 2206 253 2244 tuam
279 2203 539 2257 superiorem
558 2201 856 2256 exposuissem,
881 2216 1084 2256 magnum
1108 2201 1344 2254 periculum
1364 2215 1474 2241 sum-

136 2276 229 2303 mae
266 2262 326 2302 rei
363 2277 401 2316 p.
435 2260 766 2313 demonstrabat,
803 2260 885 2300 nisi
922 2260 974 2300 ad
1012 2259 1271 2314 superiorem
1303 2273 1473 2300 consue-

84 2331 118 2357 35
137 2319 327 2361 tudinem
366 2323 475 2374 tum,
520 2333 615 2360 cum
655 2318 865 2359 Favonius
904 2318 1042 2373 flaret,
1086 2318 1349 2373 revertisses3
1392 2318 1476 2359 hoc

1499 1804 1520 1832 Ν)
