1659 2552
183 108 239 149 52
530 107 870 143 EPISTULARUM
901 107 1043 142 LIBER
1069 108 1101 142 11
1129 112 1182 143 19.

184 206 257 244 aut
289 217 372 258 quo
403 205 593 258 tempore
625 206 666 245 te
698 205 979 257 expectarem,
1018 203 1331 259 significabant,
1370 217 1445 244 nec
1475 203 1523 258 is,

185 262 257 316 qui
290 262 509 317 adtulerat,
541 277 565 303 a
595 265 636 303 te
668 264 894 316 acceperat,
926 264 973 302 ut
1005 275 1056 302 ex
1087 276 1136 303 eo
1169 262 1330 316 scirem,
1362 276 1445 316 quo
1471 276 1522 303 ex

184 321 279 362 loco
311 323 382 362 aut
414 335 497 375 quo
529 324 718 375 tempore
751 323 888 361 essent
921 320 1051 361 datae.
1114 319 1228 369 Quae
1261 334 1355 361 cum
1387 323 1524 362 essent

185 380 356 434 incerta,
388 380 625 421 existimavi
656 382 797 420 tamen
823 378 1066 420 faciundum
1095 393 1195 434 esse,
1227 381 1275 420 ut
1300 379 1352 420 ad
1376 381 1418 420 te
1443 382 1524 420 sta-

185 441 298 480 tores
328 453 444 479 meos
476 441 517 479 et
547 438 717 479 lictores
749 452 843 478 cum
874 437 1029 479 litteris
1058 438 1283 479 mitterem.
1346 437 1458 487 Quas
1489 438 1524 479 si
1561 449 1577 474 5

185 497 287 538 satis
326 499 565 551 opportuno
602 500 792 551 tempore
833 496 1047 551 accepisti⁷
1090 496 1381 553 gratissimum
1417 497 1523 538 mihi

185 556 350 610 feceris,
391 556 426 596 si
463 556 515 596 ad
551 570 617 596 me
658 556 699 596 in
735 554 925 595 Ciliciam
963 570 1089 609 quam
1126 555 1312 610 primum
1348 556 1523 597 veneris.

184 613 314 669 Nam,
347 614 460 669 quod
491 614 542 655 ad
573 628 639 655 me
673 613 835 668 Curius,
868 613 1145 655 consobrinus
1176 617 1291 669 tuus,
1322 614 1445 668 mihi,
1477 617 1524 655 ut

186 673 278 727 scis,
309 673 490 714 maxime
522 673 790 725 necessarius,
823 672 937 726 quod
966 673 1068 714 item
1101 671 1144 714 C.
1170 671 1399 729 Vergilius,
1429 687 1523 728 pro-

185 732 370 786 pinquus
389 735 498 786 tuus,
524 731 877 772 familiarissimus
901 734 1056 787 noster,
1083 731 1132 773 de
1151 734 1193 773 te
1213 732 1524 773 accuratissime
1544 744 1577 769 ιο

187 791 372 845 scripsit,
410 791 521 832 valet
552 790 596 831 id
628 790 798 844 quidem
829 790 941 844 apud
970 804 1038 832 me
1068 790 1269 845 multum,
1302 790 1426 832 sicuti
1458 791 1523 832 de-

186 849 259 890 bet
283 849 505 890 hominum
525 849 875 889 amicissimorum
896 849 1075 905 diligens
1101 849 1421 905 commendatio,
1453 849 1525 891 sed

187 911 283 949 tuae
314 908 479 949 litterae
519 908 568 949 de
605 910 679 948 tua
709 907 957 962 praesertim
989 908 1195 964 dignitate
1227 910 1269 950 et
1300 908 1349 949 de
1380 911 1525 950 nostra

188 967 482 1007 coniunctione
525 967 698 1007 maximi
744 969 841 1007 sunt
885 966 995 1021 apud
1037 981 1104 1008 me
1146 967 1355 1022 ponderis.
1415 965 1524 1008 Mihi

188 1028 385 1080 quaestor
411 1026 596 1080 optatior
622 1025 842 1081 optingere
867 1040 991 1067 nemo
1009 1025 1160 1080 potuit.
1194 1025 1328 1075 Quam
1349 1025 1403 1067 ob
1423 1040 1523 1080 rem,
1544 1037 1577 1062 15

188 1098 475 1139 quaecumque
506 1099 529 1125 a
559 1099 626 1125 me
659 1087 904 1126 ornamenta
934 1085 1027 1138 †ad
1050 1087 1092 1126 te
1116 1085 1446 1139 proficiscentur,
1477 1087 1524 1126 ut

189 1158 332 1184 omnes
372 1143 621 1199 intellegant
659 1159 681 1184 a
718 1158 785 1184 me
824 1143 1014 1184 habitam
1056 1157 1144 1184 esse
1184 1144 1391 1185 rationem
1427 1146 1524 1185 tuae

187 1202 479 1257 maiorumque
516 1205 687 1243 tuorum
727 1202 956 1257 dignitatis.
1002 1201 1084 1243 Sed
1114 1202 1158 1243 id
1188 1202 1353 1243 facilius
1385 1216 1524 1244 conse-

189 1276 305 1316 quar,
337 1261 370 1301 si
404 1261 456 1301 ad
486 1275 552 1302 me
584 1261 628 1301 in
662 1260 852 1301 Ciliciam
884 1261 1064 1316 veneris3
1106 1261 1219 1315 quod
1250 1275 1328 1317 ego
1360 1264 1401 1302 et
1432 1276 1525 1302 mea

189 1322 229 1360 et
261 1320 321 1361 rei
353 1319 546 1374 publicae
579 1322 619 1360 et
651 1320 833 1360 maxime
864 1322 937 1360 tua
969 1319 1168 1361 interesse
1199 1319 1394 1361 arbitror.
1544 1332 1577 1357 20
