1659 2552
613 87 755 121 LIBER
779 87 846 121 ΧΠ
873 91 903 131 1,
930 90 962 122 2.
1359 87 1444 128 333

108 182 292 238 putavit3
325 182 377 223 ad
403 197 527 236 quem
558 185 729 237 paratus
754 184 937 237 venerat,
970 195 1065 223 oum
1090 181 1134 222 in
1162 181 1260 223 villa
1285 181 1446 222 Metelli

110 241 346 296 complures
391 242 478 282 dies
523 243 829 282 commentatus
873 242 990 282 esset.
1062 239 1176 289 Quae
1220 242 1360 281 autem
1403 240 1447 280 in

108 300 254 342 lustris
281 302 322 341 et
353 300 397 340 in
422 301 521 341 vino
548 299 848 341 commentatio
873 299 1015 353 potuit
1040 299 1157 339 esse?
1187 296 1335 352 Itaque
1363 313 1448 339 om—

110 359 236 400 nibus
274 361 336 399 est
372 358 507 413 visus,
548 361 595 399 ut
632 358 684 399 ad
720 361 762 399 te
794 360 916 399 antea
952 357 1121 412 scripsi,
1162 371 1330 397 vomere
1372 370 1446 397 suo

75 430 91 456 5
110 432 240 471 more,
270 431 357 458 non
389 417 535 458 dicere.

200 475 348 530 Quare,
380 476 493 530 quod
523 475 672 516 scribis
703 477 744 516 te
777 474 986 515 confidere
1017 474 1267 515 auctoritate
1300 475 1341 514 et
1367 472 1449 513 elo·
1475 483 1494 514 2

112 535 285 589 quentia
320 537 464 575 nostra
502 533 663 588 aliquid
698 533 848 587 profici
886 547 1025 587 posse,
1064 546 1150 573 non
1186 531 1295 572 nihil
1326 534 1373 571 ut
1406 531 1449 571 in

111 593 241 634 tantis
277 593 400 634 malis
437 595 499 633 est
541 592 789 646 profectum.
856 589 1073 645 Intellegit
1116 590 1228 631 enim
1266 589 1449 644 populus

111 651 161 692 R.
187 654 273 693 tres
305 665 392 692 esse
431 651 686 705 consulares,
729 650 818 704 qui,
860 650 957 704 quia
995 650 1044 690 de
1076 663 1120 690 re
1150 664 1189 703 p.
1221 648 1328 689 bene
1361 662 1450 688 sen-

59 724 92 749 10
113 710 261 764 serint,
298 710 430 751 libere
461 709 593 750 locuti
626 709 727 763 sint,
765 711 858 749 tuto
891 708 935 748 in
967 710 1158 748 senatum
1189 706 1332 748 venire
1363 720 1450 746 non

111 769 285 823 possint.
345 768 437 810 Neo
468 771 530 809 est
560 770 787 822 praeterea,
823 767 936 820 quod
967 766 1192 820 quicquam
1224 767 1449 819 exspectes.

112 827 228 868 Tuus
268 827 379 868 enim
416 826 675 867 necessarius
712 825 929 866 adfinitate
960 839 1070 865 nova
1103 824 1344 877 delectatur,
1375 823 1452 863 ita-

114 900 195 941 que
226 886 310 926 iam
340 900 426 926 non
458 888 520 926 est
552 884 764 925 studiosus
795 883 993 924 ludorum
1025 882 1276 936 infinitoque
1306 881 1450 922 fratris

113 945 177 986 tui
213 945 363 999 plausu
401 943 674 998 dirumpitur3
715 942 822 983 alter
858 942 960 983 item
998 941 1147 982 adfinis
1183 940 1304 981 novis
1343 953 1451 980 com—

61 1016 94 1042 15
113 1003 332 1044 mentariis
364 1001 552 1043 Caesaris
585 1001 790 1042 delenitus
822 1003 894 1041 est.
958 999 1040 1041 Sed
1068 999 1172 1040 haec
1201 997 1451 1051 tolerabilia,

114 1062 222 1103 illud
249 1076 336 1102 non
366 1060 602 1114 ferendum,
635 1060 748 1114 quod
779 1061 858 1113 est,
900 1058 972 1112 qui
1003 1060 1143 1100 vestro
1175 1071 1284 1098 anno
1315 1056 1452 1097 filium

115 1135 238 1162 suum
271 1120 485 1161 consulem
521 1120 712 1160 futurum
748 1120 870 1172 putet
907 1117 961 1158 ob
999 1130 1173 1170 eamque
1211 1130 1378 1156 causam
1409 1128 1452 1155 se

114 1180 215 1220 huic
250 1178 407 1220 latroni
445 1178 653 1218 deservire
689 1191 789 1231 prae
827 1190 870 1217 se
907 1176 1025 1216 ferat.
1085 1174 1198 1216 Nam
1237 1174 1282 1215 L.
1316 1172 1452 1226 Cotta,
1479 1184 1498 1214 3

115 1237 336 1279 familiaris
377 1251 513 1290 meuS,
556 1235 675 1276 fata-li
719 1234 899 1289 quadam
943 1233 1249 1288 desperatione,
1292 1234 1340 1272 ut
1383 1231 1454 1285 ait,

64 1310 96 1335 20
115 1297 255 1338 minus
286 1296 331 1336 in
362 1297 554 1336 senatum
585 1294 720 1349 venit3
751 1293 796 1334 L.
831 1292 993 1347 Caesar,
1025 1292 1210 1346 optimus
1242 1293 1283 1331 et
1314 1289 1454 1330 fortis-

116 1355 247 1396 simus
291 1354 413 1408 civis,
456 1353 696 1394 valetudine
739 1351 988 1405 impeditur-3
1033 1349 1118 1391 Ser.
1158 1349 1369 1403 Sulpicius
1413 1350 1454 1388 et

117 1428 281 1455 summa
311 1412 563 1453 auctoritate
595 1414 636 1452 et
668 1410 826 1465 optime
858 1410 1042 1450 sentiens
1071 1422 1158 1449 non
1189 1407 1323 1462 adest3
1361 1406 1455 1447 reli-

117 1487 223 1527 quos
261 1471 445 1525 exceptis
484 1470 713 1526 designatis
751 1469 921 1524 ignosce
958 1467 1065 1508 mihi
1097 1467 1132 1508 si
1162 1481 1248 1507 non
1278 1478 1454 1506 numero

118 1530 359 1572 consularis.
419 1528 563 1570 Habes
601 1530 792 1569 auctores
830 1526 996 1567 consilii
1034 1525 1206 1580 publici.
1269 1523 1351 1573 Qui
1381 1537 1455 1563 nu-

66 1601 99 1626 25
117 1603 258 1630 merus
299 1588 426 1629 etiam
465 1587 589 1628 bonis
626 1587 751 1628 rebus
789 1586 966 1641 exiguus
1004 1586 1132 1638 esset,
1176 1583 1279 1637 quid
1316 1595 1456 1622 censes

117 1646 324 1702 perditis?

207 1704 344 1754 Quare
375 1718 468 1758 spes
501 1706 562 1744 est
595 1702 730 1743 omnis
762 1701 806 1742 in
837 1701 979 1754 vobis3
1021 1699 1093 1753 qui
1131 1699 1166 1740 si
1197 1699 1353 1740 idcirco
1386 1698 1455 1738 ab-

120 1764 231 1818 estis,
262 1766 310 1804 ut
341 1763 432 1803 sitis
463 1762 508 1802 in
538 1764 645 1814 tuto,
675 1775 727 1801 ne
759 1760 803 1800 in
828 1759 949 1799 vobis
982 1758 1168 1812 quidem3
1200 1757 1265 1798 sin
1297 1755 1457 1810 aliquid

121 1822 297 1879 dignum
326 1823 466 1862 vestra
495 1819 633 1875 gloria
664 1817 872 1873 cogitatis,
902 1816 1030 1857 velim
1062 1816 1187 1857 salvis
1218 1814 1359 1869 nobis,
1391 1814 1456 1854 sin

67 1893 101 1920 30
120 1881 165 1922 id
200 1881 357 1934 minus,
398 1892 463 1919 res
499 1881 641 1918 tamen
680 1876 850 1930 publiea
886 1889 962 1928 per
998 1888 1073 1915 vos
1110 1873 1229 1914 brevi
1266 1875 1456 1926 tempore

119 1940 191 1991 ius,
223 1953 345 1980 suum
381 1935 643 1990 reciperabit.
704 1934 798 1989 Ego
838 1933 924 1973 tuis
963 1946 1098 1986 neque
1140 1931 1284 1972 desum
1320 1943 1455 1983 neque

121 1999 231 2039 dero.
293 1996 374 2046 Qui
406 1995 492 2036 sive
524 1994 577 2034 ad
606 2007 673 2034 me
704 1993 887 2033 referent
917 1992 1000 2033 sive
1029 2004 1112 2031 non
1141 1990 1329 2042 referent,
1360 2002 1455 2029 mea

119 2056 201 2098 tibi
231 2059 373 2097 tamen
403 2051 689 2094 benivolentia
718 2050 904 2104 fidesque
935 2048 1229 2104 praestabitur.
1279 2045 1396 2087 Vale.
