1659 2552
124 707 156 731 10

124 999 156 1024 15

124 1583 157 1608 25

124 1876 158 1901 30

125 2167 158 2192 35

461 69 525 103 AD
554 68 712 111 QUINT.
739 68 911 103 FRATR.
939 67 1117 102 LIBERI
1144 72 1174 103 1.
1428 66 1510 107 501

173 167 435 206 consecratas
466 167 507 205 et
539 165 583 205 in
615 164 789 206 deorum
819 178 996 205 numero
1029 163 1267 204 conlocatas
1298 161 1432 215 vides,
1470 161 1513 201 in

174 224 371 266 omnibus
403 223 539 278 rebus,
572 238 675 277 quas
701 226 870 277 statues,
903 237 1006 277 quas
1032 222 1240 276 decernes,
1273 236 1375 275 quas
1402 234 1513 275 ages,

175 283 277 337 quid
307 282 437 324 tantis
468 282 688 323 hominum
716 282 998 336 opinionibus,
1030 280 1161 322 tantis
1187 281 1237 321 de
1262 282 1303 320 te
1335 278 1515 332 iudiciis,

174 342 305 382 tantis
335 341 569 382 honoribus
602 341 764 394 debeas,
796 340 1014 396 cogitabis.
1076 339 1126 380 Id
1152 342 1292 380 autem
1319 338 1398 378 erit
1425 337 1514 378 eius

175 400 310 454 modi,
351 403 398 441 ut
435 400 627 441 consulas
665 400 882 453 omnibus,
923 402 969 440 ut
1006 398 1198 439 medeare
1236 396 1516 438 incommodis

174 459 416 512 hominum,
456 458 678 512 provideas
715 458 857 512 saluti,
898 461 945 499 ut
981 460 1022 498 te
1059 459 1278 511 parentem
1315 455 1441 496 Asiae
1475 458 1515 495 et

177 518 259 558 (1161
291 520 332 558 61
362 517 509 558 haberi
541 517 655 558 velis.

263 575 397 630 Atqui
428 576 528 616 huic
557 579 654 616 tuae
685 575 895 616 voluntati
936 589 983 615 ac
1016 574 1259 630 diligentiae
1292 571 1514 613 difficulta—
1532 546 1584 625 1¹1,

176 638 262 675 tem
299 649 496 690 magnam
534 634 728 675 adferunt
758 634 984 687 publicani.
1047 632 1210 681 Quibus
1250 631 1285 672 si
1326 631 1515 672 adversa-

175 707 287 747 mur,
327 693 516 735 ordinem
558 693 607 733 de
647 693 770 733 nobis
811 693 970 746 optime
1007 692 1207 732 meritum
1247 693 1288 731 et
1325 704 1400 744 per
1436 704 1513 729 nos

177 766 272 792 cum
304 766 347 792 16
378 752 548 806 publica
580 752 851 792 coniunctum
883 754 924 791 et
950 766 972 791 a
997 750 1121 791 nobis
1153 752 1194 791 et
1220 764 1244 790 a
1269 764 1313 789 re
1344 748 1516 803 publica

177 811 294 851 diiun
297 825 462 866 gemus3
493 810 558 851 sin
589 813 730 851 autem
762 809 958 850 omnibus
990 810 1034 849 in
1066 809 1190 850 iebus
1223 808 1515 861 obsequemur,

175 870 366 910 funditus
393 845 463 910 eos⁷
488 869 624 923 perire
654 869 875 923 patiemur,
908 882 1088 922 quorum
1113 882 1198 908 non
1224 867 1350 907 modo
1376 865 1514 919 saluti,

177 928 249 969 sed
275 928 401 968 etiam
428 927 659 969 commodis
691 927 905 968 consulere
935 927 1132 968 debemus.
1191 925 1307 966 Haec
1333 927 1395 966 est
1420 939 1515 978 una,

177 987 212 1027 si
250 1001 346 1028 vere
384 987 569 1041 cogitare
607 986 818 1040 volumus,
860 986 904 1026 in
943 988 1036 1026 1010
1078 985 1256 1039 imperio
1294 986 1368 1024 tuo
1407 983 1515 1024 diffi-

177 1046 321 1086 cultas.
382 1044 494 1086 Nam
526 1059 613 1085 esse
645 1045 947 1098 abstinentem,
979 1043 1194 1084 continere
1226 1057 1370 1083 omnes
1402 1042 1515 1095 cupi-

178 1104 346 1157 ditates,
385 1118 482 1144 suos
520 1107 725 1157 coercere,
766 1103 870 1143 iuris
908 1102 1172 1156 aequabilem
1209 1104 1351 1142 tenere
1390 1100 1516 1141 ratio-

176 1177 290 1216 nem,
327 1163 493 1203 facilem
525 1176 567 1202 se
599 1162 643 1202 in
681 1161 806 1202 rebus
838 1161 1156 1216 cognoscendis,
1194 1160 1238 1200 in
1268 1159 1514 1200 hominibus

177 1221 395 1262 audiendis
433 1220 788 1274 admittendisque
831 1220 1031 1274 praebere
1073 1219 1336 1273 praeclarum
1379 1218 1515 1273 magis

124 1293 138 1316 2
177 1282 240 1320 est
280 1293 406 1334 quam
447 1279 635 1334 difficile3
678 1293 765 1319 non
805 1281 867 1319 est
908 1278 1019 1319 enim
1059 1278 1246 1332 positum
1286 1277 1330 1317 in
1370 1276 1515 1317 labore

176 1338 336 1392 aliquo,
374 1338 447 1379 sed
482 1338 527 1378 in
565 1337 745 1391 quadam
776 1337 1019 1378 inductione
1051 1336 1181 1377 animi
1213 1338 1254 1376 et
1285 1335 1514 1376 voluntate.

175 1395 255 1437 Illa
292 1410 415 1437 causa
450 1396 773 1450 publicanorum
811 1398 1011 1449 quantam
1049 1395 1323 1436 acerbitatem
1354 1394 1515 1434 adferat

177 1455 318 1509 sociis,
349 1455 634 1496 intelleximus
667 1469 718 1496 ex
750 1455 930 1508 civibus,
968 1454 1040 1508 qui
1071 1468 1207 1508 nuper
1238 1453 1282 1493 in
1313 1452 1515 1507 portoriis

175 1512 323 1554 Italiae
362 1514 560 1554 tollendis
600 1527 686 1554 non
725 1516 813 1554 tam
855 1513 904 1553 de
944 1513 1136 1567 portorio
1176 1527 1302 1566 quam
1341 1511 1389 1552 de
1430 1525 1515 1551 non

176 1572 305 1612 nullis
352 1572 519 1613 iniuriis
567 1572 826 1626 portitorum
875 1571 1169 1625 querebantur.
1244 1570 1381 1620 Quare
1430 1584 1516 1610 non

177 1631 346 1685 ignoro,
385 1630 486 1684 quid
522 1630 646 1671 sociis
679 1630 839 1671 accidat
870 1630 914 1670 in
946 1630 1108 1670 ultimis
1138 1629 1281 1682 terris,
1319 1643 1414 1668 cum
1447 1642 1516 1668 au-

179 1689 328 1729 dierim
366 1689 409 1728 111
439 1687 563 1728 Italia
600 1688 790 1742 querelas
827 1688 993 1728 civium.
1055 1687 1138 1727 Hic
1174 1690 1216 1727 te
1254 1688 1314 1727 ita
1345 1686 1515 1739 versari,

177 1750 224 1787 ut
256 1749 297 1787 et
327 1747 563 1800 publicanis
594 1747 695 1786 satis
732 1746 877 1800 facias,
914 1746 1162 1800 praesertim
1193 1745 1375 1798 publicis
1406 1744 1516 1785 male

176 1805 416 1859 redemptis,
448 1807 489 1846 et
514 1805 649 1845 socios
680 1805 817 1858 perire
842 1818 928 1845 non
953 1804 1076 1857 611136,
1109 1803 1274 1843 divinae
1300 1803 1516 1843 cuiusdam

178 1864 349 1905 virtutis
381 1877 468 1904 esse
500 1863 678 1916 videtur,
709 1863 753 1903 id
784 1865 846 1903 est
878 1865 985 1903 tuae.
1034 1861 1098 1902 Ac
1128 1862 1314 1916 primum
1347 1860 1517 1901 Graecis

177 1922 238 1976 id,
271 1922 383 1976 quod
415 1921 731 1964 acerbissimum
763 1923 842 1974 est,
875 1921 988 1974 quod
1019 1922 1117 1960 sunt
1148 1919 1393 1975 vectigales,
1430 1934 1517 1960 non

177 1981 237 2021 ita
269 1980 466 2021 acerbum
491 1980 624 2020 videri
651 1979 791 2033 debet,
822 1982 1046 2033 propterea
1071 1978 1185 2032 quod
1216 1978 1305 2018 sine
1336 1977 1515 2031 imperio

176 2039 325 2093 populi
362 2038 543 2079 Romani
575 2038 661 2078 suis
700 2037 908 2078 institutis
938 2052 1014 2091 per
1051 2051 1094 2077 se
1132 2037 1213 2091 ipsi
1244 2037 1305 2076 ita
1332 2036 1515 2076 fuerunt.

177 2097 345 2139 Nomen
385 2100 525 2137 autem
567 2096 783 2161 publicani
823 2095 1037 2150 aspernari
1076 2110 1163 2136 non
1202 2097 1398 2149 possunt,
1443 2095 1515 2148 qui

175 2156 387 2221 pendere
376 2155 457 2209 ipsi
477 2155 658 2210 vectigal
677 2155 765 2195 sine
784 2154 1010 2208 publicano
1030 2168 1117 2194 non
1141 2153 1369 2207 potuerint,
1403 2152 1516 2206 quod

177 2214 230 2255 iis
267 2214 498 2279 aequaliter
535 2212 653 2253 Sulla
690 2213 968 2266 discripserat.
1029 2211 1129 2253 Non
1167 2226 1255 2252 esse
1287 2214 1428 2251 autem
1459 2211 1516 2252 le-

176 2272 316 2314 niores
347 2273 391 2313 in
422 2271 639 2327 exigendis
664 2271 942 2326 vectigalibus
976 2269 1156 2311 Graecos
1189 2285 1315 2324 quam
1346 2272 1515 2310 11061106

1542 614 1584 636 0³..

1541 1405 1585 1434 33
