1659 2552
133 526 149 556 1

181 122 263 163 188
695 120 1038 156 EPISTULARUM

809 263 898 305 XX.

435 345 509 382 Ser.
544 346 664 381 Veliae
692 345 804 379 XIII
826 344 873 378 K.
903 343 997 379 Sext.
1026 354 1058 377 (ι.
1088 345 1159 377 710
1187 344 1274 387 (44).

604 426 772 462 CICERO
800 424 1040 459 TREBATIO
1065 424 1099 459 S.

266 512 507 553 Amabilior
548 511 655 552 mihi
687 510 811 551 Velia
851 509 954 563 fuit,
995 508 1110 563 quod
1148 510 1191 549 te
1232 507 1284 549 ab
1327 522 1375 549 ea
1415 508 1526 549 sensi

177 571 321 612 amari.
368 570 450 611 Sed
476 570 578 624 quid
604 584 683 625 ego
711 569 846 609 dicam
874 568 970 623 ‘te’,
997 581 1123 622 quem
1150 567 1244 621 quis
1269 581 1355 608 non
1381 567 1526 608 amat?
1563 582 1580 608 5

177 629 304 671 Rufio
336 630 499 670 medius
530 629 656 669 fidius
688 630 787 669 tuus
818 628 879 668 ita
912 626 1240 680 desideimabatur
1271 628 1320 667 ut
1351 626 1386 667 si
1418 628 1527 667 esset

178 703 286 729 unus
319 703 340 729 e
372 688 506 729 nobis
571 686 654 728 Sed
684 689 727 728 te
760 701 838 743 ego
870 700 957 727 non
991 684 1266 740 reprehendo,
1299 685 1372 739 qui
1404 684 1526 725 illum

179 747 231 788 ad
269 747 605 788 aedificationem
641 748 760 786 tuam
796 744 1047 786 traduxeris.
1111 742 1376 798 Quamquam
1415 743 1527 784 enim

177 805 302 846 Velia
332 820 418 847 non
450 807 513 846 est
544 805 672 846 vilior
703 819 830 870 quam
855 803 1073 858 Lupercal,
1105 805 1248 844 tamen
1281 802 1390 843 131110
1414 801 1527 843 111310

180 879 306 919 quam
337 864 440 905 11300
473 864 624 905 omnia.
666 863 749 918 Tu,
782 863 817 904 si
848 878 916 904 me
948 862 1103 916 audies,
1136 876 1262 916 quem
1294 861 1420 915 soles,
1450 861 1528 902 has
1548 876 1582 901 ιο

178 926 375 978 paternas
412 923 699 977 possessiones
730 897 896 964 tenebis
935 920 1094 978 (1103010
1128 920 1232 975 quid
1263 920 1376 961 enim
1410 895 1529 960 'Veli-

179 996 298 1023 enses
323 980 598 1038 verebantur)
630 995 766 1035 neque
795 980 1004 1035 Haletem,
1035 979 1225 1021 nobilem
1257 993 1436 1032 amnem,
1467 993 1530 1020 re-

179 1042 346 1095 linques
389 1055 467 1081 nec
506 1040 779 1095 Papirianam
823 1039 996 1081 domum
1041 1039 1226 1093 deseres3
1270 1051 1528 1092 quamquam

181 1100 254 1140 illa
286 1099 457 1154 quidem
488 1099 619 1140 habet
650 1099 806 1164 lotum,
845 1113 868 1139 a
900 1113 984 1152 quo
1018 1098 1146 1139 etiam
1178 1097 1362 1138 advenae
1393 1095 1529 1137 teneri

181 1159 335 1213 solent3
374 1173 499 1213 quem
531 1161 674 1199 tamen
707 1158 742 1198 si
774 1157 996 1211 excideris,
1033 1156 1218 1197 multum
1248 1154 1528 1211 prospexeris.
1549 1168 1583 1194 15

183 1216 265 1258 Sed
308 1217 351 1258 in
397 1217 548 1271 primis
592 1219 881 1271 opportunum
923 1216 1113 1270 videtur,
1161 1215 1230 1255 his
1278 1213 1530 1269 praesertim

180 1275 464 1330 temporibus,
500 1275 658 1316 habere
688 1275 933 1330 perfugium
970 1274 1157 1329 primum
1189 1287 1336 1314 eorum
1367 1272 1529 1326 urbem,

181 1335 336 1389 quibus
369 1348 489 1375 carus
521 1334 595 1388 sis,
637 1334 786 1375 deinde
823 1337 941 1374 tuam
975 1333 1146 1374 domum
1177 1334 1359 1386 tuosque
1392 1345 1529 1387 agros,

182 1407 313 1447 eaque
345 1392 527 1447 remoto¹,
560 1393 732 1447 salubri,
765 1406 941 1433 amoeno
973 1391 1085 1446 loco;
1118 1391 1245 1445 idque
1277 1391 1406 1431 etiam
1435 1404 1531 1430 mea

181 1452 401 1505 interesse,
444 1451 504 1491 mi
543 1450 735 1505 Trebati,
774 1451 970 1491 arbitror
1034 1449 1118 1492 Sed
1154 1449 1315 1490 valebis
1351 1462 1529 1502 meaque
1550 1462 1583 1488 20

180 1510 354 1566 negotia
394 1510 558 1551 videbis
601 1524 754 1564 meque
795 1509 858 1550 dis
879 1506 1148 1550 iuvantibus
1192 1511 1289 1549 ante
1333 1507 1530 1548 brumam

182 1568 456 1623 exspectabis.
519 1567 614 1620 Eoo
648 1583 671 1609 a
704 1567 796 1609 Sex.
829 1567 982 1622 Fadio,
1014 1567 1192 1609 Niconis
1226 1566 1451 1621 discipulo,
1482 1565 1531 1606 11-

181 1628 306 1668 brum
333 1627 490 1668 abstuli
523 1604 751 1676 ‘Nc'ncovog
781 1625 880 1681 πεοὶ
911 1626 1215 1681 πολυφαγίῖας
1258 1624 1292 1666 O
1318 1624 1530 1666 medicum

181 1701 352 1727 suavem
378 1700 529 1740 meque
557 1686 736 1727 docilem
756 1686 808 1726 ad
826 1685 936 1726 113110
956 1685 1240 1740 disciplinam!
1275 1683 1358 1725 Sed
1375 1683 1531 1724 Bassus

180 1748 325 1786 noster
361 1759 429 1785 me
465 1744 515 1785 de
549 1744 631 1785 1100
661 1744 772 1785 libro
809 1744 977 1799 celavit,
1009 1747 1051 1785 te
1087 1744 1258 1798 quidem
1295 1757 1381 1784 non
1418 1741 1531 1783 vide-
1550 1754 1584 1780 25

180 1807 261 1844 tur.
294 1802 460 1844 Ventus
491 1803 777 1844 increbrescit.
812 1802 934 1858 Cura,
966 1805 1014 1844 ut
1044 1803 1195 1844 valeas.
1228 1813 1312 1843 XIII
1337 1800 1388 1842 K.
1417 1799 1529 1842 Sext.

182 1862 316 1904 Velia.

803 1966 916 2008 XXI.

395 2048 470 2084 Ser.
498 2049 539 2083 in
569 2048 775 2083 Tusculano
801 2060 854 2084 ex.
881 2060 925 2083 m.
953 2049 1038 2083 Iun.
1066 2060 1099 2083 a.
1128 2050 1200 2082 710
1227 2049 1316 2091 (44).

608 2129 777 2164 CICERO
804 2129 1045 2164 TREBATIO
1073 2129 1106 2164 S.
1549 2142 1584 2168 30

271 2212 349 2254 Sili
394 2228 561 2254 causam
605 2216 647 2255 te
693 2213 827 2255 docui.
894 2212 937 2254 Is
979 2205 1140 2268 postea‘
1170 2212 1253 2253 fuit
1296 2211 1409 2266 apud
1450 2225 1529 2253 me.

183 2270 289 2311 Cum
322 2272 359 2313 ei
393 2272 573 2313 dicerem
606 2272 686 2313 tibi
719 2272 853 2313 videri
887 2272 1158 2327 sponsionem
1190 2271 1308 2312 illam
1336 2285 1414 2311 nos
1441 2270 1530 2311 sine

181 2330 369 2383 periculo
415 2331 551 2371 faeere
589 2345 729 2385 posse,
774 2331 837 2372 ‘SI
873 2341 1099 2372 BONORUM
1131 2329 1386 2370 TVRPILIAE
1426 2339 1530 2371 Pos-
