1659 2552
626 101 769 135 LIBER
793 101 826 136 V
854 102 1033 137 lob—12.
1418 103 1499 143 119

244 195 308 237 De
340 195 566 250 Dionyslo,
604 196 638 237 si
676 211 744 238 me
781 212 913 251 amas,
951 198 1120 238 confice.
1183 196 1500 252 Quamcumque

156 255 195 296 ei
226 255 353 295 fidem
392 255 572 309 dederis,
610 256 852 311 praestab03
890 256 924 297 si
963 270 1062 297 vero
1102 256 1322 310 improbus
1360 257 1500 311 fuerit,

157 316 204 354 ut
245 316 324 367 est,
366 314 490 354 duces
528 328 624 354 eum
663 315 877 368 captivum
914 315 958 355 in
998 315 1229 369 triumpho.
1291 315 1500 357 Dalmatis

157 372 199 413 di
230 372 339 413 male
371 372 538 426 faciant,
571 373 643 426 qui
676 374 755 414 tibi
781 374 949 414 molesti
975 375 1090 414 sunt!
1135 373 1228 428 Sed,
1260 376 1308 415 ut
1339 375 1500 428 scribis,

121 442 138 468 5
156 431 275 472 brevi
308 431 526 485 capientur
551 434 591 472 et
617 432 906 473 inlustrabunt
932 447 997 474 res
1022 436 1116 474 tuas
1147 436 1305 489 gesta83
1336 448 1502 488 semper

157 490 269 531 enim
300 490 438 530 habiti
470 493 568 531 sunt
600 490 803 532 bellicosi.

777 642 870 684 XII.

356 723 429 758 Ser.
458 723 562 766 Anti,
587 727 629 757 ut
654 724 806 766 videtur,
833 736 876 758 m.
904 724 1015 758 Iunio
1041 736 1074 759 α.
1103 727 1176 759 698
1206 727 1296 768 (56).

420 805 468 839 M.
496 804 664 839 CICERO
699 804 732 839 S.
765 804 807 839 D.
835 805 873 839 L.
900 804 1099 847 LUCCEIO
1128 805 1167 847 Q.
1194 805 1233 840 F.

102 914 135 939 10
246 899 398 941 Coram
434 915 502 941 me
539 903 679 941 tecum
718 900 862 941 eadem
899 901 1003 941 haec
1039 915 1163 957 agere
1195 916 1318 956 saepe
1350 916 1500 943 conan-

155 962 242 1000 tem
274 959 479 1000 deterruit
514 959 653 1013 pudor
690 959 862 1013 quidam
899 974 1031 1013 paene
1069 960 1351 1014 subrusticus,
1393 976 1499 1015 quae

154 1032 267 1058 nunc
304 1032 549 1072 expromam
590 1018 740 1058 absens
778 1018 997 1073 audacius3
1042 1019 1222 1072 epistola
1261 1019 1374 1060 enim
1414 1035 1501 1061 non

156 1077 375 1118 erubescit.
436 1075 577 1117 Ardeo
617 1077 848 1131 cupiditate
879 1077 1119 1118 incredibili
1150 1092 1302 1132 neque,
1341 1080 1389 1119 ut
1420 1093 1499 1134 ego

155 1135 359 1189 arbitror,
406 1135 764 1189 reprehendenda,
808 1150 963 1177 nomen
1003 1138 1051 1176 ut
1092 1139 1286 1177 nostrum
1331 1137 1499 1191 scriptis

104 1206 136 1231 15
156 1194 407 1235 inlustretur
438 1197 479 1235 et
511 1194 748 1235 celebretur
788 1194 883 1235 tuis.
947 1194 1069 1243 Quod
1110 1196 1189 1236 etsi
1228 1195 1335 1236 mihi
1376 1210 1499 1250 saepe

155 1252 377 1294 ostendisti
407 1255 449 1293 te
475 1267 563 1294 esse
588 1254 811 1307 facturum,
842 1255 984 1294 tamen
1015 1253 1209 1309 ignoscas
1240 1253 1368 1294 velim
1399 1254 1499 1295 huic

154 1311 418 1352 festinationi
443 1326 570 1352 meae.
635 1311 776 1353 Genus
801 1312 914 1352 enim
939 1312 1196 1366 scriptorum
1221 1315 1393 1353 tuorum
1419 1314 1498 1354 etsi

155 1372 245 1411 erat
269 1384 434 1424 semper
459 1386 482 1411 a
506 1385 574 1411 me
599 1370 870 1412 vehementer
896 1374 1197 1426 exspectatum,
1227 1373 1371 1412 tamen
1395 1372 1499 1413 vicit

155 1429 399 1483 opinionem
429 1444 567 1470 meam
598 1443 749 1483 meque
780 1429 841 1470 ita
871 1430 938 1470 vel
970 1430 1081 1483 cepit
1112 1430 1179 1471 vel
1210 1430 1419 1484 incendit,
1450 1433 1499 1471 ut

102 1499 136 1523 20
155 1501 350 1542 cuperem
382 1502 508 1541 quam
540 1488 770 1529 celerrume
801 1502 866 1529 res
897 1490 1063 1529 nostras
1088 1488 1362 1529 monimentis
1388 1503 1498 1530 com—

154 1546 344 1587 mendari
381 1547 476 1587 tuis.
537 1546 687 1600 Neque
725 1546 838 1587 enim
874 1561 942 1587 me
979 1547 1117 1587 solum
1150 1548 1496 1589 commemoratio

154 1605 415 1658 posteritatis
447 1605 499 1645 ad
530 1619 647 1659 spem
674 1605 884 1659 quandam
910 1605 1245 1646 immortalitatis
1271 1606 1394 1660 rapit,
1426 1606 1499 1647 sed

157 1663 284 1703 etiam
314 1663 388 1703 illa
419 1663 644 1717 cupiditas,
682 1666 730 1704 ut
766 1664 833 1704 vel
871 1664 1123 1705 auctoritate
1160 1664 1396 1705 testimonii
1433 1665 1498 1705 tui

155 1721 223 1762 vel
247 1721 403 1762 indicio
429 1721 747 1763 benevolentiae
772 1722 839 1762 vel
864 1722 1072 1763 suavitate
1103 1722 1265 1778 ingenii
1295 1723 1382 1764 vivi
1406 1738 1498 1777 per-

103 1790 137 1815 25
157 1779 358 1820 fruamur.

241 1837 391 1891 Neque
421 1840 580 1892 tamen,
617 1837 720 1878 haec
750 1851 845 1878 cum
877 1838 1131 1892 scribebam,
1170 1854 1284 1879 eram
1321 1838 1497 1893 nescius,

155 1897 324 1950 quantis
352 1896 551 1937 oneribus
576 1910 812 1950 premerere
844 1900 1134 1950 susceptarum
1166 1912 1307 1937 rerum
1340 1899 1381 1937 et
1413 1897 1497 1937 iam

154 1955 464 2009 institutarum3
506 1955 594 2009 sed,
628 1954 727 2008 quia
756 1954 953 1995 videbam
983 1954 1122 1995 Italici
1153 1955 1256 1996 belli
1288 1957 1340 1995 et·
1361 1955 1498 1996 civilis

153 2013 376 2055 historiam
402 2014 486 2054 iam
512 2028 535 2053 a
561 2016 602 2053 te
627 2027 757 2066 paene
783 2027 871 2053 esse
897 2013 1138 2067 perfectam,
1165 2013 1330 2054 dixeras
1356 2016 1497 2054 autem

101 2083 135 2109 30
154 2072 260 2113 mihi
291 2075 333 2113 te
366 2072 550 2126 reliquas
581 2086 647 2112 res
680 2071 828 2125 ordiri,
866 2071 983 2112 desse
1014 2072 1121 2112 mihi
1151 2071 1288 2126 nolui,
1327 2072 1431 2125 quin
1454 2074 1497 2113 te

154 2131 440 2185 admonerem,
478 2133 524 2171 ut
556 2130 780 2185 cogitares,
822 2130 1097 2170 coniunctene
1128 2130 1276 2170 malles
1308 2145 1403 2171 cum
1436 2145 1497 2171 re-

151 2189 281 2243 liquis
311 2189 438 2230 rebus
468 2192 614 2229 nostra
645 2190 866 2229 contexere
892 2203 956 2242 an,
988 2191 1035 2229 ut
1060 2189 1185 2229 multi
1213 2188 1361 2229 Gra-eci
1392 2189 1497 2230 fece-

153 2250 270 2301 runt,
309 2246 588 2288 Callisthenes
618 2246 849 2287 Phocicum
880 2246 1057 2301 bellum,
1095 2247 1292 2287 Timaeus
1328 2246 1495 2301 Pyrrhi,

151 2305 356 2360 Polybius
398 2305 729 2359 Numantinum,
781 2305 853 2359 qui
897 2319 1041 2346 omnes
1085 2320 1108 2346 a
1151 2306 1366 2360 perpetuis
1410 2306 1497 2348 suis

1525 210 1545 239 3

1523 1850 1543 1880 ιθ
