1659 2552
116 227 136 258 3

163 119 218 161 3ss
659 112 997 150 EPISTULARUM

249 212 347 256 Uno
384 214 426 254 te
464 211 658 265 vicimus,
703 210 817 265 quod
855 209 904 250 de
944 207 1152 262 Marcelli,
1194 207 1379 264 collegae
1422 206 1498 261 tui,

163 272 297 313 salute
327 271 454 326 paulo
486 274 582 311 ante
614 285 739 324 quam
771 272 817 309 tu
850 267 1142 324 cognovimus,
1180 267 1308 307 etiam
1338 265 1499 307 meher-

165 331 255 372 cule
288 330 411 385 quod,
447 344 571 384 quem
603 329 655 369 ad
686 327 858 369 modum
891 342 938 367 ea
970 340 1034 366 res
1067 327 1274 381 ageretur,
1303 324 1498 366 vidimus.

163 390 275 431 Nam
306 389 365 429 sic
396 390 461 429 fac
492 388 717 441 existimes,
748 388 844 440 post
874 385 950 426 has
980 384 1189 438 miserias,
1220 383 1264 424 id
1294 385 1357 424 est
1386 385 1500 437 post-

166 463 291 503 quam
332 447 459 488 armis
503 446 727 500 disceptari
765 446 960 498 coeptum
1000 443 1056 483 sit
1097 442 1147 484 de
1187 442 1278 483 iure
1315 440 1500 496 publico,
1537 452 1553 477 5

164 507 273 547 nihil
313 520 401 547 esse
438 508 578 546 actum
616 504 731 544 aliud
768 517 862 543 cum
901 502 1118 558 dignitate.
1179 500 1292 542 Nam
1333 502 1374 541 et
1411 500 1500 554 ipse

167 564 318 606 Caesar
343 566 534 605 accusata
566 562 825 604 ‘acerbitate’
857 560 1046 601 Marcelli
1073 558 1153 616 (sic
1177 559 1290 601 enim
1321 558 1501 613 appella-

165 622 257 679 bat)
295 623 546 676 laudataque
583 620 1008 662 honorificentissime
1040 622 1082 660 et
1113 619 1326 672 aequitate
1355 620 1430 659 tua
1460 618 1502 658 et

165 682 389 738 prudentia
429 683 599 735 repente
638 682 805 734 praeter
844 693 961 733 spem
1003 677 1111 718 dixit
1150 692 1193 718 se
1233 676 1398 718 senatui
1437 689 1502 717 ro-

165 741 284 797 ganti
316 740 364 781 de
396 739 595 780 Marcello
627 754 678 779 ne
711 737 863 779 ominis
895 736 1066 791 quidem
1091 750 1214 777 causa
1238 737 1502 791 negaturum.
1523 747 1556 772 10

166 799 338 840 Fecerat
370 801 510 840 autem
542 798 622 839 hoc
652 800 833 850 senatus,
863 799 923 850 ut,
955 810 1050 836 cum
1081 811 1105 836 a
1135 794 1180 836 L.
1212 794 1366 836 Pisone
1390 808 1504 835 men-

167 859 227 899 tio
260 860 367 898 esset
399 858 507 897 facta
540 857 589 897 de
620 856 675 896 M.
708 855 928 909 Marcello,
967 857 1009 895 et
1047 852 1090 895 C.
1121 853 1347 894 Marcellus
1377 866 1421 894 se
1452 851 1506 893 ad

169 915 357 957 Caesaris
396 916 521 970 pedes
562 914 802 968 abiecisset,
843 916 1018 955 cunctus
1058 914 1331 968 consurgeret
1371 914 1413 952 et
1452 910 1505 952 ad

169 974 387 1016 Caesarem
425 974 602 1028 supplex
633 973 856 1014 accederet.
917 971 1020 1013 Noli
1052 985 1268 1026 quaerere,
1309 971 1367 1011 ita
1398 969 1505 1011 mihi

167 1033 341 1088 pulcher
372 1033 441 1073 hic
473 1033 559 1073 dies
591 1032 705 1073 visus
737 1034 811 1086 est,
842 1034 890 1072 ut
921 1031 1102 1085 speciem
1131 1029 1316 1084 aliquam
1341 1028 1506 1070 viderer
1527 1040 1558 1066 15

168 1092 309 1132 videre
347 1092 466 1145 quasi
507 1091 795 1132 reviviscentis
836 1090 896 1130 rei
935 1089 1140 1144 publicae.
1201 1087 1370 1143 Itaque,
1411 1101 1505 1128 cum

170 1165 314 1191 omnes
345 1153 441 1191 ante
472 1165 539 1191 me
571 1149 710 1205 rogati
740 1149 899 1205 gratias
932 1147 1100 1189 Caesari
1132 1147 1316 1203 egissent
1339 1149 1508 1201 praeter

169 1209 415 1249 Volcacium
448 1207 503 1263 (is
535 1208 664 1261 enim,
701 1207 736 1248 si
774 1222 823 1248 eo
854 1207 947 1248 loco
980 1209 1087 1247 esset
1098 1240 1108 1260 ,
1148 1205 1321 1262 negavit
1351 1219 1394 1246 se
1426 1204 1508 1246 fac-

170 1271 313 1307 turum
357 1265 525 1320 fuisse),
563 1280 641 1321 ego
680 1268 852 1321 rogatus
890 1265 1053 1306 mutavi
1089 1279 1231 1305 meum
1272 1263 1506 1305 consilium.

170 1325 280 1366 Nam
313 1328 541 1364 statueram
579 1339 663 1365 non
703 1324 941 1364 mehercule
979 1323 1150 1377 inertia,
1191 1323 1264 1364 sed
1300 1321 1507 1363 desiderio
1528 1334 1561 1360 20

172 1383 374 1437 pristinae
413 1382 631 1435 dignitatis
669 1382 713 1422 in
749 1384 1000 1436 perpetuum
1040 1384 1188 1422 tacere.
1250 1380 1397 1436 Fregit
1427 1380 1508 1421 hoc

172 1456 313 1481 meum
350 1441 572 1481 consilium
610 1443 651 1481 et
690 1440 877 1480 Caesaris
917 1440 1167 1495 magnitudo
1204 1439 1334 1480 animi
1371 1441 1413 1480 et
1450 1452 1509 1479 se-

172 1502 295 1540 natus
327 1499 531 1553 officium3
563 1499 703 1552 itaque
735 1498 927 1552 pluribus
958 1498 1098 1539 verbis
1124 1497 1191 1553 egi
1219 1497 1387 1538 Caesari
1417 1512 1509 1553 gra-

174 1558 271 1611 tias,
309 1572 458 1611 meque
496 1560 638 1598 metuo
677 1571 728 1597 ne
760 1557 885 1597 etiam
919 1557 961 1597 in
994 1556 1142 1598 ceteris
1175 1556 1299 1597 rebus
1330 1556 1509 1597 honesto

175 1616 262 1656 otio
295 1616 508 1669 privari1u‚
542 1616 654 1670 quod
686 1618 775 1656 erat
800 1630 930 1656 unum
957 1615 1159 1656 solacium
1186 1615 1229 1655 in
1255 1615 1388 1656 malis.
1428 1613 1511 1656 Sed
1530 1626 1562 1652 2⁵

175 1678 332 1727 tamen,
370 1674 569 1728 quoniam
611 1674 739 1729 effugi
772 1674 860 1714 eius
892 1674 1184 1728 offensionem,
1223 1673 1296 1727 qui
1333 1673 1511 1715 fortasse

175 1733 452 1773 arbitraretur
483 1747 548 1773 me
574 1732 680 1773 hanc
707 1747 795 1773 rem
820 1732 1033 1786 publicam
1059 1747 1144 1773 non
1169 1735 1329 1787 putare,
1360 1732 1397 1773 si
1420 1746 1512 1787 per-

173 1794 301 1846 petuo
334 1794 525 1844 tacerem,
557 1791 719 1832 modice
750 1791 830 1831 hoc
861 1791 1012 1832 faciam
1038 1794 1110 1832 aut
1136 1791 1264 1832 etiam
1289 1791 1402 1832 intra
1424 1805 1512 1832 mo-

176 1850 292 1903 dum,
334 1852 379 1890 ut
418 1853 458 1890 et
496 1850 609 1890 illius
650 1850 860 1891 voluntati
901 1853 942 1891 et
982 1850 1086 1891 meis
1127 1850 1278 1890 studiis
1319 1849 1509 1890 serviam.

174 1907 302 1961 Nam,
344 1908 421 1949 etsi
460 1923 482 1948 a
520 1909 655 1963 prima
693 1911 828 1949 aetate
865 1923 931 1949 me
970 1908 1106 1949 omnis
1143 1923 1210 1949 ars
1242 1910 1283 1949 et
1321 1907 1512 1949 doctrina
1530 1920 1564 1945 30

174 1966 360 2008 liberalis
393 1970 432 2007 et
464 1967 646 2008 maxime
677 1967 947 2021 philosophia
984 1967 1224 2021 delectavit,
1260 1969 1401 2007 tamen
1430 1965 1512 2007 hoc

175 2025 361 2065 studium
388 2025 541 2066 cotidie
568 2026 832 2081 ingravescit,
859 2026 995 2080 credo,
1027 2029 1068 2067 et
1094 2025 1243 2067 aetatis
1267 2024 1512 2066 maturitate

176 2084 227 2123 ad
259 2083 525 2137 prudentiam
552 2087 593 2125 et
619 2084 670 2125 iis
701 2087 941 2138 temporum
967 2084 1095 2138 vitiis,
1127 2087 1174 2124 ut
1198 2083 1314 2124 nulla
1340 2097 1405 2124 res
1431 2083 1513 2124 alia

178 2142 314 2182 levare
347 2142 533 2183 animum
565 2143 770 2184 molestiis
802 2143 946 2197 possit.
1008 2142 1048 2184 A
1079 2156 1163 2196 quo
1191 2141 1332 2182 studio
1363 2144 1405 2182 te
1443 2141 1513 2183 ab·

178 2200 270 2240 duci
303 2201 485 2256 negotiis
524 2201 724 2257 intellego
762 2216 813 2242 ex
844 2201 928 2242 tuis
959 2201 1132 2255 litteris,
1163 2199 1237 2241 sed
1267 2202 1407 2241 tamen
1439 2200 1512 2241 ali·
1531 2211 1565 2238 35

179 2259 279 2311 quid
312 2259 394 2300 iam
425 2262 569 2301 noctes
600 2263 642 2301 te
674 2259 943 2300 adjuvabunt.

268 2316 436 2358 Servius
474 2322 571 2359 tuus
608 2318 675 2359 vel
711 2318 854 2372 potius
890 2319 1034 2358 noster
1069 2331 1233 2357 summa
1269 2331 1335 2358 me
1374 2317 1514 2359 obser-

1562 2434 1564 2437 ·
1627 2430 1634 2496 1

1628 2498 1633 2552 1
