1659 2552
218 63 335 98 xvm
641 60 915 95 ADNOTATIO
942 59 1138 95 CRITICA.

221 160 262 190 16
295 157 471 200 operibus
504 155 572 198 ΜΓ,
611 154 781 188 Wesenb.
816 175 857 179 —
894 159 934 187 19
968 155 1007 187 in
1041 154 1265 197 praesentia
1295 153 1467 188 Wesenb.
1511 174 1555 185 —-

219 208 262 237 *25
294 205 378 247 post
409 203 450 237 (Ie
481 213 518 236 re
544 202 643 246 publ.
677 212 819 235 comma
855 201 963 242 Bait,
1003 201 1049 234 ad
1080 212 1114 244 p.
1137 203 1191 234 23.
1213 204 1267 234 22.
1294 221 1338 226 -
1371 204 1414 235 32
1441 201 1555 236 Puta-

220 261 341 284 rasne
366 249 549 291 Wesenb.,
577 248 670 282 Bait.
699 259 769 281 non
795 248 903 281 modo
930 258 1000 281 uon
1028 247 1138 290 false,
1171 247 1235 282 sed
1259 258 1306 281 ne
1331 247 1556 292 improbabi-

218 296 305 331 liter
329 296 478 340 quidem
504 295 623 329 nimis.
675 295 769 329 Nam
794 294 951 339 primum
977 294 1058 337 quis
1086 293 1234 337 ignorat
1258 293 1353 328 illud
1377 295 1465 330 Non
1483 306 1554 340 pu-

219 348 334 378 taram
353 348 368 378 ¹?
400 346 447 387 (p.
470 347 547 377 412.
573 346 630 382 18,
657 346 735 376 469.
758 345 794 385 7,
822 346 899 375 00⁶5.
922 346 959 384 3,
994 341 1069 374 Att.
1090 340 1175 375 XVI
1196 345 1238 375 16
1265 340 1291 376 C
1321 341 1370 376 in.
1392 343 1554 387 patavi);

220 390 352 424 deindo
378 390 490 424 etiam
518 389 580 432 ibi,
607 388 670 423 ubi
696 400 801 422 nemo
828 387 1100 423 coniunctivum
1124 386 1333 433 imperfecti
1363 388 1556 424 ferendum

219 437 372 478 censuit,
395 442 560 480 putarem
585 438 623 470 ct
642 435 719 469 sim.
740 435 862 480 potius
883 446 994 479 quam
1010 439 1183 479 putaram
1202 436 1270 469 etc.
1292 435 1396 470 codd.
1417 435 1555 470 habere

219 484 340 518 solent
372 487 413 517 ut
442 496 476 528 p.
501 487 552 517 17.
575 486 594 517 8
628 485 665 517 ct
695 486 773 516 480.
794 487 815 516 4
847 481 958 526 (solus
988 481 1019 515 D
1052 484 1139 524 -am)
1170 486 1398 526 affectarem,
1435 485 1488 517 17.
1509 486 1554 517 35

219 541 361 574 omnes,
394 534 448 565 39.
470 535 513 563 22
540 530 609 564 GR
635 529 833 572 (Sti-cicher
858 529 992 563 Comm.
1017 528 1090 563 Ien.
1116 528 1166 563 [Π
1190 541 1224 574 p.
1248 533 1313 563 197
1339 530 1465 564 tuetur
1482 541 1554 574 pu-

219 580 353 621 tarem),
376 581 451 611 175.
468 582 511 611 24
526 576 567 619 G,
592 581 669 610 517.
687 581 717 619 2,
738 577 812 609 Att.
835 576 917 609 XIII
939 579 958 609 5
979 575 1028 610 in.
1043 575 1091 619 Μ,
1117 575 1150 609 Π
1171 579 1200 610 7.
1221 580 1243 610 4
1265 575 1360 611 Crat.
1375 581 1553 621 putarem,

220 624 311 658 Phil.
332 624 365 658 Π
386 629 414 658 1.
438 629 454 658 1
483 629 639 668 optarem
670 633 803 657 omncs
855 622 925 656 Sed
952 624 994 656 ut
1020 627 1169 667 putares
1201 622 1430 667 (saepissime
1455 623 1555 669 apud

221 670 337 715 Om'd.)
364 671 493 705 eodem
517 670 625 704 inodo
651 681 722 714 quo
749 681 914 713 cerneres,
947 670 1095 713 diceres,
1126 670 1321 714 iudicares,
1353 671 1460 705 scires
1484 672 1554 706 etc.

219 717 256 751 in
282 717 492 762 praeterito,
514 722 618 761 putes
643 717 679 750 iu
704 716 891 761 praesenti
916 716 1030 761 (velut
1048 717 1126 751 Att.
1146 717 1162 750 1
1183 720 1236 751 16.
1259 720 1302 751 10
1313 729 1378 760 m.,
1403 716 1554 752 Anthol.

219 768 297 798 428.
320 769 339 798 3
374 775 419 798 118
454 764 491 797 in
529 775 622 798 nova,
659 764 808 807 quidem
845 763 931 797 edit.
965 763 1121 807 emend.)
1165 763 1209 798 de
1249 774 1291 798 eo
1328 763 1417 808 poni
1447 763 1553 808 solet,

220 812 317 855 quod
343 811 507 855 aliquam
526 811 683 855 speciem
709 821 796 854 prae
823 821 860 844 se
887 809 992 854 ferat,
1019 810 1071 844 sic
1091 811 1171 855 quis
1189 811 1254 845 hoc
1274 809 1446 855 putaret?
1471 822 1501 845 v,
1523 821 1552 846 c.

219 870 252 902 p.
275 862 329 891 43.
352 862 395 891 22
423 858 591 901 idemque
618 858 664 891 ad
691 857 855 891 litteram
880 857 1000 902 Priap.
1023 861 1076 891 77.
1100 861 1152 900 13,
1179 870 1212 902 p.
1233 861 1313 891 461.
1334 860 1378 890 33
1404 858 1485 902 quis
1509 878 1553 884 —

218 904 402 948 putareffi,
435 906 510 939 Att.
531 904 615 938 XVI
636 909 688 938 11.
711 908 729 937 6
756 914 810 938 ex,
836 905 900 939 hoe
926 909 965 939 tu
989 904 1180 949 putares&
1213 904 1294 938 Sen.
1322 906 1435 938 contr.
1456 908 1510 939 27.
1531 908 1554 939 4

223 963 294 986 non
319 957 484 996 putarem
516 951 660 995 (omitto
685 951 762 984 Fin.
784 951 833 985 IV
855 955 907 986 19.
930 954 972 985 52
994 956 1177 995 putarem,
1208 951 1291 985 infr.
1312 954 1390 986 552.
1411 954 1455 985 32
1480 962 1555 986 ‘non

215 1003 376 1043 putasset
391 1000 474 1042 etc.)
494 1001 590 1032 recte
605 998 649 1032 dc
670 998 778 1032 rebus
798 998 1077 1033 incredibilibus
1095 998 1239 1032 dicitur.
1258 997 1302 1032 V.
1317 997 1365 1032 ad
1376 1010 1412 1044 p.
1427 1002 1505 1033 145.
1520 1002 1554 1043 8,

222 1049 297 1079 148.
319 1050 350 1088 9,
378 1049 454 1079 238.
477 1050 531 1088 30,
558 1048 636 1079 463.
659 1049 712 1079 12.
740 1066 783 1070 -
809 1049 852 1079 33
879 1046 1046 1080 dessent
1070 1045 1123 1088 M,
1156 1045 1295 1089 Menti„
1326 1044 1418 1079 item
1446 1045 1553 1089 desse,

220 1093 309 1136 (lest,
342 1093 424 1127 dero
450 1092 524 1126 fero
549 1091 704 1137 triginta
734 1091 824 1126 locis
856 1092 1010 1137 (duplici
1035 1104 1052 1127 e
1075 1103 1150 1126 non
1173 1092 1256 1137 plus
1281 1102 1392 1136 quam
1417 1092 1555 1127 duode-

220 1139 342 1183 ciens).
400 1138 629 1183 Quamquam
663 1138 775 1173 semel
807 1139 928 1173 Mend.
964 1141 1035 1173 tac.
1072 1139 1200 1173 scribit
1233 1139 1324 1183 dest,
1359 1151 1393 1184 p.
1420 1143 1476 1174 49.
1497 1142 1553 1183 22,

219 1196 335 1230 paene
370 1185 538 1220 omnibus
572 1186 724 1230 reliquis
758 1185 849 1220 locis
889 1196 1014 1220 omnes
1052 1186 1155 1221 codd.
1189 1188 1336 1231 praeter
1368 1185 1407 1220 M
1440 1186 1555 1222 deesse

220 1233 354 1266 habere
388 1235 558 1276 testatur,
593 1235 718 1267 tamen
751 1233 790 1266 in
824 1234 1024 1278 archetypo
1058 1233 1172 1267 fuisse
1202 1232 1387 1267 breviores
1417 1232 1554 1267 formas

220 1279 452 1324 cognoscitur
483 1291 502 1313 e
533 1280 755 1323 quibusdam
785 1280 984 1322 erroribus,
1016 1291 1103 1314 nam
1133 1292 1167 1324 p.
1197 1284 1273 1314 126.
1297 1283 1340 1314 16
1371 1279 1409 1314 Μ
1438 1279 1555 1314 habet

220 1338 308 1370 quas
333 1327 371 1360 id
390 1332 449 1370 est,
476 1325 504 1360 G
514 1327 546 1360 1ss
565 1328 670 1371 quasi
688 1331 747 1371 est,
773 1331 851 1361 425.
874 1331 916 1361 25
943 1327 1050 1361 FHD
1072 1328 1167 1371 perit
1191 1329 1239 1371 (p.
1260 1330 1339 1361 367.
1361 1330 1405 1360 14
1431 1337 1474 1361 ex
1493 1327 1555 1362 des

221 1378 250 1407 te
280 1373 352 1406 HD
387 1373 553 1407 iecerunt
585 1374 723 1418 deesse).
778 1373 836 1407 Ad
866 1386 900 1418 p.
921 1378 1001 1407 412.
1024 1378 1083 1416 193
1114 1385 1258 1418 praesse
1287 1385 1322 1419 p.
1350 1376 1405 1408 58.
1432 1377 1487 1408 32.
1542 1375 1555 1420 Η

266 1419 312 1454 Ρ.
333 1419 396 1455 41.
424 1424 443 1453 8
465 1421 657 1464 possimus
681 1426 713 1455 et
736 1421 921 1456 soleamus
946 1421 1084 1465 Lamb.,
1112 1420 1207 1454 Bait.
1236 1441 1278 1446 —
1314 1424 1355 1454 11
1382 1423 1468 1465 post
1497 1420 1555 1456 De

216 1468 402 1510 pantheris
421 1478 563 1501 comma
581 1468 765 1511 Wesenb.,
790 1467 929 1511 Mend.;
957 1467 1004 1501 ad
1022 1479 1057 1512 p.
1080 1471 1133 1501 23.
1156 1471 1209 1501 22.
1231 1488 1274 1492 -
1296 1471 1337 1501 27
1359 1468 1555 1502 conciones

223 1513 389 1547 Wesenb.
427 1516 648 1558 constanter,
685 1514 788 1549 codd.
825 1525 1022 1559 nusquam,
1057 1514 1118 1548 hic
1153 1516 1190 1548 et
1225 1513 1269 1548 al.
1307 1518 1455 1548 content.
1491 1513 1554 1557 (ad

220 1573 252 1604 p.
275 1565 329 1594 31.
351 1564 418 1604 27).
441 1582 483 1586 —
511 1565 554 1594 28
580 1563 688 1596 aud-ie
698 1573 824 1596 ramus
850 1561 1007 1596 alterum
1032 1561 1183 1605 exempl.
1211 1560 1392 1605 epistulae
1411 1559 1450 1594 in
1473 1560 1551 1595 cod.

221 1607 272 1643 M:
300 1607 347 1641 ad
375 1612 449 1641 105.
474 1612 525 1642 19.
555 1629 597 1634 —-
625 1613 667 1643 29
694 1610 749 1643 his
782 1608 885 1643 codd.
918 1608 980 1652 (ad
1010 1620 1043 1652 p.
1067 1612 1096 1642 2.
1120 1611 1194 1651 18),
1227 1607 1322 1641 Bait.
1365 1609 1377 1651 ΙΙ
1420 1607 1465 1642 Ρ.
1487 1606 1552 1643 42.

221 1658 239 1686 5
262 1654 527 1689 Pessinuntem
546 1658 583 1689 et
603 1657 647 1689 ab
668 1657 893 1701 Adiatorz'ye
911 1655 1018 1689 Mart.
1039 1655 1140 1700 Lag,
1167 1654 1261 1688 Bait.
1283 1653 1393 1689 Codd.
1414 1653 1556 1688 habent

221 1700 256 1734 M
282 1701 530 1746 acliatoreyem,
558 1702 628 1736 GR
653 1703 702 1737 ad
727 1703 866 1737 diatwm
891 1714 1013 1747 reyem.
1036 1723 1078 1727 —
1104 1706 1124 1735 6
1151 1713 1251 1745 quem
1275 1712 1338 1735 ‘nee
1363 1701 1556 1746 beniynum

222 1759 281 1782 nee
305 1750 483 1791 copiosum
510 1749 616 1783 Mart.
631 1749 738 1795 Lag,
764 1749 859 1783 Bait..
887 1770 930 1774 —-
963 1752 982 1783 8
1009 1749 1102 1793 quod
1127 1760 1152 1782 e.
1180 1749 1226 1782 ab
1251 1748 1308 1782 (ιᾱ.
1336 1748 1498 1783 iudicavi
1514 1747 1554 1781 in

220 1795 384 1838 parcnth.
413 1795 510 1837 8(1(1.;
547 1796 594 1829 ad
620 1809 653 1840 p.
683 1801 712 1830 ’2.
737 1800 789 1830 13.
816 1817 860 1821 —
889 1800 930 1829 15
963 1796 1121 1840 †„Spem
1145 1795 1335 1837 Wesenb.;
1370 1806 1401 1829 v.
1428 1794 1552 1828 Lehm.

220 1839 385 1881 Quaestt.
412 1854 445 1885 p.
468 1847 497 1875 7.
527 1864 569 1868 —
599 1848 640 1877 16
667 1844 945 1887 trimnpharam
972 1842 1045 1886 all.‚
1071 1842 1262 1886 Wesenb.,
1290 1841 1402 1885 Bait,
1428 1841 1553 1876 trium-

214 1889 374 1931 pharem,
399 1892 430 1921 si
456 1888 522 1933 (sic
541 1889 637 1935 vulg.
659 1892 762 1934 vett.)
787 1901 860 1924 mm
885 1901 991 1924 essem
1015 1890 1175 1934 equidem
1194 1889 1297 1923 Boot.
1318 1888 1394 1922 Att.
1414 1887 1431 1922 I
1451 1891 1504 1921 16.
1520 1891 1552 1922 4.

220 1956 262 1960 —
296 1939 338 1968 23
364 1946 438 1969 ozon
463 1937 584 1970 nullae
609 1937 716 1971 inser.
745 1938 831 1970 ante
857 1948 930 1971 ozon
955 1936 1078 1970 Lehm.
1102 1935 1266 1977 Quaestt.
1287 1939 1331 1969 56
1351 1945 1415 1978 ex„
1447 1933 1544 1979 impr

221 1981 454 2026 Bitschofsky
478 1983 666 2018 ‘Zeitsohr.
688 1983 711 2017 f.
734 1983 767 2017 d.
788 1986 856 2017 ost.
875 1983 931 2017 G.’
956 1987 1045 2018 1886
1072 1995 1106 2028 p.
1127 1987 1205 2017 422.
1227 2003 1271 2008 -
1292 1985 1334 2016 29
1353 1985 1394 2015 ut
1413 2001 1456 2006 —
1476 1992 1555 2016 sum

221 2027 256 2060 in
277 2029 443 2071 parcuth.
466 2030 572 2074 Bait,
594 2030 778 2074 Wesenb.,
804 2031 943 2073 Mend.;
971 2030 1018 2064 ad
1036 2043 1071 2075 p.
1094 2034 1124 2064 2.
1148 2034 1200 2063 13.
1221 2050 1265 2055 -
1291 2032 1335 2062 34
1361 2029 1462 2072 quoi
1481 2029 1556 2063 iam

221 2074 353 2118 Mcnd.,
374 2077 544 2119 qnoniam,
564 2077 680 2121 codd,
705 2079 764 2112 cui
783 2079 856 2112 iam
874 2077 972 2123 vulg.
989 2077 1031 2111 V.
1050 2090 1084 2122 p.
1101 2080 1156 2111 66.
1171 2079 1226 2119 30,
1247 2079 1324 2109 203.
1341 2078 1395 2118 22,
1422 2079 1500 2109 211.
1522 2079 1556 2118 3,

221 2124 297 2154 217.
315 2127 346 2158 3,
368 2126 444 2155 218.
462 2127 492 2165 6.
515 2128 663 2167 22011,
686 2128 763 2158 561.
781 2128 811 2168 1,
838 2126 965 2169 quoius
986 2124 1033 2157 ad
1051 2136 1086 2168 p.
1102 2118 1180 2157 201.
1196 2126 1250 2156 20.
1276 2121 1416 2155 Becher
1433 2133 1555 2174 progr.

218 2167 426 2201 Nordhuus.
450 2173 538 2202 1885
565 2182 598 2214 p.
622 2176 675 2204 11.
714 2173 725 2215 ΙΙ
763 2171 808 2206 Ρ.
830 2171 894 2207 43.
922 2176 940 2205 7
961 2182 1035 2205 non
1053 2170 1147 2204 nihil
1165 2170 1255 2214 siqu.
1277 2168 1426 2212 Victor„
1447 2169 1555 2211 Bait,

220 2215 308 2247 mihi
339 2215 462 2259 siquis.
491 2228 603 2259 marg.
624 2217 693 2260 ΜΓ,
722 2218 891 2252 Wesenb.
927 2239 969 2243 —
1002 2221 1022 2251 8
1048 2217 1226 2252 subclubit.
1253 2220 1290 2250 te
1314 2215 1415 2257 Em,
1448 2215 1557 2259 Bait,

219 2260 410 2303 Wesenh,
439 2262 484 2294 ad
505 2274 537 2306 p.
560 2268 615 2297 49.
634 2267 685 2297 28.
710 2285 751 2289 —
782 2269 824 2298 22
846 2269 1016 2309 putarat
1034 2263 1218 2307 Wesenb.‚
1239 2261 1350 2305 Bait..;
1378 2261 1425 2295 ad
1443 2274 1479 2306 p.
1499 2265 1555 2296 40.
