1659 2552
199 120 288 161 254
699 119 1039 154 EPISTULARUM

198 215 307 257 nihil
339 230 428 257 esse
454 215 536 256 nisi
564 215 756 269 ineptias,
788 213 1098 268 turpitudinem
1127 228 1204 255 nec
1230 214 1274 255 in
1299 214 1430 256 verbo
1456 229 1546 257 esse

151 282 173 312 4
199 289 275 316 nec
308 274 351 315 in
383 289 444 329 re,
478 274 620 328 itaque
652 287 861 327 nusquam
894 273 1012 313 esse?
1055 271 1195 328 Igitur
1225 272 1269 314 in
1301 274 1441 315 verbis
1472 273 1546 315 ho-

199 334 330 374 nestis
369 347 549 387 opscena
586 333 793 386 ponimus.
857 330 968 380 Quid
1006 331 1150 372 enim?
1193 346 1279 373 non
1319 332 1545 374 honestum

199 392 377 433 verbum
410 395 472 432 est
505 391 720 432 ‘divisi0’52
753 393 795 430 at
822 391 931 430 inest
959 404 1199 445 opscenum,
1227 391 1293 431 cui
1320 391 1546 446 respondet

200 451 513 504 ‘intercapedo’.
558 449 673 490 Num
706 449 809 489 haec
841 463 942 504 ergo
976 463 1156 503 opscena
1187 450 1314 490 sunt?
1353 449 1445 492 Nos
1477 465 1546 491 au-
1583 462 1600 488 5

200 513 286 551 tem
328 509 521 563 ridicule,
563 509 597 549 si
640 508 838 548 dicimus:
883 507 981 548 <file
1023 510 1187 562 patrem
1230 509 1546 565 strangulavit',

198 569 404 609 honorem
444 582 529 608 non
570 568 832 622 praefamur,
877 566 941 607 sin
981 566 1030 607 de
1062 566 1238 608 Aurelia
1275 567 1436 622 aliquid
1474 571 1547 609 aut

199 627 354 681 Lollia,
393 627 528 667 honos
566 625 820 680 praefandus
861 628 934 666 est.
997 625 1054 666 Et
1093 626 1264 680 quidem
1303 626 1386 667 iam
1418 627 1546 667 etiam

199 701 285 727 non
324 686 503 726 obscena
541 685 670 726 verba
706 698 784 738 pro
824 684 1017 725 obscenis
1056 688 1164 725 sunt.
1227 684 1454 739 “Batuit'',
1486 685 1529 726 in

201 745 309 799 quit,
343 744 643 798 eimpudenter,
676 742 845 797 ‘depsit’
877 743 1013 784 multo
1041 743 1355 798 impudentius’.
1411 743 1545 799 Atqui
1567 757 1599 782 10

195 806 397 844 'neutrum
430 805 492 843 est
525 816 764 856 opscenum.
829 800 1067 843 Stultorum
1104 802 1230 856 plena
1262 805 1360 844 sunt
1393 803 1544 844 omnia.

201 862 387 903 ‘Testes’
429 861 606 902 verbum
642 860 991 901 honestissimum
1029 861 1073 901 in
1111 861 1289 916 iudicio,
1331 861 1414 902 alio
1451 862 1545 903 1000

199 936 284 961 11011
310 921 448 974 nimis,
481 922 522 961 et
547 920 715 961 honesti
749 919 871 960 ‘colei
901 919 1140 974 Lanuvini',
1172 919 1429 962 ‘Cliternini'
1460 935 1546 962 non

199 980 379 1021 honesti.
442 978 553 1028 Quin
592 979 683 1033 ipsa
721 993 786 1019 res
823 979 950 1020 modo
988 979 1182 1034 honesta,
1226 979 1353 1020 modo
1391 980 1546 1034 turpis3

201 1039 418 1093 suppedit,
450 1037 663 1094 flagitium
695 1039 775 1092 est3
808 1037 892 1078 iam
919 1038 999 1078 erit
1025 1037 1163 1078 nudus
1195 1038 1239 1078 in
1265 1038 1428 1093 balneo,
1459 1052 1546 1080 non
1566 1050 1599 1076 15

153 1103 172 1134 5
200 1097 490 1151 reprehendes.
541 1096 684 1137 Habes
717 1096 904 1137 scholam
939 1095 1142 1138 Stoicam:
1176 1096 1198 1138 ὁ
1225 1098 1362 1152 σοφὸς
1388 1097 1547 1152 εὐθυρ-

200 1157 446 1211 ρημονήσει.
492 1155 627 1205 Quam
653 1155 788 1196 multa
820 1169 871 1196 ex
903 1170 988 1197 uno
1014 1155 1145 1197 verbo
1170 1157 1263 1197 tuo!
1319 1155 1377 1197 Te
1403 1156 1547 1198 adver-

200 1229 269 1255 sus
301 1230 367 1256 me
395 1215 537 1255 omnia
562 1214 715 1255 audere
740 1216 910 1269 gratum
937 1216 1016 1269 est,
1049 1229 1127 1270 ego
1154 1228 1275 1256 servo
1301 1217 1343 1256 et
1369 1215 1546 1256 servabo

201 1272 280 1330 (sic
312 1273 425 1314 enim
457 1271 648 1328 adsuevi)
674 1272 866 1313 Platonis
892 1273 1199 1314 verecundiam.
1249 1272 1398 1328 Itaque
1423 1274 1546 1315 tectis

199 1332 340 1373 verbis
373 1346 420 1373 ea
452 1332 505 1372 ad
536 1335 578 1372 te
604 1331 764 1385 scripsi,
798 1345 903 1385 quae
930 1332 1208 1386 apertissimis
1234 1335 1366 1387 agunt
1393 1331 1545 1387 Stoici3
1566 1345 1599 1370 20

199 1391 272 1431 sed
310 1390 373 1431 illi
413 1391 539 1431 etiam
579 1390 763 1444 crepitus
803 1390 921 1430 aiunt
959 1405 1089 1444 aeque
1127 1390 1286 1431 liberos
1324 1405 1370 1432 ac
1402 1394 1546 1432 ructus

200 1464 287 1490 esse
321 1451 526 1503 oportere
560 1448 778 1490 Honorem
811 1448 944 1504 igitur
975 1449 1026 1489 K.
1058 1448 1236 1490 Martiis.
1292 1448 1357 1490 Tu
1388 1464 1455 1491 me
1488 1450 1546 1491 di-

201 1508 309 1564 liges
341 1510 383 1549 et
414 1508 586 1549 valebis,

800 1658 956 1700 XXIII.

399 1740 472 1776 Ser.
500 1741 540 1774 in
567 1740 728 1775 Cumano
754 1752 798 1775 m.
827 1741 949 1775 intere.
974 1744 1064 1784 post.
1092 1752 1125 1776 a.
1155 1743 1228 1775 703
1255 1742 1346 1783 (46).
1565 1754 1598 1780 25

691 1821 861 1857 CICERO
886 1821 1056 1857 PAETO.

289 1918 401 1960 Here
434 1918 529 1959 veni
568 1917 611 1958 in
645 1917 898 1973 Cumanum,
937 1932 1027 1958 cras
1065 1917 1117 1958 ad
1149 1919 1190 1958 te
1228 1917 1423 1972 fortasse,
1461 1916 1544 1971 sed,

202 1993 295 2019 cum
338 1980 499 2018 certum
542 1977 690 2031 sciam,
732 1977 883 2018 faciam
925 1979 966 2017 te
1003 1976 1130 2030 paulo
1170 1978 1265 2016 ante
1304 1975 1544 2030 certiorem,

201 2038 279 2078 etsi
317 2036 372 2077 M.
408 2036 652 2090 Caeparius,
693 2050 788 2076 cum
829 2035 935 2076 mihi
975 2035 1017 2075 in
1056 2035 1162 2075 silva
1202 2033 1433 2075 Gallinaria
1473 2034 1544 2075 ob-

201 2096 312 2136 viam
340 2096 534 2149 venisset,
567 2095 925 2149 quaesissemque,
959 2093 1062 2148 quid
1093 2107 1254 2149 ageres,
1288 2092 1396 2133 dixit
1427 2094 1468 2133 te
1500 2093 1543 2133 in
1563 2106 1597 2131 ³0

201 2155 309 2195 lecto
352 2168 457 2208 esse,
499 2154 613 2207 quod
653 2168 705 2194 ex
743 2153 923 2207 pedibus
963 2152 1187 2193 laborares.
1250 2150 1347 2192 Tuli
1385 2151 1545 2192 scilicet

201 2213 394 2266 moleste,
433 2215 479 2253 ut
519 2212 661 2267 debui,
704 2212 776 2253 sed
814 2214 955 2252 tamen
994 2210 1195 2252 constitui
1233 2210 1286 2250 ad
1317 2212 1358 2250 te
1390 2210 1544 2264 venire,

204 2275 248 2311 ut
287 2274 327 2311 et
365 2271 551 2312 viderem
592 2273 633 2311 te
672 2273 713 2311 et
750 2270 930 2311 viserem
962 2272 1004 2311 et
1041 2283 1232 2310 cenarem
1274 2269 1419 2324 etiam3
1459 2282 1545 2310 non

203 2330 313 2369 enim
366 2329 550 2370 arbitror
601 2343 746 2370 coc-um
797 2329 924 2369 etiam
974 2331 1015 2369 te
1059 2327 1329 2369 arthriticum
1377 2327 1543 2369 habere.
