1659 2552
593 103 736 138 LIBER
760 104 810 139 IV
835 108 868 150 8,
890 108 921 140 9.
1374 106 1429 148 95

723 245 795 288 IX.

323 327 398 364 Ser.
432 328 568 362 Romae
596 331 680 372 post
710 327 767 362 Id.
801 326 895 362 Sext.
928 339 960 363 α.
995 330 1068 362 708
1103 330 1192 372 (46).

388 409 436 444 M.
464 408 632 444 CICERO
660 409 694 444 S.
721 408 763 444 D.
791 409 839 444 M.
866 408 1134 446 MARCELLO.

177 492 272 534 Etsi
302 492 523 548 perpaucis
555 495 650 533 ante
683 493 830 534 diebus
856 493 1051 534 dederam
1078 492 1123 542 Q.
1149 493 1292 535 Mucio
1317 493 1430 536 11116-

54 563 70 589 5
89 566 157 593 ras
194 552 247 593 ad
282 554 324 593 te
360 552 556 606 pluribus
592 551 733 593 verbis
771 552 966 606 scriptas,
1004 552 1159 606 quibus
1198 553 1430 594 declarave-

90 626 200 665 ram,
242 625 325 664 quo
366 614 408 651 te
448 610 589 651 animo
631 624 842 651 censerem
883 625 971 652 esse
1012 614 1207 665 oportere
1248 614 1290 652 et
1327 611 1431 666 quid

89 669 170 710 tibi
195 669 433 710 faciendum
453 669 693 723 arbitrarer,
719 672 872 723 tamen,
892 684 987 710 cum
1006 669 1279 725 Theophilus,
1304 671 1430 712 liber-

89 731 158 769 tus
188 731 299 782 tuus,
329 727 677 782 proficisceretur,
710 728 827 768 cuius
859 742 937 784 ego
963 729 1090 769 fidem
1116 743 1216 784 erga
1241 732 1282 770 te
1314 729 1430 770 beni-

89 787 402 841 volentiamque
439 801 750 840 perspexeram,
788 787 891 828 sine'
914 787 1020 827 meis
1055 787 1211 828 litteris
1249 802 1345 829 eum
1377 788 1430 829 ad

38 858 72 883 10
90 848 133 886 te
168 845 312 887 venire
348 845 478 886 nolui.
538 844 678 886 Isdem
719 845 853 901 igitur
888 848 931 886 16
969 845 1094 886 rebus
1135 846 1262 887 etiam
1303 849 1429 901 atque

90 904 218 945 etiam
242 904 403 959 hortor,
429 904 583 958 quibus
608 904 897 958 superioribus
924 904 1079 945 litteris
1103 904 1299 946 hortatus
1324 920 1429 960 sum,

90 965 138 1003 ut
157 963 202 1003 in
221 977 268 1004 ea
287 977 332 1004 re
356 963 538 1017 publica,
565 977 851 1017 quaecumque
873 966 946 1017 est,
974 978 1099 1017 quam
1119 964 1305 1017 primum
1324 964 1430 1005 velis

91 1036 189 1063 esse.
220 1021 357 1062 Multa
370 1021 534 1062 videbis
553 1022 742 1075 fortasse,
764 1036 869 1075 quae
888 1022 1011 1076 nolis,
1030 1036 1115 1062 non
1135 1023 1257 1076 plura
1276 1026 1430 1077 tamen,

91 1095 216 1135 quam
231 1080 350 1121 audis
363 1081 528 1121 cotidie.
559 1080 659 1121 Non
679 1083 741 1121 661
759 1095 888 1134 porro
908 1082 1030 1121 tuum
1049 1095 1133 1121 11110
1149 1095 1272 1122 6611611
1292 1081 1430 1122 solum

37 1151 70 1176 15
90 1140 308 1180 oculorum
327 1139 500 1193 moveri,
521 1154 615 1180 cum
635 1139 747 1180 idem
765 1139 872 1179 fflud
885 1139 1058 1179 auribus
1076 1140 1296 1194 percipias,
1317 1140 1431 1193 quod

90 1199 217 1239 etiam
248 1198 384 1238 maius
414 1198 548 1239 videri
574 1198 697 1252 solet,
733 1198 874 1238 minus
904 1198 1109 1239 laborare.
1158 1198 1217 1239 At
1242 1198 1322 1239 tibi
1349 1199 1430 1253 ipsi

91 1257 312 1297 dicendum
337 1257 418 1298 erit
443 1257 615 1311 aliquid,
641 1257 755 1310 quod
778 1271 864 1297 non
889 1257 1056 1311 sentias,
1082 1259 1154 1297 aut
1179 1257 1429 1311 faciendum,

90 1316 204 1369 quod
226 1330 312 1356 non
330 1315 495 1370 probes.
526 1315 718 1356 Primum
743 1316 926 1370 tempori
951 1315 1108 1370 cedere,
1135 1315 1180 1356 id
1205 1319 1268 1356 est
1292 1330 1430 1356 neces-

89 1374 206 1415 sitati
230 1389 388 1429 parere,
420 1388 584 1428 semper
609 1374 810 1428 sapientis
836 1377 899 1415 est
922 1374 1137 1429 habitum,
1170 1374 1319 1415 deinde
1344 1389 1430 1415 non

37 1444 70 1470 20
88 1433 228 1487 habet,
259 1436 307 1473 ut
331 1447 443 1473 nunc
469 1433 639 1487 quidem
665 1435 739 1487 est,
764 1432 809 1473 id
832 1433 928 1473 vitii
954 1447 1030 1473 res.
1063 1432 1214 1474 Dicere
1239 1433 1430 1487 fortasse,

91 1506 196 1545 quae
228 1492 394 1545 sentias,
425 1506 511 1532 non
542 1492 652 1546 licet,
684 1494 821 1532 tacere
847 1491 970 1545 plane
994 1492 1104 1532 licet.
1138 1490 1291 1532 Omnia
1317 1492 1429 1532 enim

91 1550 228 1590 (161313
267 1550 320 1591 ad
358 1565 490 1591 unum
530 1553 649 1605 sunt3
692 1550 727 1590 is
767 1550 905 1590 utitur
945 1550 1122 1590 consilio
1162 1565 1215 1591 ne
1256 1565 1430 1591 suorum

90 1608 277 1662 quidem,
315 1609 387 1649 sed
423 1623 510 1650 suo.
572 1608 695 1657 Quod
723 1623 809 1649 non
840 1608 976 1649 multo
1009 1623 1127 1649 secus
1158 1610 1295 1663 fieret,
1327 1609 1362 1649 si
1394 1608 1429 1649 is

90 1681 179 1707 rem
215 1667 429 1720 publicam
465 1670 645 1721 teneret,
685 1682 809 1721 quem
848 1667 980 1708 secuti
1012 1681 1167 1708 sumus.
1228 1667 1314 1721 An,
1356 1667 1430 1721 qui

38 1736 71 1761 25
90 1725 134 1765 in
166 1725 296 1779 bello,
334 1739 428 1765 cum
466 1726 655 1766 omnium
692 1728 886 1766 nostrum
918 1726 1190 1766 coniunctum
1223 1728 1331 1766 esset
1361 1740 1431 1779 pe-

88 1784 282 1835 riculum,
307 1798 382 1824 suo
409 1786 450 1824 61
476 1786 686 1824 certorum
710 1784 932 1824 hominum
957 1784 1132 1825 minime
1156 1784 1430 1838 prudentium

90 1842 266 1883 consilio
299 1844 508 1896 uteretur,
547 1856 642 1882 eum
672 1842 808 1897 magis
840 1856 1106 1883 communem
1139 1856 1355 1883 censemus
1386 1842 1431 1882 in

89 1901 267 1942 victoria
293 1901 484 1941 futurum
509 1900 650 1953 fuisse,
677 1915 803 1953 quam
829 1900 1001 1941 incertis
1027 1901 1071 1941 in
1096 1900 1222 1941 rebus
1248 1900 1430 1940 fuisset?

90 1962 142 2013 et,
175 1959 247 2013 qui
278 1973 354 1999 nec
385 1962 427 1999 16
459 1959 628 1999 consule
660 1961 780 1998 tuum
817 1959 1175 2012 sapientissimum
1207 1958 1431 1998 consilium

37 2029 70 2054 3⁰
90 2021 256 2058 secutus
289 2020 397 2058 esset
428 2031 504 2057 1166
535 2017 664 2057 fratre
696 2019 770 2057 1110
803 2017 1070 2057 consulatum
1102 2031 1153 2057 ex
1179 2016 1431 2057 auctoritate

89 2079 163 2116 tua
192 2079 365 2132 gerente
396 2075 518 2116 vobis
551 2075 794 2115 auctoribus
825 2075 889 2115 uti
920 2075 1115 2128 voluerit,
1147 2089 1258 2114 nunc
1291 2075 1432 2115 omnia

89 2137 302 2176 tenentem
320 2137 486 2175 nostras
507 2133 734 2174 sententias
756 2133 1089 2173 desideraturum
1110 2147 1251 2173 censes
1270 2133 1432 2174 fuisse?

90 2191 242 2233 Omnia
282 2195 379 2233 sunt
418 2193 572 2233 misera
609 2192 653 2232 in
690 2192 813 2232 bellis
852 2191 1066 2245 civilibus,
1108 2206 1214 2245 quae
1250 2191 1432 2232 maiores

88 2252 224 2292 nostri
255 2266 307 2292 ne
339 2251 467 2292 semel
500 2251 681 2305 quidem,
712 2253 859 2291 nostra
887 2253 999 2291 aetas
1025 2264 1147 2304 saepe
1174 2250 1258 2290 iam
1290 2251 1432 2304 sensit,

37 2310 163 2351 35sed
192 2310 386 2351 miserius
422 2310 533 2351 nihil
572 2324 697 2364 quam
735 2309 826 2363 ipsa
863 2308 1062 2365 victoria,
1104 2323 1226 2364 quae,
1268 2308 1434 2350 etiamsi

1456 1211 1476 1242 (0

1458 2203 1478 2232 3
