<?xml version="1.0" encoding="UTF-8"?>
<!DOCTYPE html PUBLIC "-//W3C//DTD XHTML 1.0 Transitional//EN"
    "http://www.w3.org/TR/xhtml1/DTD/xhtml1-transitional.dtd">
<html xmlns="http://www.w3.org/1999/xhtml" xml:lang="en" lang="en">
 <head>
  <title>
</title>
<meta http-equiv="Content-Type" content="text/html;charset=utf-8" />
  <meta name='ocr-system' content='tesseract 3.04.00' />
  <meta name='ocr-capabilities' content='ocr_page ocr_carea ocr_par ocr_line ocrx_word'/>
</head>
<body>
  <div class='ocr_page' id='page_1' title='image "./p1scriptaquaemanse03ciceuoft_0430.png"; bbox 0 0 1659 2552; ppageno 0'>
   <div class='ocr_carea' id='block_1_1' title="bbox 112 176 154 221">
    <p class='ocr_par' dir='ltr' id='par_1_1' title="bbox 112 176 154 221">
     <span class='ocr_line' id='line_1_1' title="bbox 112 176 154 221; baseline 0 -43"><span class='ocrx_word' id='word_1_1' title='bbox 112 191 132 221; x_wconf 77' lang='lat'><strong>3</strong></span> <span class='ocrx_word' id='word_1_2' title='bbox 150 176 154 178; x_wconf 7' lang='lat' dir='ltr'>a</span> 
     </span>
    </p>
   </div>
   <div class='ocr_carea' id='block_1_2' title="bbox 160 83 1000 125">
    <p class='ocr_par' dir='ltr' id='par_1_2' title="bbox 160 83 1000 125">
     <span class='ocr_line' id='line_1_2' title="bbox 160 83 1000 125; baseline -0.002 -6"><span class='ocrx_word' id='word_1_3' title='bbox 160 83 244 125; x_wconf 81' lang='grc'>328</span> <span class='ocrx_word' id='word_1_4' title='bbox 661 83 1000 118; x_wconf 82' lang='lat' dir='ltr'><strong>EPISTULARUM</strong></span> 
     </span>
    </p>
   </div>
   <div class='ocr_carea' id='block_1_3' title="bbox 112 177 1554 2346">
    <p class='ocr_par' dir='ltr' id='par_1_3' title="bbox 247 177 1502 235">
     <span class='ocr_line' id='line_1_3' title="bbox 247 177 1502 235; baseline 0 -14"><span class='ocrx_word' id='word_1_5' title='bbox 247 179 426 221; x_wconf 90' lang='lat' dir='ltr'>Possum</span> <span class='ocrx_word' id='word_1_6' title='bbox 454 179 597 235; x_wconf 81' lang='lat' dir='ltr'>igitur,</span> <span class='ocrx_word' id='word_1_7' title='bbox 631 179 701 233; x_wconf 88' lang='lat' dir='ltr'>qui</span> <span class='ocrx_word' id='word_1_8' title='bbox 730 179 867 219; x_wconf 85' lang='lat' dir='ltr'>omnis</span> <span class='ocrx_word' id='word_1_9' title='bbox 893 177 1102 219; x_wconf 78' lang='lat' dir='ltr'>voluerim</span> <span class='ocrx_word' id='word_1_10' title='bbox 1129 178 1365 234; x_wconf 90' lang='lat' dir='ltr'>incolumis,</span> <span class='ocrx_word' id='word_1_11' title='bbox 1397 193 1502 234; x_wconf 75' lang='grc'>011111,</span> 
     </span>
    </p>

    <p class='ocr_par' dir='ltr' id='par_1_4' title="bbox 158 237 1554 1101">
     <span class='ocr_line' id='line_1_4' title="bbox 161 237 1500 293; baseline 0 -13"><span class='ocrx_word' id='word_1_12' title='bbox 161 253 184 279; x_wconf 90' lang='grc'>3</span> <span class='ocrx_word' id='word_1_13' title='bbox 216 253 300 292; x_wconf 86' lang='lat' dir='ltr'>quo</span> <span class='ocrx_word' id='word_1_14' title='bbox 331 239 375 279; x_wconf 87' lang='lat' dir='ltr'>id</span> <span class='ocrx_word' id='word_1_15' title='bbox 407 239 680 292; x_wconf 83' lang='lat' dir='ltr'>impetratum</span> <span class='ocrx_word' id='word_1_16' title='bbox 713 240 794 291; x_wconf 87' lang='lat' dir='ltr'>est,</span> <span class='ocrx_word' id='word_1_17' title='bbox 826 237 984 290; x_wconf 88' lang='lat' dir='ltr'>perisse</span> <span class='ocrx_word' id='word_1_18' title='bbox 1015 251 1101 278; x_wconf 90' lang='lat' dir='ltr'>non</span> <span class='ocrx_word' id='word_1_19' title='bbox 1133 237 1377 293; x_wconf 74' lang='lat' dir='ltr'>indignari?</span> <span class='ocrx_word' id='word_1_20' title='bbox 1409 253 1500 280; x_wconf 87' lang='lat' dir='ltr'>cum</span> 
     </span>
     <span class='ocr_line' id='line_1_5' title="bbox 158 295 1501 352; baseline 0.001 -14"><span class='ocrx_word' id='word_1_21' title='bbox 158 298 408 352; x_wconf 77' lang='grc'>111-3030111111</span> <span class='ocrx_word' id='word_1_22' title='bbox 442 297 552 337; x_wconf 84' lang='grc'>1(10111</span> <span class='ocrx_word' id='word_1_23' title='bbox 585 296 778 337; x_wconf 91' lang='lat' dir='ltr'>homines</span> <span class='ocrx_word' id='word_1_24' title='bbox 810 295 873 336; x_wconf 87' lang='lat' dir='ltr'>illi</span> <span class='ocrx_word' id='word_1_25' title='bbox 906 299 948 337; x_wconf 90' lang='lat' dir='ltr'>et</span> <span class='ocrx_word' id='word_1_26' title='bbox 979 295 1162 337; x_wconf 86' lang='lat' dir='ltr'>invidiae</span> <span class='ocrx_word' id='word_1_27' title='bbox 1189 299 1231 337; x_wconf 90' lang='lat' dir='ltr'>et</span> <span class='ocrx_word' id='word_1_28' title='bbox 1256 296 1386 338; x_wconf 80' lang='lat' dir='ltr'>exitio</span> <span class='ocrx_word' id='word_1_29' title='bbox 1418 297 1501 339; x_wconf 78' lang='lat' dir='ltr'>fue-</span> 
     </span>
     <span class='ocr_line' id='line_1_6' title="bbox 160 354 1499 409; baseline 0.001 -13"><span class='ocrx_word' id='word_1_30' title='bbox 160 356 256 396; x_wconf 89' lang='lat' dir='ltr'>rint.</span> <span class='ocrx_word' id='word_1_31' title='bbox 320 355 544 397; x_wconf 70' lang='lat' dir='ltr'>‘Plecteris</span> <span class='ocrx_word' id='word_1_32' title='bbox 577 355 706 409; x_wconf 84' lang='lat' dir='ltr'>e1·o·o&#39;,</span> <span class='ocrx_word' id='word_1_33' title='bbox 739 354 954 409; x_wconf 87' lang='lat' dir='ltr'>inquiunt,</span> <span class='ocrx_word' id='word_1_34' title='bbox 987 355 1210 408; x_wconf 91' lang='lat' dir='ltr'>quoniam</span> <span class='ocrx_word' id='word_1_35' title='bbox 1241 356 1400 396; x_wconf 83' lang='lat' dir='ltr'>factum</span> <span class='ocrx_word' id='word_1_36' title='bbox 1431 370 1499 397; x_wconf 92' lang='lat' dir='ltr'>no-</span> 
     </span>
     <span class='ocr_line' id='line_1_7' title="bbox 160 388 1554 468; baseline 0 -13"><span class='ocrx_word' id='word_1_37' title='bbox 160 417 295 456; x_wconf 85' lang='grc'>31111111</span> <span class='ocrx_word' id='word_1_38' title='bbox 322 388 741 468; x_wconf 75' lang='grc'>11111)1011310·111(103’.</span> <span class='ocrx_word' id='word_1_39' title='bbox 804 411 838 453; x_wconf 93' lang='grc' dir='ltr'><strong>Ο</strong></span> <span class='ocrx_word' id='word_1_40' title='bbox 866 413 1107 467; x_wconf 82' lang='lat' dir='ltr'>superbiam</span> <span class='ocrx_word' id='word_1_41' title='bbox 1133 413 1366 455; x_wconf 78' lang='lat' dir='ltr'><strong>inauditam</strong></span> <span class='ocrx_word' id='word_1_42' title='bbox 1398 414 1499 455; x_wconf 89' lang='lat' dir='ltr'>alios</span> <span class='ocrx_word' id='word_1_43' title='bbox 1537 425 1554 451; x_wconf 87' lang='lat'>⁵</span> 
     </span>
     <span class='ocr_line' id='line_1_8' title="bbox 160 471 1500 529; baseline 0 -15"><span class='ocrx_word' id='word_1_44' title='bbox 160 473 205 514; x_wconf 92' lang='lat' dir='ltr'>in</span> <span class='ocrx_word' id='word_1_45' title='bbox 242 473 427 514; x_wconf 71' lang='lat' dir='ltr'>facinore</span> <span class='ocrx_word' id='word_1_46' title='bbox 465 472 658 529; x_wconf 85' lang='lat' dir='ltr'>gloriari,</span> <span class='ocrx_word' id='word_1_47' title='bbox 699 471 792 512; x_wconf 91' lang='lat' dir='ltr'>aliis</span> <span class='ocrx_word' id='word_1_48' title='bbox 830 486 882 512; x_wconf 91' lang='lat' dir='ltr'>ne</span> <span class='ocrx_word' id='word_1_49' title='bbox 924 472 1064 513; x_wconf 89' lang='lat' dir='ltr'>dolere</span> <span class='ocrx_word' id='word_1_50' title='bbox 1102 472 1272 526; x_wconf 89' lang='lat' dir='ltr'>quidem</span> <span class='ocrx_word' id='word_1_51' title='bbox 1309 473 1500 527; x_wconf 76' lang='lat' dir='ltr'>inpunite</span> 
     </span>
     <span class='ocr_line' id='line_1_9' title="bbox 159 531 1500 586; baseline -0.001 -13"><span class='ocrx_word' id='word_1_52' title='bbox 159 532 302 573; x_wconf 83' lang='lat' dir='ltr'>licere!</span> <span class='ocrx_word' id='word_1_53' title='bbox 364 531 424 573; x_wconf 91' lang='lat' dir='ltr'>At</span> <span class='ocrx_word' id='word_1_54' title='bbox 460 532 563 572; x_wconf 88' lang='lat' dir='ltr'>haec</span> <span class='ocrx_word' id='word_1_55' title='bbox 601 531 728 572; x_wconf 88' lang='lat' dir='ltr'>etiam</span> <span class='ocrx_word' id='word_1_56' title='bbox 770 531 900 571; x_wconf 84' lang='lat' dir='ltr'>servis</span> <span class='ocrx_word' id='word_1_57' title='bbox 942 545 1106 585; x_wconf 82' lang='lat' dir='ltr'>semper</span> <span class='ocrx_word' id='word_1_58' title='bbox 1145 531 1280 572; x_wconf 91' lang='lat' dir='ltr'>libera</span> <span class='ocrx_word' id='word_1_59' title='bbox 1319 532 1500 586; x_wconf 89' lang='lat' dir='ltr'>fuerunt,</span> 
     </span>
     <span class='ocr_line' id='line_1_10' title="bbox 159 589 1501 646; baseline -0.001 -14"><span class='ocrx_word' id='word_1_60' title='bbox 159 595 206 632; x_wconf 74' lang='lat' dir='ltr'>ut</span> <span class='ocrx_word' id='word_1_61' title='bbox 234 591 445 644; x_wconf 84' lang='lat' dir='ltr'>timerent,</span> <span class='ocrx_word' id='word_1_62' title='bbox 476 590 720 646; x_wconf 75' lang='lat' dir='ltr'>gauderent,</span> <span class='ocrx_word' id='word_1_63' title='bbox 754 589 944 630; x_wconf 77' lang='lat' dir='ltr'>dolerent</span> <span class='ocrx_word' id='word_1_64' title='bbox 969 604 1045 630; x_wconf 91' lang='lat' dir='ltr'>suo</span> <span class='ocrx_word' id='word_1_65' title='bbox 1070 590 1214 644; x_wconf 90' lang='lat' dir='ltr'>potius</span> <span class='ocrx_word' id='word_1_66' title='bbox 1246 604 1372 644; x_wconf 89' lang='lat' dir='ltr'>quam</span> <span class='ocrx_word' id='word_1_67' title='bbox 1403 590 1501 631; x_wconf 85' lang='lat' dir='ltr'>alte-</span> 
     </span>
     <span class='ocr_line' id='line_1_11' title="bbox 160 648 1502 704; baseline 0 -14"><span class='ocrx_word' id='word_1_68' title='bbox 160 649 249 690; x_wconf 85' lang='lat' dir='ltr'>rius</span> <span class='ocrx_word' id='word_1_69' title='bbox 281 649 477 704; x_wconf 81' lang='lat' dir='ltr'>arbitrio3</span> <span class='ocrx_word' id='word_1_70' title='bbox 516 663 622 703; x_wconf 89' lang='lat' dir='ltr'>quae</span> <span class='ocrx_word' id='word_1_71' title='bbox 653 662 776 702; x_wconf 88' lang='grc'>1111110,</span> <span class='ocrx_word' id='word_1_72' title='bbox 807 651 855 689; x_wconf 89' lang='grc'>111</span> <span class='ocrx_word' id='word_1_73' title='bbox 887 648 1058 702; x_wconf 85' lang='grc'>(1111(10111</span> <span class='ocrx_word' id='word_1_74' title='bbox 1090 649 1161 689; x_wconf 91' lang='grc'>1311</span> <span class='ocrx_word' id='word_1_75' title='bbox 1195 649 1401 703; x_wconf 77' lang='lat' dir='ltr'>dictitant,</span> <span class='ocrx_word' id='word_1_76' title='bbox 1432 648 1502 690; x_wconf 75' lang='lat' dir='ltr'>‘li-</span> 
     </span>
     <span class='ocr_line' id='line_1_12' title="bbox 161 706 1554 761; baseline 0 -12"><span class='ocrx_word' id='word_1_77' title='bbox 161 708 339 749; x_wconf 88' lang='lat' dir='ltr'>bertatis</span> <span class='ocrx_word' id='word_1_78' title='bbox 365 708 572 757; x_wconf 83' lang='lat' dir='ltr'>auctores&#39;</span> <span class='ocrx_word' id='word_1_79' title='bbox 598 710 715 748; x_wconf 89' lang='lat' dir='ltr'>metu</span> <span class='ocrx_word' id='word_1_80' title='bbox 740 707 864 748; x_wconf 90' lang='lat' dir='ltr'>nobis</span> <span class='ocrx_word' id='word_1_81' title='bbox 891 710 1142 761; x_wconf 80' lang='lat' dir='ltr'>extorquere</span> <span class='ocrx_word' id='word_1_82' title='bbox 1168 710 1383 748; x_wconf 89' lang='lat' dir='ltr'>conantur.</span> <span class='ocrx_word' id='word_1_83' title='bbox 1418 706 1502 749; x_wconf 88' lang='lat' dir='ltr'>Sed</span> <span class='ocrx_word' id='word_1_84' title='bbox 1520 720 1554 745; x_wconf 90' lang='lat'>10</span> 
     </span>
     <span class='ocr_line' id='line_1_13' title="bbox 159 766 1500 823; baseline -0.001 -15"><span class='ocrx_word' id='word_1_85' title='bbox 159 767 269 808; x_wconf 90' lang='lat' dir='ltr'>nihil</span> <span class='ocrx_word' id='word_1_86' title='bbox 313 770 465 823; x_wconf 81' lang='lat' dir='ltr'>agunt3</span> <span class='ocrx_word' id='word_1_87' title='bbox 509 766 668 807; x_wconf 92' lang='lat' dir='ltr'>nullius</span> <span class='ocrx_word' id='word_1_88' title='bbox 712 780 913 820; x_wconf 89' lang='lat' dir='ltr'>umquam</span> <span class='ocrx_word' id='word_1_89' title='bbox 956 766 1134 820; x_wconf 90' lang='lat' dir='ltr'>periculi</span> <span class='ocrx_word' id='word_1_90' title='bbox 1174 766 1408 807; x_wconf 87' lang='lat' dir='ltr'>terroribus</span> <span class='ocrx_word' id='word_1_91' title='bbox 1447 766 1500 807; x_wconf 86' lang='lat' dir='ltr'>ab</span> 
     </span>
     <span class='ocr_line' id='line_1_14' title="bbox 161 824 1501 879; baseline -0.001 -12"><span class='ocrx_word' id='word_1_92' title='bbox 161 826 303 867; x_wconf 85' lang='lat' dir='ltr'>officio</span> <span class='ocrx_word' id='word_1_93' title='bbox 342 828 414 867; x_wconf 90' lang='lat' dir='ltr'>aut</span> <span class='ocrx_word' id='word_1_94' title='bbox 452 825 504 865; x_wconf 91' lang='lat' dir='ltr'>ab</span> <span class='ocrx_word' id='word_1_95' title='bbox 543 825 807 866; x_wconf 84' lang='lat' dir='ltr'>humanitate</span> <span class='ocrx_word' id='word_1_96' title='bbox 840 824 1083 879; x_wconf 84' lang='lat' dir='ltr'>desciscam3</span> <span class='ocrx_word' id='word_1_97' title='bbox 1120 839 1352 879; x_wconf 84' lang='lat' dir='ltr'>numquam</span> <span class='ocrx_word' id='word_1_98' title='bbox 1389 824 1501 866; x_wconf 90' lang='lat' dir='ltr'>enim</span> 
     </span>
     <span class='ocr_line' id='line_1_15' title="bbox 159 883 1502 938; baseline -0.001 -13"><span class='ocrx_word' id='word_1_99' title='bbox 159 885 381 925; x_wconf 82' lang='lat' dir='ltr'>honestam</span> <span class='ocrx_word' id='word_1_100' title='bbox 412 886 595 924; x_wconf 92' lang='lat' dir='ltr'>mortem</span> <span class='ocrx_word' id='word_1_101' title='bbox 626 883 883 938; x_wconf 81' lang='lat' dir='ltr'>fugiendam,</span> <span class='ocrx_word' id='word_1_102' title='bbox 915 898 1037 938; x_wconf 87' lang='lat' dir='ltr'>saepe</span> <span class='ocrx_word' id='word_1_103' title='bbox 1069 883 1197 924; x_wconf 88' lang='lat' dir='ltr'>etiam</span> <span class='ocrx_word' id='word_1_104' title='bbox 1223 883 1502 938; x_wconf 87' lang='lat' dir='ltr'>oppetendam</span> 
     </span>
     <span class='ocr_line' id='line_1_16' title="bbox 159 941 1502 997; baseline -0.001 -13"><span class='ocrx_word' id='word_1_105' title='bbox 159 943 318 997; x_wconf 79' lang='lat' dir='ltr'>putavi.</span> <span class='ocrx_word' id='word_1_106' title='bbox 379 941 462 983; x_wconf 84' lang='lat' dir='ltr'>Sed</span> <span class='ocrx_word' id='word_1_107' title='bbox 493 942 595 996; x_wconf 89' lang='lat' dir='ltr'>quid</span> <span class='ocrx_word' id='word_1_108' title='bbox 626 942 732 983; x_wconf 90' lang='lat' dir='ltr'>mihi</span> <span class='ocrx_word' id='word_1_109' title='bbox 764 945 1018 996; x_wconf 75' lang='lat' dir='ltr'>suscensent,</span> <span class='ocrx_word' id='word_1_110' title='bbox 1051 942 1084 982; x_wconf 88' lang='lat' dir='ltr'>si</span> <span class='ocrx_word' id='word_1_111' title='bbox 1117 942 1160 983; x_wconf 90' lang='lat' dir='ltr'>id</span> <span class='ocrx_word' id='word_1_112' title='bbox 1185 945 1299 997; x_wconf 86' lang='lat' dir='ltr'>opto,</span> <span class='ocrx_word' id='word_1_113' title='bbox 1331 945 1377 983; x_wconf 87' lang='lat' dir='ltr'>ut</span> <span class='ocrx_word' id='word_1_114' title='bbox 1407 956 1502 997; x_wconf 88' lang='lat' dir='ltr'>pae-</span> 
     </span>
     <span class='ocr_line' id='line_1_17' title="bbox 159 1000 1554 1055; baseline 0 -13"><span class='ocrx_word' id='word_1_115' title='bbox 159 1002 294 1043; x_wconf 88' lang='lat' dir='ltr'>niteat</span> <span class='ocrx_word' id='word_1_116' title='bbox 325 1015 396 1042; x_wconf 92' lang='lat' dir='ltr'>eos</span> <span class='ocrx_word' id='word_1_117' title='bbox 428 1001 493 1042; x_wconf 88' lang='lat' dir='ltr'>sui</span> <span class='ocrx_word' id='word_1_118' title='bbox 524 1001 655 1042; x_wconf 84' lang='lat' dir='ltr'>facti‘?</span> <span class='ocrx_word' id='word_1_119' title='bbox 688 1000 823 1055; x_wconf 86' lang='lat' dir='ltr'>Cupio</span> <span class='ocrx_word' id='word_1_120' title='bbox 857 1001 968 1042; x_wconf 89' lang='lat' dir='ltr'>enim</span> <span class='ocrx_word' id='word_1_121' title='bbox 996 1000 1185 1042; x_wconf 81' lang='lat' dir='ltr'>Caesaris</span> <span class='ocrx_word' id='word_1_122' title='bbox 1208 1003 1389 1043; x_wconf 87' lang='lat' dir='ltr'>mortem</span> <span class='ocrx_word' id='word_1_123' title='bbox 1416 1015 1501 1042; x_wconf 88' lang='lat' dir='ltr'>om-</span> <span class='ocrx_word' id='word_1_124' title='bbox 1521 1012 1554 1037; x_wconf 89' lang='lat'>15</span> 
     </span>
     <span class='ocr_line' id='line_1_18' title="bbox 159 1060 641 1101; baseline -0.002 0"><span class='ocrx_word' id='word_1_125' title='bbox 159 1061 284 1101; x_wconf 90' lang='lat' dir='ltr'>nibus</span> <span class='ocrx_word' id='word_1_126' title='bbox 316 1074 405 1101; x_wconf 87' lang='lat' dir='ltr'>esse</span> <span class='ocrx_word' id='word_1_127' title='bbox 437 1060 641 1101; x_wconf 83' lang='lat' dir='ltr'>acerbam.</span> 
     </span>
    </p>

    <p class='ocr_par' dir='ltr' id='par_1_5' title="bbox 157 1115 1554 1935">
     <span class='ocr_line' id='line_1_19' title="bbox 247 1115 1502 1173; baseline -0.002 -13"><span class='ocrx_word' id='word_1_128' title='bbox 247 1118 307 1160; x_wconf 92' lang='lat' dir='ltr'>At</span> <span class='ocrx_word' id='word_1_129' title='bbox 340 1119 471 1160; x_wconf 90' lang='lat' dir='ltr'>debeo</span> <span class='ocrx_word' id='word_1_130' title='bbox 502 1133 580 1173; x_wconf 87' lang='lat' dir='ltr'>pro</span> <span class='ocrx_word' id='word_1_131' title='bbox 614 1118 729 1159; x_wconf 86' lang='lat' dir='ltr'>civili</span> <span class='ocrx_word' id='word_1_132' title='bbox 761 1121 880 1172; x_wconf 88' lang='lat' dir='ltr'>parte</span> <span class='ocrx_word' id='word_1_133' title='bbox 912 1132 1001 1159; x_wconf 91' lang='lat' dir='ltr'>rem</span> <span class='ocrx_word' id='word_1_134' title='bbox 1032 1134 1071 1173; x_wconf 90' lang='lat' dir='ltr'>p.</span> <span class='ocrx_word' id='word_1_135' title='bbox 1104 1117 1211 1159; x_wconf 84' lang='lat' dir='ltr'>velle</span> <span class='ocrx_word' id='word_1_136' title='bbox 1243 1118 1411 1159; x_wconf 82' lang='lat' dir='ltr'>salvam.</span> <span class='ocrx_word' id='word_1_137' title='bbox 1451 1115 1502 1158; x_wconf 85' lang='lat' dir='ltr'>Id</span> 
     </span>
     <span class='ocr_line' id='line_1_20' title="bbox 161 1176 1502 1232; baseline -0.001 -13"><span class='ocrx_word' id='word_1_138' title='bbox 161 1178 331 1232; x_wconf 87' lang='lat' dir='ltr'>quidem</span> <span class='ocrx_word' id='word_1_139' title='bbox 367 1192 435 1219; x_wconf 91' lang='lat' dir='ltr'>me</span> <span class='ocrx_word' id='word_1_140' title='bbox 473 1191 642 1231; x_wconf 86' lang='lat' dir='ltr'>cupere,</span> <span class='ocrx_word' id='word_1_141' title='bbox 680 1177 761 1217; x_wconf 89' lang='lat' dir='ltr'>nisi</span> <span class='ocrx_word' id='word_1_142' title='bbox 800 1180 841 1218; x_wconf 89' lang='lat' dir='ltr'>et</span> <span class='ocrx_word' id='word_1_143' title='bbox 879 1180 975 1218; x_wconf 89' lang='lat' dir='ltr'>ante</span> <span class='ocrx_word' id='word_1_144' title='bbox 1013 1180 1105 1218; x_wconf 87' lang='grc'>3013</span> <span class='ocrx_word' id='word_1_145' title='bbox 1136 1177 1224 1217; x_wconf 81' lang='lat' dir='ltr'>vita</span> <span class='ocrx_word' id='word_1_146' title='bbox 1261 1179 1302 1218; x_wconf 91' lang='lat' dir='ltr'>et</span> <span class='ocrx_word' id='word_1_147' title='bbox 1338 1176 1502 1230; x_wconf 87' lang='lat' dir='ltr'>reliqua</span> 
     </span>
     <span class='ocr_line' id='line_1_21' title="bbox 159 1235 1501 1291; baseline -0.001 -14"><span class='ocrx_word' id='word_1_148' title='bbox 159 1251 253 1277; x_wconf 90' lang='lat' dir='ltr'>mea</span> <span class='ocrx_word' id='word_1_149' title='bbox 285 1251 378 1291; x_wconf 85' lang='lat' dir='ltr'>spes</span> <span class='ocrx_word' id='word_1_150' title='bbox 409 1239 574 1277; x_wconf 87' lang='lat' dir='ltr'>tacente</span> <span class='ocrx_word' id='word_1_151' title='bbox 605 1250 672 1276; x_wconf 92' lang='lat' dir='ltr'>me</span> <span class='ocrx_word' id='word_1_152' title='bbox 703 1235 874 1290; x_wconf 89' lang='lat' dir='ltr'>probat,</span> <span class='ocrx_word' id='word_1_153' title='bbox 908 1236 1083 1276; x_wconf 87' lang='lat' dir='ltr'>dicendo</span> <span class='ocrx_word' id='word_1_154' title='bbox 1114 1236 1281 1277; x_wconf 82' lang='lat' dir='ltr'>vincere</span> <span class='ocrx_word' id='word_1_155' title='bbox 1312 1249 1398 1276; x_wconf 92' lang='lat' dir='ltr'>non</span> <span class='ocrx_word' id='word_1_156' title='bbox 1429 1248 1501 1289; x_wconf 88' lang='lat' dir='ltr'>po—</span> 
     </span>
     <span class='ocr_line' id='line_1_22' title="bbox 160 1293 1554 1349; baseline -0.001 -13"><span class='ocrx_word' id='word_1_157' title='bbox 160 1295 283 1336; x_wconf 90' lang='lat' dir='ltr'>stulo.</span> <span class='ocrx_word' id='word_1_158' title='bbox 346 1294 483 1343; x_wconf 84' lang='lat' dir='ltr'>Quare</span> <span class='ocrx_word' id='word_1_159' title='bbox 525 1295 730 1335; x_wconf 88' lang='lat' dir='ltr'>maiorem</span> <span class='ocrx_word' id='word_1_160' title='bbox 767 1294 811 1334; x_wconf 89' lang='lat' dir='ltr'>in</span> <span class='ocrx_word' id='word_1_161' title='bbox 853 1293 1027 1334; x_wconf 90' lang='lat' dir='ltr'>modum</span> <span class='ocrx_word' id='word_1_162' title='bbox 1070 1297 1111 1335; x_wconf 91' lang='lat' dir='ltr'>te</span> <span class='ocrx_word' id='word_1_163' title='bbox 1155 1308 1277 1349; x_wconf 83' lang='lat' dir='ltr'>rogo,</span> <span class='ocrx_word' id='word_1_164' title='bbox 1320 1296 1368 1334; x_wconf 90' lang='lat' dir='ltr'>ut</span> <span class='ocrx_word' id='word_1_165' title='bbox 1411 1307 1500 1334; x_wconf 86' lang='lat' dir='ltr'>rem</span> <span class='ocrx_word' id='word_1_166' title='bbox 1520 1305 1554 1331; x_wconf 82' lang='lat'>20</span> 
     </span>
     <span class='ocr_line' id='line_1_23' title="bbox 158 1351 1500 1408; baseline -0.001 -14"><span class='ocrx_word' id='word_1_167' title='bbox 158 1354 372 1408; x_wconf 88' lang='lat' dir='ltr'>potiorem</span> <span class='ocrx_word' id='word_1_168' title='bbox 413 1353 603 1394; x_wconf 89' lang='lat' dir='ltr'>oratione</span> <span class='ocrx_word' id='word_1_169' title='bbox 645 1353 769 1393; x_wconf 87' lang='lat' dir='ltr'>ducas</span> <span class='ocrx_word' id='word_1_170' title='bbox 809 1352 1019 1406; x_wconf 85' lang='lat' dir='ltr'>mihique,</span> <span class='ocrx_word' id='word_1_171' title='bbox 1060 1353 1096 1393; x_wconf 92' lang='lat' dir='ltr'>si</span> <span class='ocrx_word' id='word_1_172' title='bbox 1136 1353 1266 1393; x_wconf 90' lang='lat' dir='ltr'>sentis</span> <span class='ocrx_word' id='word_1_173' title='bbox 1303 1351 1500 1406; x_wconf 79' lang='lat' dir='ltr'>expedire</span> 
     </span>
     <span class='ocr_line' id='line_1_24' title="bbox 160 1410 1500 1465; baseline -0.001 -13"><span class='ocrx_word' id='word_1_174' title='bbox 160 1414 272 1453; x_wconf 89' lang='lat' dir='ltr'>recte</span> <span class='ocrx_word' id='word_1_175' title='bbox 303 1412 407 1465; x_wconf 89' lang='lat' dir='ltr'>fieri,</span> <span class='ocrx_word' id='word_1_176' title='bbox 440 1411 583 1452; x_wconf 87' lang='lat' dir='ltr'>credas</span> <span class='ocrx_word' id='word_1_177' title='bbox 614 1411 774 1451; x_wconf 89' lang='lat' dir='ltr'>nullam</span> <span class='ocrx_word' id='word_1_178' title='bbox 801 1411 1140 1452; x_wconf 90' lang='lat' dir='ltr'>communionem</span> <span class='ocrx_word' id='word_1_179' title='bbox 1166 1425 1261 1451; x_wconf 88' lang='lat' dir='ltr'>cum</span> <span class='ocrx_word' id='word_1_180' title='bbox 1293 1410 1500 1464; x_wconf 83' lang='lat' dir='ltr'>improbis</span> 
     </span>
     <span class='ocr_line' id='line_1_25' title="bbox 160 1469 1500 1525; baseline -0.001 -14"><span class='ocrx_word' id='word_1_181' title='bbox 160 1485 249 1511; x_wconf 90' lang='lat' dir='ltr'>esse</span> <span class='ocrx_word' id='word_1_182' title='bbox 279 1484 412 1524; x_wconf 90' lang='lat' dir='ltr'>posse.</span> <span class='ocrx_word' id='word_1_183' title='bbox 473 1469 554 1524; x_wconf 87' lang='lat' dir='ltr'>An,</span> <span class='ocrx_word' id='word_1_184' title='bbox 586 1469 699 1523; x_wconf 88' lang='lat' dir='ltr'>quod</span> <span class='ocrx_word' id='word_1_185' title='bbox 731 1469 972 1525; x_wconf 79' lang='lat' dir='ltr'>adulescens</span> <span class='ocrx_word' id='word_1_186' title='bbox 1003 1470 1214 1524; x_wconf 86' lang='lat' dir='ltr'>praestiti,</span> <span class='ocrx_word' id='word_1_187' title='bbox 1246 1483 1341 1510; x_wconf 91' lang='lat' dir='ltr'>cum</span> <span class='ocrx_word' id='word_1_188' title='bbox 1372 1469 1500 1509; x_wconf 88' lang='lat' dir='ltr'>etiam</span> 
     </span>
     <span class='ocr_line' id='line_1_26' title="bbox 160 1528 1500 1582; baseline -0.001 -13"><span class='ocrx_word' id='word_1_189' title='bbox 160 1544 298 1570; x_wconf 88' lang='lat' dir='ltr'>errare</span> <span class='ocrx_word' id='word_1_190' title='bbox 337 1543 431 1569; x_wconf 89' lang='lat' dir='ltr'>cum</span> <span class='ocrx_word' id='word_1_191' title='bbox 469 1529 737 1569; x_wconf 77' lang='lat' dir='ltr'>excusatione</span> <span class='ocrx_word' id='word_1_192' title='bbox 773 1542 957 1582; x_wconf 82' lang='lat' dir='ltr'>possem,</span> <span class='ocrx_word' id='word_1_193' title='bbox 995 1528 1039 1568; x_wconf 92' lang='lat' dir='ltr'>id</span> <span class='ocrx_word' id='word_1_194' title='bbox 1074 1542 1186 1568; x_wconf 84' lang='lat' dir='ltr'>nunc</span> <span class='ocrx_word' id='word_1_195' title='bbox 1217 1530 1353 1568; x_wconf 88' lang='lat' dir='ltr'>aetate</span> <span class='ocrx_word' id='word_1_196' title='bbox 1383 1541 1500 1582; x_wconf 89' lang='lat' dir='ltr'>prae-</span> 
     </span>
     <span class='ocr_line' id='line_1_27' title="bbox 160 1585 1553 1641; baseline -0.003 -13"><span class='ocrx_word' id='word_1_197' title='bbox 160 1588 333 1641; x_wconf 84' lang='lat' dir='ltr'>cipitata</span> <span class='ocrx_word' id='word_1_198' title='bbox 360 1590 616 1628; x_wconf 89' lang='lat' dir='ltr'>commutem</span> <span class='ocrx_word' id='word_1_199' title='bbox 642 1601 689 1627; x_wconf 91' lang='lat' dir='ltr'>ac</span> <span class='ocrx_word' id='word_1_200' title='bbox 719 1601 785 1627; x_wconf 91' lang='lat' dir='ltr'>me</span> <span class='ocrx_word' id='word_1_201' title='bbox 818 1587 906 1641; x_wconf 88' lang='lat' dir='ltr'>ipse</span> <span class='ocrx_word' id='word_1_202' title='bbox 939 1587 1157 1627; x_wconf 77' lang='lat' dir='ltr'>retexam?</span> <span class='ocrx_word' id='word_1_203' title='bbox 1217 1585 1317 1628; x_wconf 91' lang='lat' dir='ltr'>Non</span> <span class='ocrx_word' id='word_1_204' title='bbox 1349 1586 1500 1626; x_wconf 88' lang='lat' dir='ltr'>faciam</span> <span class='ocrx_word' id='word_1_205' title='bbox 1519 1597 1553 1623; x_wconf 84' lang='lat'>25</span> 
     </span>
     <span class='ocr_line' id='line_1_28' title="bbox 159 1643 1500 1717; baseline -0.001 -30"><span class='ocrx_word' id='word_1_206' title='bbox 159 1661 306 1700; x_wconf 91' lang='lat' dir='ltr'>neque,</span> <span class='ocrx_word' id='word_1_207' title='bbox 339 1646 453 1717; x_wconf 80' lang='lat' dir='ltr'>quod</span> <span class='ocrx_word' id='word_1_208' title='bbox 485 1646 719 1700; x_wconf 85' lang='lat' dir='ltr'>displiceat,</span> <span class='ocrx_word' id='word_1_209' title='bbox 753 1645 1028 1710; x_wconf 86' lang='lat' dir='ltr'>committam,</span> <span class='ocrx_word' id='word_1_210' title='bbox 1058 1647 1354 1700; x_wconf 75' lang='lat' dir='ltr'>praeterquam</span> <span class='ocrx_word' id='word_1_211' title='bbox 1387 1643 1500 1698; x_wconf 89' lang='lat' dir='ltr'>quod</span> 
     </span>
     <span class='ocr_line' id='line_1_29' title="bbox 158 1703 1499 1758; baseline -0.001 -13"><span class='ocrx_word' id='word_1_212' title='bbox 158 1705 344 1746; x_wconf 89' lang='lat' dir='ltr'>hominis</span> <span class='ocrx_word' id='word_1_213' title='bbox 381 1704 487 1745; x_wconf 88' lang='lat' dir='ltr'>mihi</span> <span class='ocrx_word' id='word_1_214' title='bbox 526 1704 860 1745; x_wconf 89' lang='lat' dir='ltr'>coniunctissimi</span> <span class='ocrx_word' id='word_1_215' title='bbox 898 1718 945 1745; x_wconf 88' lang='lat' dir='ltr'>ac</span> <span class='ocrx_word' id='word_1_216' title='bbox 975 1704 1058 1744; x_wconf 74' lang='lat' dir='ltr'>viri</span> <span class='ocrx_word' id='word_1_217' title='bbox 1095 1703 1345 1758; x_wconf 86' lang='lat' dir='ltr'>amplissimi</span> <span class='ocrx_word' id='word_1_218' title='bbox 1378 1703 1499 1744; x_wconf 90' lang='lat' dir='ltr'>doleo</span> 
     </span>
     <span class='ocr_line' id='line_1_30' title="bbox 158 1762 1500 1820; baseline -0.002 -16"><span class='ocrx_word' id='word_1_219' title='bbox 158 1778 331 1820; x_wconf 73' lang='lat' dir='ltr'>gravem</span> <span class='ocrx_word' id='word_1_220' title='bbox 372 1777 524 1804; x_wconf 89' lang='lat' dir='ltr'>casum.</span> <span class='ocrx_word' id='word_1_221' title='bbox 587 1762 746 1812; x_wconf 87' lang='lat' dir='ltr'>Quodsi</span> <span class='ocrx_word' id='word_1_222' title='bbox 783 1762 907 1803; x_wconf 87' lang='lat' dir='ltr'>aliter</span> <span class='ocrx_word' id='word_1_223' title='bbox 944 1776 1077 1804; x_wconf 91' lang='lat' dir='ltr'>essem</span> <span class='ocrx_word' id='word_1_224' title='bbox 1115 1763 1500 1816; x_wconf 86' lang='grc'>311111131113,1111111-</span> 
     </span>
     <span class='ocr_line' id='line_1_31' title="bbox 159 1819 1500 1877; baseline -0.002 -14"><span class='ocrx_word' id='word_1_225' title='bbox 159 1837 297 1876; x_wconf 89' lang='lat' dir='ltr'>quam,</span> <span class='ocrx_word' id='word_1_226' title='bbox 330 1822 443 1876; x_wconf 90' lang='lat' dir='ltr'>quod</span> <span class='ocrx_word' id='word_1_227' title='bbox 474 1822 672 1875; x_wconf 88' lang='lat' dir='ltr'>facerem,</span> <span class='ocrx_word' id='word_1_228' title='bbox 703 1835 920 1877; x_wconf 85' lang='lat' dir='ltr'>negarem,</span> <span class='ocrx_word' id='word_1_229' title='bbox 951 1835 1003 1862; x_wconf 92' lang='lat' dir='ltr'>ne</span> <span class='ocrx_word' id='word_1_230' title='bbox 1036 1824 1077 1862; x_wconf 87' lang='lat' dir='ltr'>et</span> <span class='ocrx_word' id='word_1_231' title='bbox 1107 1821 1151 1861; x_wconf 93' lang='lat' dir='ltr'>in</span> <span class='ocrx_word' id='word_1_232' title='bbox 1182 1819 1392 1875; x_wconf 88' lang='lat' dir='ltr'>peccando</span> <span class='ocrx_word' id='word_1_233' title='bbox 1425 1819 1500 1860; x_wconf 89' lang='lat' dir='ltr'>im-</span> 
     </span>
     <span class='ocr_line' id='line_1_32' title="bbox 157 1879 1552 1935; baseline -0.003 -14"><span class='ocrx_word' id='word_1_234' title='bbox 157 1881 318 1935; x_wconf 91' lang='lat' dir='ltr'>probus</span> <span class='ocrx_word' id='word_1_235' title='bbox 343 1883 384 1921; x_wconf 92' lang='lat' dir='ltr'>et</span> <span class='ocrx_word' id='word_1_236' title='bbox 410 1881 454 1921; x_wconf 91' lang='lat' dir='ltr'>in</span> <span class='ocrx_word' id='word_1_237' title='bbox 481 1880 784 1921; x_wconf 87' lang='lat' dir='ltr'>dissimulando</span> <span class='ocrx_word' id='word_1_238' title='bbox 809 1879 984 1921; x_wconf 90' lang='lat' dir='ltr'>timidus</span> <span class='ocrx_word' id='word_1_239' title='bbox 1007 1894 1053 1920; x_wconf 88' lang='lat' dir='ltr'>ac</span> <span class='ocrx_word' id='word_1_240' title='bbox 1073 1893 1204 1920; x_wconf 78' lang='lat' dir='ltr'>vanus</span> <span class='ocrx_word' id='word_1_241' title='bbox 1224 1879 1497 1920; x_wconf 83' lang='lat' dir='ltr'>existimarer.</span> <span class='ocrx_word' id='word_1_242' title='bbox 1517 1890 1552 1915; x_wconf 77' lang='lat'>30</span> 
     </span>
    </p>

    <p class='ocr_par' dir='ltr' id='par_1_6' title="bbox 157 1937 1552 2346">
     <span class='ocr_line' id='line_1_33' title="bbox 245 1937 1499 1994; baseline -0.003 -13"><span class='ocrx_word' id='word_1_243' title='bbox 245 1939 304 1981; x_wconf 90' lang='lat' dir='ltr'>At</span> <span class='ocrx_word' id='word_1_244' title='bbox 334 1939 469 1994; x_wconf 86' lang='lat' dir='ltr'>ludos,</span> <span class='ocrx_word' id='word_1_245' title='bbox 501 1954 606 1994; x_wconf 90' lang='lat' dir='ltr'>quos</span> <span class='ocrx_word' id='word_1_246' title='bbox 633 1938 822 1980; x_wconf 84' lang='lat' dir='ltr'>Caesaris</span> <span class='ocrx_word' id='word_1_247' title='bbox 847 1938 1049 1979; x_wconf 84' lang='lat' dir='ltr'>victoriae</span> <span class='ocrx_word' id='word_1_248' title='bbox 1076 1937 1228 1979; x_wconf 86' lang='lat' dir='ltr'>Caesar</span> <span class='ocrx_word' id='word_1_249' title='bbox 1258 1937 1499 1978; x_wconf 87' lang='lat' dir='ltr'>adulescens</span> 
     </span>
     <span class='ocr_line' id='line_1_34' title="bbox 158 1994 1499 2053; baseline -0.003 -14"><span class='ocrx_word' id='word_1_250' title='bbox 158 1998 269 2053; x_wconf 85' lang='lat' dir='ltr'>fecit,</span> <span class='ocrx_word' id='word_1_251' title='bbox 303 1999 456 2039; x_wconf 83' lang='lat' dir='ltr'>curavi.</span> <span class='ocrx_word' id='word_1_252' title='bbox 518 1997 577 2039; x_wconf 90' lang='lat' dir='ltr'>At</span> <span class='ocrx_word' id='word_1_253' title='bbox 602 1998 647 2039; x_wconf 93' lang='lat' dir='ltr'>id</span> <span class='ocrx_word' id='word_1_254' title='bbox 671 1998 724 2038; x_wconf 92' lang='lat' dir='ltr'>ad</span> <span class='ocrx_word' id='word_1_255' title='bbox 754 1997 969 2052; x_wconf 82' lang='lat' dir='ltr'>privatum</span> <span class='ocrx_word' id='word_1_256' title='bbox 995 1997 1195 2050; x_wconf 87' lang='lat' dir='ltr'>officium,</span> <span class='ocrx_word' id='word_1_257' title='bbox 1226 2010 1311 2037; x_wconf 90' lang='lat' dir='ltr'>non</span> <span class='ocrx_word' id='word_1_258' title='bbox 1337 1994 1390 2036; x_wconf 89' lang='lat' dir='ltr'>ad</span> <span class='ocrx_word' id='word_1_259' title='bbox 1419 1997 1499 2036; x_wconf 87' lang='lat' dir='ltr'>sta-</span> 
     </span>
     <span class='ocr_line' id='line_1_35' title="bbox 158 2053 1499 2111; baseline -0.003 -14"><span class='ocrx_word' id='word_1_260' title='bbox 158 2060 249 2097; x_wconf 91' lang='lat' dir='ltr'>tum</span> <span class='ocrx_word' id='word_1_261' title='bbox 288 2057 348 2097; x_wconf 90' lang='lat' dir='ltr'>rei</span> <span class='ocrx_word' id='word_1_262' title='bbox 385 2072 423 2111; x_wconf 88' lang='lat' dir='ltr'>p.</span> <span class='ocrx_word' id='word_1_263' title='bbox 462 2057 663 2111; x_wconf 80' lang='lat' dir='ltr'>pertinet3</span> <span class='ocrx_word' id='word_1_264' title='bbox 705 2056 819 2110; x_wconf 89' lang='lat' dir='ltr'>quod</span> <span class='ocrx_word' id='word_1_265' title='bbox 858 2058 1000 2096; x_wconf 88' lang='lat' dir='ltr'>tamen</span> <span class='ocrx_word' id='word_1_266' title='bbox 1040 2069 1193 2096; x_wconf 91' lang='lat' dir='ltr'>munus</span> <span class='ocrx_word' id='word_1_267' title='bbox 1232 2057 1275 2095; x_wconf 85' lang='lat' dir='ltr'>et</span> <span class='ocrx_word' id='word_1_268' title='bbox 1313 2053 1499 2094; x_wconf 80' lang='lat' dir='ltr'>hominis</span> 
     </span>
     <span class='ocr_line' id='line_1_36' title="bbox 158 2112 1499 2169; baseline -0.003 -13"><span class='ocrx_word' id='word_1_269' title='bbox 158 2115 403 2156; x_wconf 88' lang='lat' dir='ltr'>amicissimi</span> <span class='ocrx_word' id='word_1_270' title='bbox 438 2116 667 2156; x_wconf 82' lang='lat' dir='ltr'>memoriae</span> <span class='ocrx_word' id='word_1_271' title='bbox 699 2117 825 2169; x_wconf 88' lang='lat' dir='ltr'>atque</span> <span class='ocrx_word' id='word_1_272' title='bbox 856 2114 1091 2155; x_wconf 87' lang='lat' dir='ltr'>honoribus</span> <span class='ocrx_word' id='word_1_273' title='bbox 1127 2115 1339 2168; x_wconf 86' lang='lat' dir='ltr'>praestare</span> <span class='ocrx_word' id='word_1_274' title='bbox 1371 2112 1499 2153; x_wconf 85' lang='lat' dir='ltr'>etiam</span> 
     </span>
     <span class='ocr_line' id='line_1_37' title="bbox 157 2170 1552 2228; baseline -0.004 -13"><span class='ocrx_word' id='word_1_275' title='bbox 157 2175 314 2215; x_wconf 86' lang='lat' dir='ltr'>mortui</span> <span class='ocrx_word' id='word_1_276' title='bbox 349 2174 475 2215; x_wconf 87' lang='lat' dir='ltr'>debui</span> <span class='ocrx_word' id='word_1_277' title='bbox 501 2177 542 2215; x_wconf 91' lang='lat' dir='ltr'>et</span> <span class='ocrx_word' id='word_1_278' title='bbox 569 2174 752 2228; x_wconf 91' lang='lat' dir='ltr'>optimae</span> <span class='ocrx_word' id='word_1_279' title='bbox 779 2172 868 2228; x_wconf 91' lang='lat' dir='ltr'>spei</span> <span class='ocrx_word' id='word_1_280' title='bbox 893 2172 1151 2214; x_wconf 89' lang='lat' dir='ltr'>adulescenti</span> <span class='ocrx_word' id='word_1_281' title='bbox 1176 2185 1224 2212; x_wconf 91' lang='lat' dir='ltr'>ac</span> <span class='ocrx_word' id='word_1_282' title='bbox 1250 2170 1498 2226; x_wconf 86' lang='lat' dir='ltr'>dignissimo</span> <span class='ocrx_word' id='word_1_283' title='bbox 1517 2180 1552 2207; x_wconf 76' lang='lat'>3⁵</span> 
     </span>
     <span class='ocr_line' id='line_1_38' title="bbox 112 2228 1498 2289; baseline -0.002 -16.892"><span class='ocrx_word' id='word_1_284' title='bbox 112 2232 334 2274; x_wconf 85' lang='grc'>70303310</span> <span class='ocrx_word' id='word_1_285' title='bbox 364 2233 527 2287; x_wconf 88' lang='lat' dir='ltr'>petenti</span> <span class='ocrx_word' id='word_1_286' title='bbox 553 2246 706 2289; x_wconf 80' lang='lat' dir='ltr'>negaie</span> <span class='ocrx_word' id='word_1_287' title='bbox 731 2245 818 2273; x_wconf 91' lang='lat' dir='ltr'>non</span> <span class='ocrx_word' id='word_1_288' title='bbox 848 2231 980 2286; x_wconf 91' lang='lat' dir='ltr'>potui</span> <span class='ocrx_word' id='word_1_289' title='bbox 1030 2230 1141 2272; x_wconf 93' lang='lat' dir='ltr'>Veni</span> <span class='ocrx_word' id='word_1_290' title='bbox 1161 2229 1288 2271; x_wconf 92' lang='lat' dir='ltr'>etiam</span> <span class='ocrx_word' id='word_1_291' title='bbox 1315 2228 1498 2270; x_wconf 87' lang='lat' dir='ltr'>consulis</span> 
     </span>
     <span class='ocr_line' id='line_1_39' title="bbox 157 2286 1499 2346; baseline -0.001 -16"><span class='ocrx_word' id='word_1_292' title='bbox 157 2289 319 2332; x_wconf 85' lang='lat' dir='ltr'>Antoni</span> <span class='ocrx_word' id='word_1_293' title='bbox 359 2292 530 2333; x_wconf 90' lang='lat' dir='ltr'>domum</span> <span class='ocrx_word' id='word_1_294' title='bbox 569 2305 691 2346; x_wconf 88' lang='lat' dir='ltr'>saepe</span> <span class='ocrx_word' id='word_1_295' title='bbox 729 2289 939 2332; x_wconf 88' lang='lat' dir='ltr'>salutandi</span> <span class='ocrx_word' id='word_1_296' title='bbox 978 2303 1118 2344; x_wconf 80' lang='lat' dir='ltr'>causa3</span> <span class='ocrx_word' id='word_1_297' title='bbox 1159 2288 1210 2330; x_wconf 89' lang='lat' dir='ltr'>ad</span> <span class='ocrx_word' id='word_1_298' title='bbox 1242 2302 1385 2343; x_wconf 85' lang='lat' dir='ltr'>quem,</span> <span class='ocrx_word' id='word_1_299' title='bbox 1425 2286 1499 2342; x_wconf 89' lang='lat' dir='ltr'>qui</span> 
     </span>
    </p>
   </div>
  </div>
 </body>
</html>
