1659 2552
152 491 168 521 1

200 90 284 131 378
703 91 1045 127 EPISTULARUM

833 233 905 276 XI.

551 314 625 350 Ser.
654 314 791 349 Romae
812 315 926 359 paulo
954 320 1036 360 post
1061 327 1115 360 ep.
1143 316 1190 350 X.

665 395 834 430 CICERO
862 396 1022 431 BRUTO
1051 396 1084 432 S.

287 478 395 528 Quia
426 494 592 533 semper
623 480 903 521 animadverti
935 481 1122 522 studiose
1156 483 1196 521 te
1229 494 1400 535 operam
1434 481 1543 535 dare,

197 541 244 579 ut
275 553 327 579 ne
360 539 462 593 quid
493 553 685 579 meorum
717 539 797 579 tibi
824 542 933 580 esset
964 539 1171 595 ignotum,
1202 542 1428 594 propterea
1458 554 1543 581 non
1580 551 1596 576 ⁵

197 597 359 652 dubito,
392 597 494 651 quin
527 598 644 652 scias,
674 612 761 638 non
787 598 924 639 solum
951 598 1068 639 cuius
1094 598 1315 652 municipii
1348 599 1439 653 sim,
1472 599 1543 640 sed

197 656 325 697 etiam
364 671 490 710 quam
530 656 756 712 diligenter
797 657 954 698 soleam
992 671 1109 698 meos
1146 657 1382 711 municipes
1419 657 1543 712 Arpi-

197 715 307 755 natis
340 715 461 755 tueri.
525 714 716 766 Quorum
749 716 919 770 quidem
953 716 1094 757 omnia
1129 717 1350 757 commoda
1382 730 1543 757 omnes-

198 788 278 827 que
311 774 544 828 facultates⁷
578 774 732 828 quibus
764 777 806 815 et
838 789 955 815 sacra
981 776 1185 816 conficere
1217 777 1259 815 et
1289 777 1402 816 sarta
1432 777 1545 816 tecta

197 832 363 873 aedium
403 847 616 874 sacrarum
656 834 931 898 locorumque
973 833 1262 874 communium
1302 834 1413 875 tueri
1449 848 1543 888 pos-
1564 847 1596 870 10

197 891 302 945 sint,
347 892 584 932 consistunt
628 892 671 932 in
716 892 768 932 iis
808 892 1110 948 vectigalibus,
1154 907 1260 946 quae
1299 893 1459 933 habent
1499 893 1543 933 in

196 949 416 1004 provincia
451 950 598 991 Gallia.
661 950 729 991 Ad
761 966 809 991 ea
840 951 1013 992 visenda
1043 951 1342 1006 pecuniasque⁷
1382 965 1488 1005 quae
1521 966 1544 992 a

198 1009 359 1049 colonis
399 1009 623 1063 debentur,
669 1010 896 1065 exigendas
934 1013 1152 1064 totamque
1190 1024 1280 1051 rem
1317 1013 1358 1051 et
1391 1024 1544 1066 cogno-

197 1068 393 1108 scendam
431 1070 473 1108 et
510 1043 888 1110 administrandam
928 1069 1092 1125 legatos
1129 1069 1291 1123 equites
1327 1069 1544 1110 Romanos

197 1126 402 1181 misimus,
435 1125 481 1175 Q.
514 1126 729 1168 Fufidium
761 1127 807 1176 Q.
840 1128 879 1182 f.,
911 1127 966 1168 M.
993 1127 1197 1168 Faucium
1228 1127 1284 1168 M.
1310 1128 1350 1181 f.,
1383 1127 1429 1176 Q.
1456 1127 1543 1168 Ma-
1564 1138 1596 1163 1⁵

197 1185 403 1226 mercium
441 1185 487 1234 Q.
520 1186 546 1226 f.
614 1185 719 1227 Peto
763 1201 787 1226 a
830 1189 871 1227 te
915 1187 959 1227 in
1002 1187 1206 1227 maiorem
1249 1187 1422 1227 modum
1465 1201 1542 1241 pro

198 1246 344 1284 nostra
379 1245 706 1299 necessitudine,
745 1249 792 1286 ut
823 1245 903 1286 tibi
936 1260 984 1286 ea
1015 1260 1081 1286 res
1113 1259 1236 1286 curae
1268 1246 1323 1286 sit
1356 1259 1544 1299 operam—

199 1317 279 1356 que
324 1303 415 1357 des,
465 1306 513 1343 ut
555 1318 631 1357 per
673 1306 715 1344 te
759 1318 885 1358 quam
935 1304 1274 1345 commodissime
1323 1304 1544 1359 negotium

197 1362 420 1415 municipii
458 1362 779 1403 administretur
816 1377 942 1416 quam
983 1363 1252 1416 primumque
1284 1363 1543 1415 conficiatur,

198 1420 408 1474 ipsosque,
441 1434 622 1474 quorum
648 1421 821 1461 nomina
847 1421 1007 1475 scripsi,
1039 1423 1086 1461 ut
1112 1436 1238 1475 quam
1263 1421 1543 1462 honorificen-
1562 1432 1595 1456 20

199 1478 361 1519 tissime
398 1493 476 1532 pro
514 1482 588 1520 tua
624 1482 775 1519 natura
813 1482 855 1520 et
892 1494 1019 1533 quam
1049 1479 1345 1520 liberalissime
1377 1482 1542 1521 tractes.

199 1536 342 1577 Bonos
373 1538 488 1578 viros
519 1537 572 1577 ad
602 1539 720 1578 tuam
750 1538 1104 1579 necessitudinem
1135 1538 1377 1579 adiunxeris
1408 1538 1544 1579 muni-

200 1596 442 1650 cipiumque
473 1596 764 1651 gratissimum
796 1597 1000 1638 beneficio
1036 1600 1110 1637 tuo
1144 1597 1400 1652 devinxeris,
1437 1597 1544 1638 mihi

199 1669 299 1695 vero
341 1655 469 1695 etiam
512 1655 676 1709 gratius
720 1655 888 1709 feceris,
933 1655 1047 1710 quod
1091 1670 1186 1696 cum
1229 1670 1394 1710 semper
1433 1656 1543 1697 tueri

199 1713 435 1767 municipes
465 1728 582 1754 meos
607 1714 822 1768 consuevi,
854 1717 946 1755 tum
977 1714 1047 1755 hic
1079 1729 1212 1755 annus
1242 1715 1466 1769 praecipue
1492 1715 1545 1755 ad
1565 1725 1597 1749 εἴ»

198 1786 336 1813 meam
369 1787 512 1813 curam
545 1773 818 1827 officiumque
854 1773 1049 1828 pertinet.
1110 1773 1222 1814 Nam
1260 1773 1544 1814 constituendi

199 1831 422 1885 municipii
460 1845 584 1872 causa
619 1831 702 1872 hoc
739 1846 849 1872 anno
887 1832 1065 1873 aedilem
1102 1832 1239 1873 filium
1279 1847 1420 1873 meum
1452 1832 1545 1872 fieri

199 1889 317 1930 volui
349 1893 391 1930 et
422 1890 566 1930 fratris
603 1890 740 1931 filium
779 1893 820 1931 et
850 1890 906 1931 M.
941 1889 1152 1945 Caesium,
1190 1891 1406 1931 hominem
1438 1890 1543 1931 mihi

198 1949 382 1989 maxime
422 1949 726 2004 necessarium3
770 1948 805 1989 is
846 1949 958 1990 enim
998 1949 1273 2005 magistratus
1313 1949 1357 1990 in
1397 1951 1543 1990 nostro

198 2007 432 2061 municipio
476 2021 554 2048 nec
597 2007 704 2048 alius
749 2008 860 2048 ullus
905 2008 1037 2048 creari
1081 2008 1198 2049 solet.
1262 2007 1376 2056 Quos
1420 2007 1544 2048 coho-
1564 2019 1597 2043 30

197 2067 378 2106 nestaris
411 2066 454 2106 in
486 2066 719 2120 primisque
751 2081 829 2119 me,
865 2067 900 2107 si
932 2081 998 2107 res
1029 2082 1067 2121 p.
1100 2066 1321 2120 municipii
1353 2069 1427 2107 tuo
1460 2069 1544 2107 stu-

199 2124 281 2179 dio,
315 2125 537 2179 diligentia
567 2125 673 2165 bene
706 2125 1000 2165 administrata
1032 2125 1123 2166 erit.
1174 2125 1296 2174 Quod
1327 2127 1373 2165 ut
1406 2125 1545 2178 facias,

199 2185 240 2223 te
273 2183 544 2224 vehementer
576 2184 704 2224 etiam
737 2186 863 2238 atque
896 2184 1023 2224 etiam
1055 2198 1171 2240 rogo.
