1659 2552
623 104 765 138 LIBER
790 104 823 138 X
848 108 903 148 33,
930 107 985 139 34.
1397 105 1482 146 299

144 199 441 240 descensurum
478 199 531 240 ad
568 202 755 240 extrema
792 203 834 241 et
871 214 956 241 non
996 199 1122 240 modo
1163 200 1371 253 nationes,
1412 200 1485 241 sed

143 258 273 299 etiam
299 258 471 299 servitia
497 259 824 313 concitaturum3
855 257 1051 299 Parmam
1079 258 1303 313 direptam3
1334 259 1378 299 L.
1400 258 1484 299 An-

143 317 310 358 tonium
347 316 478 371 Alpes
516 331 751 372 occupasse.
812 317 927 366 Quae
965 317 1000 358 si
1037 331 1136 358 vera
1173 320 1288 370 sunt,
1325 318 1482 357 nemini

143 378 337 416 nostrum
370 376 616 417 cessandum
647 379 710 417 est
741 390 817 417 nec
843 375 1182 430 exspectandum,
1214 375 1316 429 quid
1348 375 1484 416 decer—

109 446 125 470 5
144 437 217 475 nat
248 437 434 489 senatus3
473 449 538 475 res
576 435 688 475 enim
726 435 840 490 cogit
877 435 976 476 huic
1013 437 1132 476 tanto
1170 434 1363 475 incendio
1396 448 1485 474 suc-

145 507 312 534 currere
345 493 498 547 omnis,
537 494 609 547 qui
647 496 720 534 aut
757 494 982 547 imperium
1014 495 1087 534 aut
1117 507 1272 534 nomen
1305 493 1484 546 denique

143 552 292 606 populi
323 551 372 592 R.
405 552 568 592 salvum
599 552 749 593 volunt
780 566 880 593 esse.
940 551 1122 593 Brutum
1154 552 1267 592 enim
1299 551 1486 592 cohortis

143 621 242 651 XVII
282 613 323 651 et
365 610 466 651 duas
506 625 592 651 non
634 611 868 664 frequentis
907 611 1095 652 tironum
1134 611 1341 665 legiones,
1382 624 1485 664 quas

144 669 450 723 conscripserat
487 669 720 723 Antonius,
760 669 915 710 habere
956 670 1092 710 audio.
1153 668 1303 723 Neque
1343 670 1485 709 tamen

91 740 126 765 10
147 727 316 782 dubito,
358 728 461 782 quin
499 742 660 781 omnes,
702 728 774 781 qui
813 728 1025 782 supersint
1057 728 1106 769 de
1137 727 1253 768 Hirti
1286 727 1485 781 exercitu⁷

144 787 359 827 confluant
396 786 450 827 ad
485 801 591 827 eum.
653 786 764 828 Nam
802 787 846 827 in
878 786 1033 836 dilectu
1064 801 1151 827 non
1181 786 1364 827 multum
1396 786 1484 839 spei

143 848 248 899 puto
281 859 386 899 esse,
417 845 665 898 praesertim
698 859 792 885 cum
823 845 932 885 nihil
964 845 1018 885 sit
1049 845 1326 898 periculosius
1358 859 1484 898 quam

145 904 330 958 spatium
367 904 644 944 confirmandi
683 918 770 944 sese
802 903 990 944 Antonio
1031 904 1130 944 dari.
1191 902 1306 944 Anni
1344 906 1484 944 autem

144 963 311 1016 tempus
348 962 590 1003 libertatem
627 962 831 1003 maiorem
867 962 973 1002 mihi
1007 962 1094 1015 dat,
1130 964 1355 1016 propterea
1386 962 1485 1015 quia

92 1031 125 1057 15
144 1021 357 1062 frumenta
388 1023 461 1062 aut
492 1021 535 1061 in
567 1021 680 1076 agris
710 1022 783 1061 aut·
820 1021 864 1061 in
896 1021 1009 1061 villis
1041 1023 1149 1061 sunt.
1211 1019 1358 1074 Itaque
1390 1034 1485 1073 pro-

145 1079 271 1120 ximis
303 1079 458 1121 litteris
493 1080 717 1120 consilium
747 1094 888 1120 meum
920 1079 1182 1133 expedietur3
1219 1094 1318 1119 nam
1349 1092 1484 1132 neque

145 1138 262 1179 desse
303 1152 439 1192 neque
489 1153 704 1192 superesse
747 1138 808 1178 rei
850 1153 888 1192 p.
934 1138 1042 1179 volo.
1116 1137 1301 1177 Maxime
1344 1140 1486 1177 tamen

146 1196 267 1238 doleo
305 1197 408 1237 adeo
446 1199 487 1237 et
523 1197 653 1252 longo
692 1199 733 1238 et
769 1197 924 1237 infesto
961 1197 1113 1237 itinere
1151 1196 1203 1236 ad
1239 1210 1306 1236 me
1338 1195 1485 1249 veniri,

143 1257 192 1296 ut
236 1255 302 1296 die
346 1255 697 1311 quadragensimo
745 1257 842 1309 post
885 1257 958 1295 aut
1006 1255 1118 1296 ultra
1161 1254 1310 1309 etiam,
1360 1268 1484 1308 quam

92 1325 126 1350 20
144 1314 256 1356 facta
287 1317 396 1368 sunt,
429 1315 570 1355 omnia
601 1314 861 1355 nuntientur.

717 1441 912 1483 XXXIV.

145 1522 220 1558 Ser.
247 1524 287 1557 in
312 1522 440 1558 eastris
471 1523 519 1558 acl
550 1523 701 1557 Pontem
732 1522 951 1567 Aryenteum
978 1521 1092 1566 paulo
1125 1525 1207 1556 ante
1241 1521 1308 1555 XI
1327 1520 1375 1555 K.
1401 1521 1486 1555 Iun.

686 1581 719 1603 a.
748 1572 816 1603 711
849 1571 937 1613 (43).

216 1650 416 1684 LEPIDUS
449 1650 544 1686 mP.
578 1650 700 1685 ITER.
728 1650 866 1685 PONT.
894 1649 1009 1685 MAX.
1038 1650 1071 1684 S.
1098 1650 1140 1684 D.
1168 1649 1216 1685 M.
1244 1649 1415 1684 TULLIO

92 1710 126 1736 25
704 1696 936 1732 CICERONI.

235 1780 275 1822 S.
301 1796 337 1822 v.
370 1781 410 1822 b.
442 1795 473 1822 e.
508 1795 539 1821 e.
565 1795 602 1820 v.
665 1779 771 1820 Cum
804 1781 1014 1821 audissem
1044 1779 1100 1820 M.
1126 1778 1364 1820 Antonium
1392 1793 1487 1819 cum

146 1840 233 1881 suis
265 1839 397 1894 copiis
428 1839 658 1892 praemisso
690 1839 735 1879 L.
767 1838 956 1879 Antonio
990 1852 1085 1879 cum
1122 1840 1241 1891 parte
1274 1837 1487 1891 equitatus

146 1899 190 1940 in
221 1898 484 1954 provinciam
509 1912 646 1937 meam
672 1897 826 1951 venire,
859 1911 953 1937 cum
980 1896 1167 1937 exercitu
1191 1910 1286 1936 meo
1313 1895 1364 1936 ab
1392 1909 1487 1935 con-

146 1958 303 1998 fluente
335 1958 364 2010 †
396 1957 447 1997 ab
479 1955 687 1996 Rhodano
726 1958 862 1996 castra
897 1955 1026 2004 movi,
1050 1969 1098 1995 ac
1133 1957 1281 1995 contra
1318 1953 1388 1994 e'os
1420 1968 1487 1994 ve-

93 2026 128 2052 30
145 2016 237 2057 m're
279 2016 458 2056 institui.
524 2013 672 2068 Itaque
717 2014 928 2054 continuis
972 2013 1196 2053 itineribus
1235 2012 1289 2053 ad
1328 2011 1487 2052 Forum

145 2073 311 2116 Vocom'
331 2074 427 2115 veni
453 2076 494 2114 et
519 2073 631 2113 ultra
651 2075 785 2112 castra
805 2073 858 2112 ad
881 2072 1039 2112 flumen
1057 2071 1321 2126 Argenteum
1340 2072 1488 2111 contra

145 2132 358 2174 Antonios
388 2132 479 2173 feci.
540 2131 585 2171 P.
612 2130 838 2171 Ventidius
864 2145 959 2171 suas
989 2130 1178 2185 legiones
1203 2132 1288 2169 tres
1315 2129 1487 2169 coniun-

145 2192 209 2232 xit
241 2206 336 2233 cum
368 2206 416 2232 eo
450 2193 490 2232 et
522 2190 633 2230 ultra
663 2204 730 2230 me
763 2192 897 2229 castra
926 2189 1081 2241 posujt.
1142 2187 1338 2228 Habebat
1364 2189 1487 2228 antea

145 2249 358 2305 legionem
389 2249 430 2291 V
462 2252 502 2290 et
535 2264 586 2289 ex
622 2248 797 2301 reliquis
833 2247 1075 2302 legionibus
1114 2261 1313 2301 magnam
1343 2245 1486 2286 multi-

92 2319 126 2344 85
145 2309 357 2363 tudinem,
390 2308 460 2349 sed
492 2308 761 2348 inermorum.
823 2305 1075 2360 Equitatum
1105 2305 1234 2345 habet
1265 2319 1485 2359 magnum3
