1659 2552
641 620 783 654 LIBER
814 619 1022 654 DEcnsUs

319 703 407 745 AD
448 703 493 744 L.
535 703 865 746 PLANCUM
904 703 985 743 ET
1020 701 1340 744 CETEROS.

812 819 843 861 I.

303 901 376 936 Ser.
404 900 541 935 Romae
562 902 676 945 paulo
696 905 778 945 post
806 901 915 935 XIII
938 901 985 936 K.
1017 901 1089 936 Oct.
1115 912 1148 935 α.
1176 903 1249 935 710
1275 903 1364 945 (44).

127 999 143 1025 5
631 982 799 1017 CICERO
832 981 1030 1017 PLANCO.

251 1067 308 1108 Et
346 1067 433 1108 afui
470 1066 739 1120 proficiscens
771 1066 815 1106 in
849 1065 1067 1107 Graeciam
1100 1067 1157 1119 et,
1195 1068 1343 1119 postea
1374 1081 1500 1120 quam

164 1127 214 1167 de
245 1126 385 1167 medio
418 1139 541 1166 cursu
573 1125 634 1165 rei
665 1140 703 1178 p.
737 1139 828 1165 sum
860 1139 961 1165 voce
994 1127 1229 1178 revocatus,
1270 1139 1501 1179 numquam

162 1200 238 1239 per
269 1184 324 1225 M.
349 1183 587 1225 Antonium
619 1184 786 1237 quietus
818 1184 899 1238 fui,
932 1183 1050 1223 cuius
1081 1185 1199 1223 tanta
1231 1187 1293 1223 est
1323 1198 1409 1224 non
1440 1184 1501 1224 in-

164 1243 343 1284 solentia
375 1241 491 1299 (nam
522 1242 566 1282 id
599 1242 768 1296 quidem
800 1242 973 1297 vulgare
1004 1241 1156 1282 vitium
1189 1241 1291 1296 est),
1323 1242 1394 1283 sed
1426 1242 1502 1282 im-

111 1317 144 1341 10
163 1302 355 1356 manitas,
393 1316 478 1342 non
509 1300 635 1341 modo
668 1303 714 1341 ut
747 1315 910 1355 vocem,
948 1300 1020 1341 sed
1050 1314 1102 1340 119
1133 1300 1299 1341 vultum
1331 1300 1501 1354 quidem

162 1361 345 1402 liberum
375 1360 510 1414 possit
540 1360 649 1400 ferre
681 1359 939 1413 cuiusquam.
988 1357 1136 1412 Itaque
1161 1359 1268 1399 mihi
1292 1359 1501 1400 maximae

165 1433 287 1461 curae
325 1422 387 1460 est
418 1433 503 1459 non
535 1418 585 1459 de
621 1433 714 1459 mea
746 1418 916 1472 quidem
948 1418 1052 1472 vita,
1091 1417 1157 1458 cui
1189 1417 1290 1458 satis
1322 1418 1402 1458 feci
1434 1418 1502 1458 vel

165 1481 301 1519 aetate
332 1477 399 1518 vel
429 1477 551 1518 factis
583 1477 668 1530 vel,
701 1477 735 1517 31
769 1477 871 1530 quid
902 1476 1029 1517 etiam
1060 1476 1141 1516 hoc
1172 1476 1224 1516 ad
1255 1490 1344 1517 rem
1374 1476 1502 1530 perti—

165 1539 247 1590 net,
278 1536 432 1592 gloria,
470 1536 542 1576 sed
578 1550 645 1576 me
676 1535 813 1589 patria
845 1535 1046 1576 sollicitat
1077 1534 1121 1575 in
1151 1534 1401 1589 primisque,
1442 1535 1501 1575 mi

114 1608 146 1632 15
165 1595 330 1648 Plance,
363 1594 619 1648 exspectatio
653 1594 894 1634 consulatus
924 1594 1005 1647 tui,
1039 1608 1143 1647 quae
1176 1593 1236 1633 ita
1266 1593 1394 1649 longa
1426 1596 1500 1647 est,

166 1656 213 1694 ut
245 1653 476 1707 optandum
508 1653 574 1705 sit,
606 1655 653 1692 ut
683 1653 893 1706 possimus
925 1652 978 1692 ad
1008 1652 1051 1691 id
1076 1655 1242 1705 tempus
1269 1652 1329 1692 rei
1354 1667 1392 1706 p.
1420 1652 1502 1706 spi-

166 1712 297 1752 ritum
329 1711 488 1752 ducere
551 1710 664 1759 Quae
695 1713 836 1764 potest
867 1710 979 1751 enim
1006 1724 1099 1764 spes
1125 1725 1213 1750 esse
1239 1711 1283 1750 in
1308 1724 1355 1750 93
1380 1725 1424 1750 re
1449 1725 1502 1764 p,

166 1771 209 1810 in
237 1785 318 1823 qua
342 1769 527 1810 hominis
558 1769 901 1834 impotentissimi
933 1771 1058 1822 atque
1083 1768 1501 1822 intempeiantissimi

167 1829 294 1869 3111113
327 1842 525 1893 oppressa
557 1830 654 1867 sunt
687 1828 838 1881 omnia,
871 1830 912 1867 et
943 1827 987 1867 in
1013 1841 1095 1880 qua
1125 1841 1202 1867 nec
1233 1829 1401 1868 senatus
1426 1841 1502 1867 nec

114 1900 147 1925 20
165 1887 347 1941 populus
387 1886 474 1927 vim
512 1886 642 1926 habet
681 1885 831 1939 ullam,
870 1899 947 1926 nec
986 1885 1100 1940 leges
1140 1886 1249 1925 ullae
1289 1888 1387 1925 sunt
1426 1899 1503 1925 nec

167 1946 322 1986 iudicia
358 1959 435 1985 nec
472 1944 643 1985 omnino
681 1944 952 1984 simulacrum
989 1944 1161 1997 aliquod
1197 1957 1245 1984 ac
1275 1943 1502 1998 vestigium

167 2004 379 2045 civitatis?
435 2002 534 2057 Sed,
567 2002 766 2056 quoniam
798 2004 890 2043 acta
921 2002 1062 2042 omnia
1092 2002 1207 2042 mitti
1238 2002 1290 2042 ad
1321 2004 1361 2042 te
1394 2002 1502 2042 arbi-

167 2063 327 2117 trabar,
365 2062 473 2102 nihil
510 2064 615 2115 erat,
655 2061 768 2125 quod
804 2061 982 2116 singulis
1021 2060 1070 2101 de
1102 2060 1227 2101 rebus
1259 2060 1504 2114 scriber3em

167 2121 274 2162 illud
316 2123 456 2161 autem
501 2122 590 2160 erat
633 2119 788 2159 amoris
830 2119 930 2173 mei,
975 2133 1098 2172 quem
1142 2133 1166 2159 a
1207 2121 1281 2159 tua
1322 2119 1505 2172 pueritia

116 2191 149 2215 25
169 2182 408 2233 susceptum
440 2193 525 2219 non
557 2178 718 2219 servavi
751 2177 898 2231 solum,
931 2178 1003 2218 sed
1034 2177 1160 2217 etiam
1193 2177 1302 2230 auxi,
1333 2191 1505 2218 monere

168 2241 209 2278 te
242 2241 367 2292 atque
398 2237 578 2291 hortari,
611 2239 657 2277 ut
689 2236 732 2276 in
764 2250 852 2276 rem
883 2251 921 2290 p.
955 2236 1069 2276 omni
1102 2236 1358 2291 cogitatione
1390 2249 1505 2276 cura-

169 2311 249 2350 que
281 2296 554 2337 incumberes
617 2293 731 2343 Quae
758 2295 791 2334 si
818 2294 870 2334 ad
900 2297 1021 2334 tuum
1052 2296 1218 2348 tempus
1248 2294 1504 2348 perducitur,

1220 2362 1287 2396 17*

1529 1078 1546 1106 1

1529 2012 1548 2041 N>
