1659 2552
77 702 108 726 10

76 995 108 1019 15

74 1286 107 1311 20

76 1578 109 1602 25

75 1869 109 1894 30

75 2159 108 2184 35

351 64 390 106 Q.
407 64 488 100 CIC.
511 64 573 99 DE
594 65 743 100 PETIT.
765 65 829 100 AD
849 65 896 100 M.
912 65 1080 101 FRATR.
1105 70 1251 101 13-21.
1373 67 1456 108 567

127 159 285 202 habent
316 164 389 202 aut
418 163 602 216 sperant,
635 175 704 202 eos
736 175 879 202 rursus
910 175 1164 217 magnopere
1197 165 1236 203 et
1264 176 1458 217 compara

129 222 170 260 013
208 220 418 260 confirma.
478 219 589 260 Nam
625 234 700 274 per
735 219 813 261 hos
850 234 980 261 annos
1019 220 1212 261 homines
1234 221 1458 262 ambitiosi

127 278 395 319 vehementer
421 279 534 319 omni
566 278 705 319 studio
731 281 856 332 atque
882 293 1008 333 opera
1033 279 1262 333 elaborant,
1294 283 1340 320 ut
1365 294 1458 334 pos-

129 337 213 377 sint
250 351 273 377 a
309 337 538 378 tribulibus
577 337 663 378 suis
703 351 770 391 ea,
813 352 918 391 quae
957 338 1177 392 petierint,
1221 338 1456 392 impetrare.

128 394 218 435 Hos
249 398 295 436 tu
326 395 534 449 11011111103,
573 396 905 450 quibuscumque
936 396 1095 450 poteris
1127 397 1379 451 rationibus,
1412 399 1457 437 ut

128 468 179 494 ex
215 454 355 495 animo
393 457 517 508 atque
557 469 607 495 ex
643 454 673 508 †
710 454 784 495 illa
820 469 981 495 summa
1018 456 1235 496 voluntate
1272 456 1335 496 tui
1374 458 1458 496 stu-

127 512 234 553 diosi
260 513 356 567 sint,
381 512 606 554 elaborato.
651 512 809 562 Quodsi
834 514 935 554 satis
960 514 1072 569 grati
1096 513 1287 555 homines
1308 516 1457 568 essent,

125 570 228 612 haec
263 571 343 612 tibi
382 572 522 612 omnia
557 574 703 625 parata
740 586 827 613 esse
866 572 1090 626 debebant,
1128 573 1188 613 sic
1218 573 1280 613 uti
1312 575 1458 627 parata

127 644 214 670 esse
252 630 426 671 confido.
492 629 604 671 Nam
643 630 724 671 hoc
764 630 934 671 biennio
976 633 1177 685 quattuor
1216 631 1459 672 sodalitates

126 688 347 729 hominum
384 689 436 729 ad
476 689 750 729 ambitionem
793 689 1197 744 gratiosissimorum
1236 690 1316 730 tibi
1355 690 1459 730 obli-

127 747 248 802 gasti,
281 746 324 788 C.
350 746 553 801 Fundani,
585 746 631 796 Q.
660 746 780 801 Galli,
814 747 856 788 O.
887 748 1063 802 Corneli,
1100 748 1140 790 C.
1168 747 1320 789 Orcivi.
1373 747 1458 789 Ho-

126 820 220 846 rum
245 805 289 846 in
315 806 448 847 causis
473 806 525 846 ad
549 808 591 846 te
618 806 850 847 deferendis
883 806 983 860 quid
1013 807 1093 847 tibi
1121 821 1265 848 eorum
1297 807 1458 848 sodales

126 864 360 918 receperint
397 867 437 905 et
474 865 781 919 confirmarint,
813 865 916 919 scio,
947 880 1044 906 nam
1076 866 1260 906 interfui.
1323 865 1459 914 Quare

126 922 206 963 hoc
236 923 317 963 tibi
348 923 585 964 faciendum
616 926 694 978 est,
732 924 812 964 hoc
848 926 1037 977 tempore
1069 927 1116 964 ut
1147 924 1199 964 ab
1230 924 1314 978 1113,
1346 924 1461 978 quod

129 981 301 1036 debent,
345 982 487 1037 exigas
531 996 652 1036 saepe
692 983 1016 1036 commonendo,
1059 983 1267 1038 rogando,
1311 983 1459 1024 confir-

126 1040 297 1094 mando,
341 1040 542 1094 curando,
585 1043 631 1081 ut
674 1040 923 1096 intellegant
965 1041 1129 1081 nullum
1173 1056 1215 1082 se
1258 1056 1458 1095 umquam

127 1098 240 1139 aliud
282 1101 447 1153 tempus
489 1099 709 1140 habituros
749 1099 988 1140 referendae
1029 1100 1200 1155 gratiae.
1260 1099 1457 1140 Profecto

126 1157 318 1197 homines
343 1160 384 1197 et
415 1171 486 1211 spe
513 1157 772 1211 reliquorum
802 1160 973 1198 tuorum
999 1158 1236 1199 officiorum
1262 1161 1303 1199 et
1336 1158 1456 1213 [iam]

127 1215 364 1256 recentibus
395 1215 609 1256 beneficiis
640 1216 692 1256 ad
729 1217 914 1257 studium
948 1217 1186 1257 navandum
1218 1217 1459 1258 excitabun-

126 1276 205 1314 tur.
262 1273 319 1314 Et
351 1274 538 1328 omnino,
578 1275 776 1328 quoniam
808 1289 855 1316 eo
893 1289 1045 1330 genere
1077 1275 1358 1316 amicitiarum
1389 1290 1458 1329 pe-

125 1332 222 1373 titio
254 1335 327 1372 tua
351 1333 532 1373 maxime
563 1333 725 1373 munita
751 1336 824 1387 est,
856 1333 970 1387 quod
995 1348 1045 1374 ex
1070 1348 1288 1375 causarum
1321 1334 1458 1375 defen-

127 1391 315 1431 sionibus
347 1391 521 1445 adeptus
553 1406 612 1445 es,
650 1392 731 1445 fac,
769 1394 816 1432 ut
851 1393 974 1446 plane
1012 1392 1064 1432 iis
1096 1393 1312 1447 omnibus,
1354 1407 1459 1446 quos

128 1449 341 1490 devinctos
378 1452 512 1503 tenes,
553 1450 800 1504 discriptum
838 1465 885 1491 ac
926 1450 1175 1504 dispositum
1217 1466 1338 1492 suum
1376 1451 1459 1491 cui-

128 1521 207 1561 que
243 1522 395 1548 munus
434 1508 505 1562 sit3
546 1511 604 1562 et,
645 1523 769 1562 quem
806 1509 859 1549 ad
894 1510 1067 1550 modum
1097 1510 1257 1551 nemini
1288 1510 1459 1550 illorum

127 1566 330 1606 molestus
360 1566 446 1606 ulla
477 1567 520 1606 in
552 1581 595 1607 re
626 1581 827 1620 umquam
858 1567 988 1621 fuisti,
1019 1568 1079 1608 sic
1111 1582 1228 1622 cura,
1260 1571 1307 1608 ut
1338 1568 1459 1608 intel-

127 1624 269 1679 legant
302 1625 441 1664 omnia
471 1627 524 1677 te,
557 1639 661 1678 quae
693 1626 744 1665 ab
783 1625 867 1666 illis
904 1626 985 1666 tibi
1017 1626 1159 1667 deberi
1190 1626 1369 1680 putaris,
1407 1626 1459 1666 ad

127 1682 207 1722 hoc
248 1685 414 1736 tempus
453 1697 693 1723 reservasse.
765 1682 866 1737 Sed,
910 1684 1109 1737 quoniam
1152 1684 1289 1724 tribus
1333 1684 1458 1724 rebus

126 1740 318 1781 homines
355 1740 536 1781 maxime
573 1741 625 1780 ad
660 1741 989 1782 benivolentiam
1026 1744 1151 1795 atque
1181 1742 1284 1782 haec
1315 1743 1459 1782 suffra-

127 1799 255 1854 gandi
281 1798 419 1839 studia
440 1799 658 1852 ducuntur,
685 1799 900 1853 beneficio,
926 1815 1009 1854 spe,
1036 1800 1303 1841 adiunctione
1329 1801 1458 1841 animi

129 1871 176 1898 ac
206 1857 440 1911 voluntate,
478 1857 893 1898 animadvertendum
926 1861 1004 1912 est,
1043 1873 1166 1912 quem
1205 1859 1256 1898 ad
1286 1859 1459 1899 modum

128 1916 277 1969 cuique
307 1915 459 1956 horum
490 1916 634 1971 generi
660 1916 714 1956 sit
740 1916 1061 1957 inserviendum.
1116 1916 1305 1957 Minimis
1337 1917 1460 1958 bene-

127 1974 234 2014 ficiis
264 1973 456 2014 homines
488 1974 770 2029 adducuntur,
801 1977 848 2015 ut
879 1975 980 2015 satis
1013 1989 1158 2016 causae
1189 1978 1339 2029 putent
1371 1990 1458 2016 esse

128 2032 180 2072 ad
212 2032 397 2073 studium
429 2033 758 2087 suffragationis,
790 2034 943 2074 nedum
975 2034 1023 2087 ii,
1056 2034 1208 2087 quibus
1240 2034 1366 2074 saluti
1397 2034 1459 2075 fu-

128 2090 215 2144 isti,
253 2105 357 2144 quos
388 2093 435 2131 tu
465 2091 594 2131 113003
625 2091 847 2146 plurimos,
887 2106 973 2132 non
1010 2092 1274 2147 intellegant,
1312 2093 1347 2133 31
1378 2092 1460 2133 hoc

129 2151 202 2190 tuo
242 2152 431 2202 tempore
471 2149 552 2189 tibi
589 2163 674 2190 non
711 2150 812 2190 satis
850 2150 1044 2203 fecerint,
1086 2165 1128 2191 se
1159 2150 1360 2204 probatos
1391 2165 1459 2191 ne-

128 2207 232 2247 mini
263 2221 463 2260 umquam
494 2208 594 2248 fore.
656 2207 778 2256 Quod
803 2222 897 2249 cum
927 2208 986 2248 ita
1012 2209 1078 2262 sit,
1110 2211 1250 2249 tamen
1282 2209 1458 2264 rogandi

127 2268 225 2306 3111113
265 2269 389 2320 atque
430 2265 556 2306 etiam
597 2266 640 2305 in
679 2266 787 2307 hanc
828 2266 1068 2320 opinionem
1106 2267 1354 2321 adducendi,
1399 2270 1458 2321 ut,

1485 526 1526 557 19

1483 1288 1527 1318 20

1484 1720 1526 1750 21
