1659 2552
579 107 721 141 LIBER
746 107 812 141 XV
841 111 870 150 1,
899 110 929 141 2.
1348 102 1434 142 443

90 205 169 245 bus
202 203 433 245 exercitum
471 219 510 269 p.
542 203 591 244 R.
625 217 731 256 esse,
769 204 810 243 et
841 201 1109 255 Deiotar,um
1141 199 1434 240 fidelissimum

91 278 232 319 regem
265 266 390 317 atque
423 262 725 303 amicissimum
757 261 816 302 rei
847 276 885 315 p.
918 263 1099 313 nostrae,
1131 259 1314 299 maxime
1341 272 1435 298 con

92 323 283 363 iunctum
314 321 526 376 haber,em
559 321 677 362 6111116
709 322 751 361 et
776 319 953 361 consilio
986 321 1028 360 et
1060 317 1212 372 opibus
1245 316 1434 358 adiuvari

91 383 234 435 posset
267 395 331 421 res
363 396 401 434 p.

56 451 73 477 5
181 438 272 488 Quo
306 453 400 479 611111
432 438 475 479 111
506 438 600 478 1060
633 440 769 478 castra
804 436 1005 477 haberem
1037 435 1358 500 equitatumque
1391 432 1436 473 in
1462 443 1482 473 3

94 497 286 538 Ciliciam
318 497 537 551 misissem,
568 498 616 537 ut
642 499 684 537 et
714 509 832 536 meus
859 495 1062 536 adventus
1095 494 1147 534 iis
1179 492 1435 545 civitatibus,

93 570 199 610 quae
237 557 281 596 in
319 570 366 597 ea
403 558 521 610 parte
561 557 715 608 essent,
758 554 978 594 nuntiatus
1021 553 1230 593 firmiores
1273 551 1436 592 animos

95 615 284 656 omnium
315 615 482 668 faceret,
515 616 555 654 et
576 628 654 669 ego
674 616 851 666 mature,
883 612 986 666 quid
1010 613 1206 667 ageretur
1231 610 1275 650 in
1303 609 1437 663 Syria,

95 674 199 715 scire
237 687 422 739 possem,
459 675 626 726 tempus
665 672 753 713 eius
790 647 940 725 tridui,
978 670 1091 735 quod
1122 670 1166 710 in
1205 669 1257 710 iis
1289 668 1437 709 castris

42 745 74 769 10
94 732 309 785 morabai,
347 732 390 772 in
427 745 582 787 magno
615 730 756 771 officio
796 733 837 770 et
868 729 1102 770 necessario
1134 728 1240 769 mihi
1280 741 1437 782 ponen-

96 791 195 832 dum
221 791 379 845 putavi.
425 789 531 831 Cum
558 790 669 830 enim
701 791 841 830 vestra
865 788 1095 829 auctoritas
1121 786 1436 839 intercessisset,
1464 794 1484 824 4

95 852 143 890 ut
187 864 265 905 ego
316 863 458 904 regem
501 847 832 889 Ariobarzanem
876 847 1087 888 Eusebem
1131 848 1173 886 et
1214 844 1438 886 Philorho

94 923 261 949 maeum
293 910 434 948 tuerer
472 907 643 960 eiusque
674 906 787 962 regis
819 906 997 946 salutem
1029 908 1070 946 et
1102 904 1438 945 incolumitatem

97 981 358 1022 regnumque
385 966 662 1019 defendeiffem
694 965 784 1020 regi
811 978 1026 1029 regnoque
1056 963 1267 1017 praesidio
1294 976 1439 1015 essem,

46 1037 78 1061 15
97 1025 477 1078 adiunxissetisque
515 1024 694 1065 salutem
732 1024 821 1064 eius
853 1038 964 1078 regls
1001 1022 1159 1076 populo
1191 1020 1439 1074 senatuique

97 1098 275 1139 magnae
314 1098 436 1124 cuiae
474 1097 579 1136 6666,
621 1082 735 1136 quod
770 1082 888 1122 nullo
927 1096 1128 1135 umquam
1161 1080 1210 1120 de
1242 1094 1340 1135 rege
1374 1079 1439 1119 de-

99 1146 260 1183 cretum
293 1145 400 1183 esset
432 1157 456 1182 a
485 1144 631 1182 nostro
665 1140 827 1194 ordine,
867 1139 1105 1181 existimavi
1137 1153 1204 1179 me
1236 1137 1440 1178 iudicium

99 1204 286 1241 vestrum
331 1201 383 1241 ad
432 1215 574 1256 regem
619 1199 779 1240 deferre
824 1199 974 1240 debere
1019 1198 1140 1252 eique
1182 1196 1441 1251 praesidium

98 1274 240 1300 meum
272 1261 314 1300 et
350 1236 556 1299 Ηά6111ΰ613
589 1258 854 1322 diligentiam
890 1257 1099 1311 polliceri,
1138 1258 1202 1310 ut,
1241 1255 1442 1309 quoniam

48 1330 81 1354 20
100 1318 212 1359 salus
242 1318 387 1371 ipsius,
418 1317 688 1358 incolumitas
719 1331 839 1371 regni
870 1316 977 1356 mihi
1010 1291 1302 1356 conimendata
1334 1315 1443 1354 esset

101 1391 125 1418 a
155 1376 289 1430 vobis,
322 1376 489 1430 diceret,
521 1376 556 1417 si
589 1375 691 1430 quid
722 1375 859 1416 vellet.

190 1434 304 1484 Quae
342 1449 436 1476 cum
475 1449 607 1475 essem
645 1434 689 1474 in
727 1433 903 1474 consilio
940 1446 1034 1473 meo
1068 1446 1163 1472 cum
1201 1445 1299 1487 rege
1330 1431 1444 1471 locu-
1470 1440 1489 1471 5

101 1496 182 1547 tus,
214 1493 337 1534 initio
364 1493 434 1534 ille
461 1493 664 1534 orationis
691 1507 789 1533 suae
814 1492 937 1532 vobis
962 1491 1179 1544 maximas,
1211 1492 1259 1530 ut
1286 1489 1444 1543 debuit,

105 1551 252 1592 deinde
279 1552 406 1592 etiam
436 1552 542 1592 mihi
574 1551 733 1606 gratias
759 1551 857 1606 egit,
891 1550 1004 1604 quod
1029 1550 1067 1590 ei
1097 1563 1377 1603 permagnum
1404 1550 1446 1588 et

52 1621 85 1645 25
105 1609 463 1664 perhonorificum
488 1610 712 1650 videbatur
743 1609 907 1649 senatui
938 1624 977 1662 p.
1009 1623 1045 1662 q.
1071 1607 1120 1648 R.
1147 1610 1289 1648 tantae
1323 1620 1446 1647 curae

106 1682 193 1708 esse
234 1668 412 1708 salutem
453 1682 589 1721 suam,
629 1682 780 1721 meque
821 1670 983 1707 tantam
1025 1666 1290 1721 diligentiam
1332 1664 1448 1705 adhi-

105 1727 216 1779 bere,
248 1729 295 1766 ut
327 1729 368 1766 et
399 1741 491 1766 mea
517 1726 620 1766 fides
647 1728 688 1766 et
714 1724 1092 1765 commendationis
1117 1726 1280 1764 vestrae
1307 1725 1448 1768 aucto-

108 1785 209 1825 ritas
252 1784 433 1838 perspici
476 1786 627 1838 posset.
689 1782 830 1836 Atque
872 1783 943 1823 ille
983 1782 1143 1836 primo,
1188 1781 1302 1834 quod
1341 1780 1447 1821 mihi

105 1843 314 1884 maximae
339 1843 525 1883 laetitiae
550 1842 643 1895 fuit,
675 1841 735 1881 ita
759 1855 924 1881 mecum
948 1840 1116 1881 locutus
1136 1842 1209 1893 est,
1239 1842 1287 1879 ut
1311 1838 1449 1879 nullas

54 1914 89 1939 30
108 1902 281 1942 insidias
317 1915 453 1954 neque
484 1901 595 1940 vitae
633 1914 731 1940 suae
767 1913 903 1953 neque
941 1913 1072 1953 regno
1112 1897 1270 1938 diceret
1301 1911 1343 1937 se
1377 1899 1450 1937 aut

107 1960 353 2015 intellegere
386 1959 478 2000 fieri
509 1961 581 1999 aut
613 1958 740 1998 etiam
772 1957 985 2011 suspicari.
1038 1956 1144 1997 Cum
1177 1970 1255 2011 ego
1289 1955 1326 1996 ei
1357 1970 1450 2010 gra-

108 2019 267 2059 tulatus
309 2032 441 2058 essem
482 2017 607 2070 idque
648 2030 715 2056 me
758 2016 941 2071 gaudere
986 2015 1185 2055 dixissem
1226 2016 1268 2054 et
1308 2016 1450 2054 tamen

110 2077 418 2117 adulescentem
450 2090 582 2116 essem
615 2074 875 2128 cohortatus,
908 2076 956 2114 ut
986 2073 1278 2114 recordaretur
1310 2086 1451 2112 casum

110 2135 231 2176 illum
263 2135 460 2175 interitus
491 2133 656 2187 paterni
689 2135 730 2173 et
760 2132 988 2188 vigilanter
1025 2146 1067 2172 se
1102 2133 1294 2172 tueretur
1326 2133 1452 2184 atque

58 2204 92 2229 35
112 2193 330 2234 admonitu
375 2194 542 2233 senatus
585 2191 820 2231 consuleret
864 2190 990 2231 saluti
1029 2204 1146 2243 suae,
1192 2191 1285 2229 tum
1323 2204 1347 2229 a
1386 2203 1453 2229 me

113 2252 302 2292 discessit
333 2252 377 2292 in
410 2250 612 2304 oppidum
646 2249 853 2302 Cybistra.

199 2309 375 2351 Postero
414 2312 555 2349 autem
594 2308 659 2348 die
698 2321 793 2348 cum
830 2305 1074 2360 Ariarathe,
1111 2305 1241 2346 fratre
1281 2319 1374 2359 suo,
1413 2307 1454 2345 et
1481 2317 1500 2345 6
