1659 2552
372 92 437 126 AD
465 92 623 134 QUINT.
650 92 821 128 FRATR.
848 93 991 127 LIBER
1015 94 1049 127 Π
1078 97 1108 137 7,
1136 98 1166 128 8.
1361 95 1443 136 531

103 189 194 230 61116
232 189 337 229 1111111
378 189 524 230 docere
562 188 717 229 videris
758 188 880 229 istius
921 190 1087 244 generis
1125 190 1446 245 humanitatem,

103 263 185 302 qua
217 248 387 301 quidem
420 262 498 303 ego
529 247 637 288 nihil
670 250 767 288 utor
799 248 873 288 abs
905 250 957 288 te.
1019 247 1083 289 Tu
1109 263 1208 289 vero
1237 252 1283 289 ut
1311 264 1377 290 me
1405 253 1446 291 et

103 307 288 361 appelles
319 309 360 347 et
392 306 634 360 interpelles
672 309 714 347 et
745 306 975 360 obloquare
1008 309 1050 347 et
1082 308 1348 362 conloquare,
1380 323 1446 349 ve-

102 365 188 406 lim.
252 364 362 414 Quid
394 365 506 406 enim
537 365 642 406 mihi
675 365 876 406 suavius?
931 365 1030 407 Non
1062 366 1301 407 mehercule
1334 368 1446 421 quis-

68 437 230 478 5quam
271 423 625 478 μουσοπάτακτος
665 423 867 465 libentius
909 439 983 465 sua
1023 425 1207 466 recentia
1249 429 1446 479 po'e'mata

102 483 224 539 legit,
266 497 392 537 quam
424 497 502 538 ego
535 486 576 523 te
615 483 739 523 audio
772 497 1035 537 quacumque
1075 484 1124 524 de
1162 499 1222 538 re,
1263 485 1445 539 publica,

102 542 284 596 privata,
323 542 498 595 rustica,
530 542 701 582 urbana.
765 541 846 582 Sed
877 557 970 582 mea
1002 543 1160 583 factum
1193 546 1254 584 est
1287 544 1446 584 insulsa

102 600 364 654 verecundia,
397 603 444 641 ut
469 603 509 640 te
542 601 810 654 proficiscens
836 615 922 652 non
947 601 1151 642 tollerem.
1197 601 1445 656 Opposuisti

103 659 232 700 semel
264 659 572 700 ἀναντίλεκτον
605 674 788 713 causam,
823 658 1038 700 Ciceronis
1075 661 1209 701 nostri
1242 661 1446 702 valetudi-

52 731 84 754 10
103 733 217 772 nem3
249 718 444 758 conticui.
506 717 666 758 Iterum
700 717 938 772 Cicerones3
972 719 1123 773 quievi.
1182 719 1307 760 Nunc
1338 720 1445 760 mihi

102 777 376 818 iucunditatis
395 777 519 831 plena
539 777 717 830 epistola
742 777 822 818 hoc
841 778 1047 831 adspersit
1072 778 1301 833 molestiae,
1333 779 1447 833 quod

103 836 278 889 videris,
321 850 372 876 ne
416 836 521 876 mihi
566 836 769 876 molestus
813 850 942 889 esses,
986 836 1145 877 veritus
1189 852 1277 877 esse
1319 840 1445 891 atque

104 895 231 935 etiam
262 909 373 935 nunc
399 895 544 935 vereri.
606 894 839 950 Litigarem
870 898 1021 949 tecum,
1055 895 1088 935 si
1121 896 1184 936 fas
1216 898 1341 951 esset,
1373 897 1447 937 sed

102 953 352 1007 mehercule,
379 954 487 994 istuc
513 954 547 994 si
574 967 775 1007 umquam
801 954 1037 1008 suspicatus
1063 969 1146 1008 ero,
1174 955 1282 995 nihil
1309 955 1445 996 dicam

52 1023 85 1048 15
105 1012 220 1053 aliud
250 1013 332 1053 nisi
358 1012 547 1065 verebor,
579 1027 630 1052 ne
663 1012 830 1066 quando
862 1027 941 1068 ego
973 1013 1066 1065 tibi,
1099 1028 1194 1053 cum
1226 1029 1319 1054 sum
1351 1029 1445 1068 una,

102 1071 305 1112 molestus
338 1071 427 1111 sim.
478 1070 614 1111 Video
647 1073 687 1111 te
719 1071 985 1126 ingemuisse.
1038 1071 1106 1112 Sic
1138 1073 1197 1126 fit,
1229 1073 1259 1126 ’ξ-
1291 1071 1368 1113 εἰδ’
1398 1072 1446 1114 ἐν

104 1134 178 1186 αἴᾳ
210 1132 368 1183 ἔζησας·
401 1144 633 1184 numquam
665 1130 777 1170 enim
810 1130 962 1171 dicam:
995 1132 1042 1172 ἔα
1073 1131 1223 1179 πάσας.
1261 1131 1445 1172 Marium

104 1191 245 1229 autem
270 1190 463 1229 nostrum
488 1189 532 1229 in
563 1189 755 1229 lecticam
780 1189 1018 1230 mehercule
1045 1190 1327 1244 coniecissem,
1358 1204 1445 1230 non

104 1248 221 1287 illam
259 1248 370 1302 regis
402 1246 638 1288 Ptolomaei
670 1247 928 1303 Asicianam3
969 1248 1143 1288 memini
1182 1249 1310 1302 enim,
1349 1263 1445 1289 cum

51 1318 85 1342 20
103 1306 319 1347 hominem
350 1309 539 1359 portaret
566 1306 618 1346 ad
643 1306 766 1347 Baias
791 1306 973 1360 Neapoli
994 1307 1224 1361 octaphoro
1244 1307 1444 1348 Asiciano

103 1365 475 1419 machaerophoris
513 1368 682 1405 centum
720 1366 1012 1420 sequentibus,
1051 1366 1183 1407 miros
1221 1366 1331 1407 risus
1367 1381 1445 1407 nos

105 1424 243 1477 edere,
282 1438 376 1464 611111
409 1424 479 1464 1116
511 1424 684 1479 ignarus
717 1424 781 1464 sui
814 1424 1039 1465 comitatus
1078 1428 1249 1479 repente
1281 1425 1447 1479 aperuit

103 1482 295 1523 lecticam
327 1485 369 1523 et
399 1497 529 1536 paene
560 1483 632 1523 ille
663 1483 828 1537 timore,
860 1498 938 1538 ego
971 1484 1057 1523 risu
1090 1484 1247 1524 conrui.
1309 1483 1446 1538 Hunc,

105 1544 153 1581 ut
191 1541 304 1595 dico,
345 1544 455 1582 certe
493 1541 776 1595 sustulissem,
817 1545 864 1582 ut
905 1542 1131 1596 aliquando
1164 1542 1446 1583 subtilitatem

53 1610 86 1634 25
105 1599 259 1640 veteris
285 1599 539 1640 urbanitatis
559 1603 600 1640 et
619 1600 914 1640 humanissimi
940 1601 1144 1641 sermonis
1170 1601 1446 1656 attingerem3

106 1658 178 1698 sed
202 1657 419 1698 hominem
444 1658 660 1698 infirmum
686 1659 730 1698 in
756 1659 900 1699 villam
933 1662 1121 1713 apertam
1147 1674 1194 1699 ac
1219 1674 1271 1700 ne
1298 1660 1445 1700 rudem

106 1716 276 1770 quidem
302 1716 428 1756 etiam
459 1730 571 1756 nunc
602 1716 780 1757 invitare
805 1717 934 1757 nolui.
995 1716 1090 1757 Hoc
1115 1732 1213 1758 vero
1245 1718 1351 1770 mihi
1377 1732 1445 1771 pe-

107 1775 262 1816 culiare
294 1775 433 1829 fuerit,
465 1774 535 1814 hic
560 1775 687 1815 etiam
720 1775 800 1815 isto
826 1775 921 1815 frui.
982 1774 1094 1816 Nam
1126 1776 1297 1816 illorum
1329 1790 1445 1829 prae-

107 1834 273 1874 diorum
305 1833 409 1873 scito
441 1833 548 1873 mihi
579 1833 764 1873 vicinum
790 1833 972 1874 Marium
1003 1834 1146 1874 lumen
1172 1848 1271 1874 esse.
1317 1834 1447 1888 Apud

54 1904 86 1928 30
106 1891 305 1933 Anicium
348 1891 585 1932 videbimus
629 1894 675 1932 ut
718 1894 912 1946 paratum
957 1892 1021 1933 sit.
1094 1892 1185 1933 Nos
1230 1893 1342 1933 enim
1386 1893 1446 1933 ita

105 1950 314 2005 philologi
347 1964 507 2003 sumus,
539 1952 586 1990 ut
614 1950 680 1990 vel
712 1964 806 1991 cum
838 1950 969 1991 fabris
1000 1951 1192 1991 habitare
1223 1952 1444 2004 possimus.

105 2009 322 2050 Habemus
354 2008 462 2049 hanc
491 2008 805 2063 philosophiam
836 2023 921 2050 non
954 2009 1006 2050 ab
1038 2009 1256 2063 Hymetto,
1289 2010 1361 2050 sed
1392 2010 1445 2050 ab

105 2068 135 2121 †
167 2068 340 2108 araxira.
403 2066 563 2107 Marius
600 2069 641 2107 et
677 2068 916 2108 valetudine
955 2071 1017 2108 est
1055 2070 1096 2108 et
1133 2071 1284 2108 natura
1315 2068 1446 2108 imbe-

107 2126 254 2167 cillior.
321 2125 384 2166 De
435 2125 773 2179 interpellatione
822 2129 989 2166 tantum
1039 2141 1201 2166 sumam
1251 2142 1275 2167 a
1324 2126 1445 2167 vobis

53 2195 86 2220 35
105 2185 309 2239 temporis
353 2184 405 2224 ad
448 2184 738 2238 scribendum,
783 2188 987 2238 quantum
1033 2185 1198 2225 dabitis.
1270 2184 1445 2225 Utinam

106 2243 213 2284 nihil
245 2243 368 2297 detis,
400 2245 447 2283 ut
478 2242 620 2296 potius
646 2246 784 2283 vestra
816 2243 970 2283 iniuria
996 2258 1121 2297 quam
1154 2243 1323 2298 ignavia
1353 2259 1447 2284 mea

106 2303 281 2343 cessem!

1159 2371 1227 2404 34*
1247 2406 1250 2408 ,
