1659 2552
132 1269 151 1298 ῐῦ

176 105 195 144 1
207 103 260 144 78
680 103 1019 139 EPISTULARUM

173 201 222 240 ut
247 199 304 240 sis
329 199 373 240 in
398 200 681 241 familiaribus
714 199 913 241 Caesaris.
959 199 1144 240 Multum
1170 201 1212 240 te
1244 199 1287 240 in
1313 213 1362 240 eo
1388 200 1520 241 frater

174 258 392 299 adiuvabit
423 274 552 313 meus,
584 259 766 299 multum
800 258 969 311 Balbus,
1002 258 1085 312 sed,
1116 257 1223 299 mihi
1255 258 1388 313 crede,
1420 261 1519 299 tuus

173 317 311 372 pudor
342 319 383 358 et
415 317 536 358 labor
567 318 809 371 plurimum.
873 317 902 368 †
931 315 1238 370 Imperatorem
1275 317 1519 358 liberalissi-

174 391 303 430 mum,
329 378 509 416 aetatem
531 376 946 430 opportunissimam,
973 375 1382 417 commendationem
1407 378 1519 417 certe

175 435 452 490 singularem,
494 438 540 475 ut
579 435 657 475 tibi
691 450 821 475 unum
855 434 1091 475 timendum
1123 434 1196 489 sit,
1234 449 1285 476 ne
1317 434 1407 489 ipse
1437 434 1519 476 tibi
1555 446 1572 472 5

175 493 356 534 defuisse
390 493 567 534 videare.

787 597 904 639 VIII.

429 678 502 714 Ser.
530 679 667 714 Romae
692 690 745 713 ecc.
771 690 816 712 m.
848 678 991 724 Quinct.
1017 691 1051 714 a.
1080 681 1153 714 700
1180 681 1272 723 (54).

618 759 786 795 CICERO
820 760 1071 795 TREBATIO.

274 844 452 899 Scripsit
495 844 547 885 ad
589 859 656 886 me
698 843 850 885 Caesar
889 844 1209 898 perhumaniter
1248 844 1437 886 nondum
1476 848 1519 887 te
1539 859 1573 884 ιο

178 904 257 945 sibi
297 905 398 944 satis
436 918 524 944 esse
565 903 818 945 familiarem
860 906 1036 958 propter
1080 903 1376 957 occupationes
1412 918 1519 959 suas,

178 963 248 1004 sed
281 966 392 1003 certe
424 962 524 1003 fore.
589 961 666 1003 Cui
700 962 870 1016 quidem
903 976 982 1017 ego
1014 962 1222 1016 rescripsi,
1255 977 1381 1016 quam
1413 963 1519 1004 mihi

175 1024 345 1077 gratum
378 1024 485 1062 esset
516 1022 720 1075 futurum,
752 1021 787 1062 si
819 1036 946 1075 quam
977 1021 1209 1075 plurimum
1241 1021 1284 1061 in
1310 1024 1352 1062 te
1377 1021 1520 1076 studii,

177 1080 319 1134 officii,
349 1080 618 1121 liberalitatis
644 1094 742 1120 suae
768 1080 1025 1121 contulisset.
1071 1078 1154 1121 Sed
1179 1094 1230 1120 ex
1254 1080 1340 1121 tuis
1364 1080 1520 1122 litteris

178 1139 357 1194 cognovi
388 1153 713 1193 praeproperam
746 1138 956 1193 quandam
982 1138 1297 1179 festinationem
1328 1141 1446 1180 tuam
1477 1141 1520 1180 et
1542 1152 1573 1178 15

178 1198 304 1238 simul
330 1212 422 1238 sum
448 1198 690 1251 admiratus,
723 1212 797 1238 cur
820 1197 1064 1238 tribunatus
1089 1197 1321 1252 commoda,
1348 1197 1519 1252 dempto

178 1256 425 1310 praesertim
458 1257 602 1297 labore
634 1256 824 1310 militiae,
856 1256 1168 1310 contempseris.
1232 1255 1392 1305 Querar
1423 1270 1519 1297 cum

179 1314 364 1355 Vacerra
394 1317 436 1355 et
466 1314 661 1370 Manilio3
699 1330 796 1355 nam
829 1314 1026 1355 Cornelio
1065 1314 1174 1355 nihil
1205 1315 1338 1355 audeo
1371 1315 1518 1369 dicere,

180 1373 298 1414 cuius
329 1376 377 1414 tu
408 1374 595 1427 periculo
628 1373 784 1414 stultus
816 1388 870 1427 eS,
903 1373 1103 1427 quoniam
1134 1375 1176 1413 te
1208 1373 1260 1413 ab
1293 1387 1342 1414 eo
1374 1387 1518 1428 sapere

179 1432 373 1472 didicisse
410 1432 633 1485 profiteris.
696 1431 807 1480 Quin
845 1434 892 1472 tu
930 1446 1056 1487 urges
1092 1432 1217 1472 istam
1256 1432 1518 1473 occasionem
1537 1445 1572 1470 20

179 1493 220 1531 et
251 1490 506 1544 facultatem,
539 1505 622 1544 qua
645 1491 796 1531 melior
826 1505 1057 1544 numquam
1083 1490 1347 1544 reperietur?
1397 1490 1520 1540 Quod

179 1549 328 1589 scribis
369 1548 418 1589 de
460 1549 533 1589 illo
566 1548 768 1589 Preciano
809 1549 1116 1603 iureconsulto,
1158 1563 1236 1604 ego
1277 1552 1319 1590 te
1357 1549 1394 1590 ei
1433 1564 1520 1590 non

179 1607 322 1648 desino
349 1608 657 1662 commendare3
690 1607 837 1648 scribit
863 1608 975 1648 enim
1000 1608 1089 1661 ipse
1121 1607 1226 1648 mihi
1253 1610 1294 1648 te
1320 1608 1402 1649 sibi
1427 1623 1520 1664 gra-

178 1666 258 1706 tias
302 1680 424 1721 agere
469 1666 629 1706 debere.
692 1666 755 1707 De
793 1680 841 1707 eo
874 1666 976 1720 quid
1016 1667 1087 1720 sit,
1134 1680 1248 1721 cura,
1292 1669 1340 1707 ut
1379 1667 1517 1708 sciam.

178 1724 272 1780 Ego
304 1727 464 1765 vestras
497 1724 763 1765 Britannicas
794 1725 959 1766 litteras
991 1727 1199 1780 exspecto.
1539 1738 1573 1764 25

810 1875 881 1918 IX.

456 1957 530 1992 Ser.
558 1958 694 1992 Romae
719 1969 772 1993 eoe.
800 1970 842 1993 m.
871 1958 964 2004 Sept.
992 1971 1025 1993 a.
1056 1961 1127 1993 700
1154 1960 1244 2003 (54).

625 2038 793 2074 CICERO
820 2039 1072 2075 TREBATIO.

265 2134 354 2175 Iam
388 2134 460 2175 diu
493 2135 657 2191 ignoro,
690 2135 793 2189 quid
824 2150 942 2191 agas3
973 2136 1082 2177 nihil
1113 2135 1224 2176 enim
1251 2135 1420 2190 scribis3
1451 2150 1521 2177 ne-

178 2207 258 2245 que
292 2208 369 2245 ego
403 2194 455 2234 ad
486 2197 527 2234 te
558 2193 625 2234 his
658 2194 822 2235 duobus
853 2195 1069 2235 mensibus
1095 2194 1352 2248 scripseram.
1398 2194 1520 2243 Quod
1538 2207 1572 2233 30

179 2265 272 2291 eum
312 2252 470 2300 Quinto
509 2252 639 2293 fratre
676 2267 771 2293 meo
809 2267 1040 2308 noneras,
1081 2267 1164 2307 quo
1201 2253 1415 2294 mitterem
1447 2255 1519 2294 aut

180 2309 243 2348 cui
279 2309 431 2364 darem,
464 2311 713 2351 nesciebam.
777 2310 912 2365 Cupio
944 2312 1066 2366 scire,
1107 2311 1209 2365 quid
1241 2326 1339 2367 agas
1371 2314 1414 2353 et
1445 2312 1518 2354 ubi
