1659 2552
610 92 752 126 LIBER
776 92 825 127 XI
854 96 999 128 11—13.
1398 94 1483 135 313

149 184 332 228 Omnino
371 189 434 228 est
469 187 550 228 hoc
586 188 733 242 populi
771 188 1037 242 maximeque
1069 189 1220 243 nostri,
1259 190 1302 230 in
1334 204 1381 230 eo
1413 205 1485 244 po-

149 245 360 286 tissimum
401 246 519 286 abuti
559 247 775 300 libertate,
818 261 893 301 per
936 262 1060 301 quem
1105 262 1194 288 eam
1240 252 1484 289 consecutus

150 304 222 359 sit,
253 304 326 345 sed
356 307 497 346 tamen
531 305 896 359 providendumst,
936 320 988 346 ne
1027 320 1130 359 quae
1170 306 1279 346 iusta
1317 308 1485 360 querela

150 377 238 404 esse
276 363 419 417 possit.
481 363 564 404 Res
601 378 644 404 se
682 364 742 404 sic
785 364 934 404 habet:
982 362 1024 404 Is
1056 364 1215 405 bellum
1247 366 1485 419 confecerit,

115 433 131 458 5
151 422 223 475 qui
255 421 490 462 Antonium
528 422 792 476 oppresserit.
843 422 936 463 Hoc
967 437 1092 476 quam
1125 423 1211 463 vim
1241 423 1412 478 habeat,
1443 427 1484 464 te

151 480 391 522 existimare
425 480 536 522 malo
570 496 695 535 quam
727 495 792 521 me
825 481 1010 535 apertius
1042 481 1236 523 scribere.

763 631 877 673 XIII.

219 711 292 747 Ser.
325 712 366 746 in
390 713 518 746 castris
543 711 743 747 Pollentiae
767 714 850 747 circ.
884 712 941 747 VI
961 713 1018 747 Id.
1046 712 1140 748 Mai.
1173 724 1206 748 a.
1234 715 1303 748 '711
1332 714 1421 756 (43).

275 792 318 827 D.
345 793 531 827 BRUTUS
556 793 650 828 IMP.
679 793 774 829 COS.
800 794 908 837 DES,
927 794 960 829 S.
987 794 1029 829 D.
1056 794 1103 829 M.
1132 793 1363 828 CICERONI.

100 903 133 927 10
240 886 329 929 Iam
360 903 446 929 non
477 903 556 944 ago
588 889 669 930 tibi
699 889 874 945 gratias3
912 889 978 930 cui
1010 889 1122 930 enim
1153 904 1197 930 re
1228 889 1300 930 vix
1332 889 1487 930 referre

152 961 336 1001 possum,
366 947 466 987 huic
496 947 636 988 verbis
667 962 753 988 non
783 949 944 1002 patitur
969 962 1034 988 res
1060 948 1161 988 satis
1185 948 1288 988 fieri.
1338 947 1486 988 Atten-

155 1006 250 1046 dere
282 1008 323 1046 te
354 1006 472 1060 volo,
513 1020 618 1059 quae
656 1006 700 1046 in
737 1006 932 1047 manibus
969 1009 1083 1060 sunt3
1124 1021 1206 1060 qua
1243 1006 1354 1047 enim
1390 1020 1487 1060 pru—

155 1064 296 1105 dentia
335 1079 394 1117 es,
434 1064 543 1104 nihil
573 1067 614 1105 te
645 1064 798 1120 fugiet,
839 1065 873 1105 si
913 1079 1025 1105 meas
1062 1065 1224 1105 litteras
1263 1064 1487 1119 diligenter

152 1122 316 1178 legeris.
380 1122 508 1177 Sequi
540 1123 761 1164 confestim
792 1122 1027 1164 Antonium
1058 1123 1124 1163 his
1157 1123 1206 1163 de
1238 1123 1389 1176 causis,
1422 1121 1487 1163 Ci—

102 1195 135 1220 15
154 1195 267 1235 cero,
304 1195 389 1222 non
425 1181 565 1235 potui:
609 1181 738 1222 Eram
770 1182 858 1222 sine
889 1181 1120 1236 equitibus,
1152 1182 1240 1222 sine
1271 1181 1487 1235 iumentis3

153 1239 344 1280 Hirtium
373 1240 531 1294 perisse
555 1240 804 1293 nesciebam,
834 1239 1034 1294 Aquilam
1058 1240 1215 1294 perisse
1232 1239 1488 1294 nesciebam,

155 1297 323 1339 Caesari
347 1312 433 1339 non
458 1298 695 1352 credebam,
726 1299 972 1352 priusquam
1003 1298 1289 1339 convenissem
1321 1300 1362 1338 et
1394 1312 1488 1338 con-

152 1357 320 1398 locutus
345 1371 488 1398 essem.
548 1356 631 1397 Hic
657 1357 744 1397 dies
774 1357 855 1397 hoc
885 1357 1011 1398 modo
1043 1357 1159 1397 abiit.
1219 1356 1394 1397 Postero
1422 1356 1487 1396 die

153 1430 276 1456 mane
307 1430 331 1455 a
361 1415 497 1456 Pansa
528 1430 620 1456 sum
652 1416 876 1456 accersitus
902 1415 1147 1456 Bononiam.
1211 1414 1317 1455 Cum
1349 1415 1393 1454 in
1421 1414 1487 1454 iti-

104 1488 136 1512 20
154 1488 254 1515 nere
294 1488 444 1528 essem,
483 1474 725 1515 nuntiatum
761 1474 868 1514 mihi
905 1477 967 1515 est
1005 1488 1100 1514 eum
1136 1476 1352 1514 mortuum
1389 1487 1486 1514 esse.

155 1532 332 1573 Recurri
364 1532 416 1572 ad
446 1547 560 1573 meas
586 1532 787 1587 copiolas3
819 1533 878 1573 sic
909 1533 1020 1573 enim
1052 1546 1147 1573 vere
1179 1546 1247 1572 eas
1279 1531 1489 1585 appellare

155 1605 344 1645 possum,
375 1594 473 1631 sunt
504 1591 870 1631 extenuatissimae
895 1594 936 1631 et
961 1591 1104 1644 inopia
1129 1591 1318 1631 omnium
1349 1604 1489 1630 rerum

155 1649 335 1703 pessime
372 1651 574 1702 acceptae.
635 1649 772 1689 Biduo
803 1664 870 1689 me
900 1648 1113 1690 Antonius
1144 1648 1382 1701 antecessit,
1423 1647 1489 1688 iti—

156 1721 258 1748 nera
294 1707 394 1747 fecit
430 1707 565 1748 multo
603 1707 764 1747 maiora
802 1707 968 1762 fugiens
1010 1721 1135 1760 quam
1175 1721 1253 1762 ego
1295 1720 1489 1760 sequens,

106 1778 138 1802 25
158 1765 229 1806 ille
267 1765 378 1805 enim
416 1765 466 1805 iit
496 1765 669 1819 passim,
710 1779 788 1820 ego
827 1765 1064 1805 ordinatim.
1126 1764 1396 1817 Quacumque
1428 1764 1490 1817 iit,

158 1823 370 1879 ergastula
401 1823 543 1877 solvit,
579 1823 772 1864 homines
809 1823 1012 1876 abripuit,
1050 1823 1240 1863 constitit
1271 1836 1490 1876 nusquam,

157 1883 403 1936 priusquam
437 1881 490 1922 ad
522 1881 642 1921 Vada
675 1882 810 1935 venit3
842 1896 966 1934 quem
996 1881 1137 1921 locum
1162 1881 1258 1921 volo
1290 1880 1371 1920 tibi
1402 1893 1490 1920 esse

157 1943 317 1982 notum.
376 1938 490 1980 Iacet
520 1940 631 1980 inter
660 1939 960 1993 Appenninum
991 1942 1033 1980 et
1063 1939 1193 1992 Alpes
1224 1938 1492 1992 impeditissi-

158 2013 252 2040 mus
292 1998 344 2039 ad
382 1999 464 2039 iter
503 1998 751 2038 faciendum.
814 1997 919 2038 Cum
959 1998 1147 2038 abessem
1188 1997 1239 2037 ab
1281 2011 1329 2037 eo
1372 1996 1491 2036 milia

107 2070 140 2095 30
158 2072 356 2111 passuum
382 2068 493 2110 xxx,
525 2060 566 2098 et
591 2071 634 2096 se
659 2057 743 2097 iam
767 2055 992 2096 Ventidius
1023 2055 1318 2108 coniunxisset,
1350 2054 1490 2095 contio

160 2116 249 2157 eius
280 2115 333 2156 ad
362 2130 429 2156 me
461 2118 522 2156 est
548 2115 684 2168 allata,
716 2115 760 2155 in
786 2129 868 2168 qua
892 2117 1033 2167 petere
1059 2114 1196 2167 coepit
1222 2128 1244 2153 a
1270 2112 1490 2166 militibus,

159 2177 207 2215 ut
247 2188 290 2215 se
329 2176 445 2214 trans
484 2172 613 2228 Alpes
654 2175 947 2226 sequerentur,
988 2172 1068 2212 sibi
1107 2186 1200 2212 cum
1237 2170 1292 2211 M.
1329 2171 1490 2224 Lepido

160 2232 393 2273 convenire.
455 2230 764 2273 Succlamatum
795 2234 858 2271 est
889 2231 926 2271 ei
957 2230 1198 2284 frequenter
1230 2244 1252 2269 a
1283 2229 1492 2269 militibus

159 2289 426 2332 Ventidianis
458 2289 573 2346 (nam
605 2304 702 2331 suos
733 2289 852 2330 valde
885 2303 1009 2343 quam
1044 2302 1200 2342 paucos
1230 2286 1376 2342 habet)
1410 2287 1491 2328 sibi
