1659 2552
137 439 155 468 10

138 2257 153 2286 1

185 98 204 137 1
214 97 266 138 72
690 95 1031 131 EPISTULARUM

182 207 266 247 quo
298 207 350 234 ne
381 192 516 247 pluris
548 207 740 234 emerem.
804 191 926 240 Quod
952 191 986 231 si
1015 191 1121 231 mihi
1147 191 1420 246 permisisses,
1453 192 1525 247 qui

181 266 300 292 meus
338 266 456 292 amor
493 251 536 291 in
575 254 616 291 te
657 254 736 304 est,
778 250 1050 291 confecissem
1092 264 1188 290 cum
1228 250 1526 306 coheredibus3

181 325 305 365 nunc,
337 310 536 365 quoniam
562 312 684 350 tuum
709 309 894 363 pretium
919 309 1032 362 novi,
1058 308 1359 351 inlicitatorem
1383 310 1527 364 potius

181 383 349 424 ponam,
381 384 507 423 quam
540 369 646 409 illud
676 368 854 408 minoris
885 371 1046 408 veneat.
1109 366 1192 408 Sed
1224 368 1273 409 de
1305 368 1398 409 ioco
1423 369 1526 410 satis

182 431 255 469 est.
317 427 456 468 Tuum
482 427 702 483 negotium
735 441 869 482 agam,
901 426 1026 467 sicuti
1053 426 1197 480 debeo,
1230 427 1467 483 diligenter.
1563 440 1580 465 5

272 486 335 527 De
356 486 490 527 Bursa
515 489 556 526 te
583 485 765 542 gaudere
787 488 901 526 certo
922 485 1026 540 sci03
1053 485 1125 526 sed
1144 485 1271 526 nimis
1290 486 1524 527 verecunde

181 545 288 586 mihi
320 545 565 601 gratularis3
596 547 720 599 put-as
753 544 877 598 enim,
909 546 957 585 ut
988 544 1156 598 scribis,
1185 547 1361 599 propter
1390 545 1526 586 homi-

182 605 248 645 nis
287 604 429 645 sordes
467 604 607 644 minus
638 618 704 643 me
741 618 940 659 magnam
978 603 1095 644 illam
1126 603 1333 644 laetitiam
1364 606 1525 658 putare.

184 662 339 704 Credas
370 662 476 703 mihi
507 662 635 703 velim
666 662 802 717 magis
833 676 901 703 me
932 661 1090 703 iudicio
1121 661 1203 703 hoc
1231 677 1358 717 quam
1388 665 1526 704 morte

182 722 344 762 inimici
384 722 599 762 laetatum.
660 720 853 761 Primum
894 721 1006 761 enim
1047 720 1204 762 iudicio
1245 721 1357 762 malo
1399 736 1526 776 quam
1547 734 1581 759 10

181 781 344 836 gladio,
387 780 534 820 deinde
575 779 713 835 gloria
751 780 896 834 potius
936 779 1061 820 amici
1099 794 1227 834 quam
1268 780 1527 835 calamitate3

181 840 225 880 in
256 839 489 893 primisque
525 853 593 879 me
635 838 859 879 delectavit
897 841 1064 879 tantum
1096 839 1284 880 studium
1316 839 1528 880 bonorum

182 899 226 939 in
257 913 323 938 me
362 898 552 938 extitisse
591 900 738 938 contra
774 897 1068 938 incredibilem
1100 898 1416 939 contentionem
1448 898 1528 939 cla-

183 956 338 997 rissimi
371 959 412 997 et
442 956 728 1011 potentissimi
759 956 859 1011 viri3
899 958 1114 1010 postremo
1147 955 1238 1012 (vix
1270 957 1359 998 veri
1390 957 1528 998 simile

182 1017 359 1057 fortasse
378 1013 591 1071 videatur)
618 1015 788 1056 oderam
813 1015 950 1056 multo
974 1015 1095 1070 peius
1120 1015 1234 1057 hunc
1253 1030 1380 1070 quam
1405 1016 1527 1057 illum
1547 1027 1582 1053 15

182 1075 321 1128 ipsum
349 1073 556 1115 Clodium.
616 1072 745 1115 Illum
777 1074 889 1115 enim
916 1088 1220 1130 oppugnatam,
1250 1075 1364 1115 hunc
1389 1074 1528 1116 defen-

183 1133 343 1187 deram3
381 1135 423 1174 et
454 1133 542 1187 ille,
582 1147 677 1173 cum
717 1133 854 1174 omnis
892 1147 958 1174 res
994 1149 1032 1187 p.
1065 1133 1110 1173 in
1146 1147 1241 1174 meo
1279 1133 1416 1188 capite
1449 1133 1528 1175 dis-

183 1192 341 1233 crimen
367 1195 475 1233 esset
499 1191 710 1245 habitura,
741 1206 944 1247 magnum
971 1192 1171 1246 quiddam
1204 1193 1422 1247 spectavit,
1451 1206 1529 1233 nec

183 1265 258 1291 sua
283 1254 445 1304 sponte,
478 1251 550 1291 sed
575 1265 722 1291 eorum
747 1250 919 1316 auxilio,
952 1251 1024 1304 qui
1049 1265 1117 1292 me
1143 1253 1280 1292 stante
1307 1254 1417 1292 stare
1442 1265 1528 1292 non

181 1312 395 1364 poterant,
435 1309 506 1349 hic
546 1309 739 1350 simiolus
779 1309 909 1350 animi
949 1323 1072 1350 causa
1108 1324 1192 1363 me,
1233 1310 1278 1350 in
1311 1324 1436 1364 quem
1467 1310 1528 1350 in-
1547 1322 1581 1347 20

181 1368 423 1421 veheretui,
462 1367 674 1423 delegerat
710 1370 1058 1433 persuaseratque
1095 1382 1180 1409 non
1212 1368 1341 1409 nullis
1372 1368 1528 1409 invidis

182 1426 286 1467 meis
319 1440 361 1466 se
393 1426 437 1466 in
468 1440 535 1466 me
568 1426 831 1467 emissarium
857 1441 1022 1480 semper
1046 1426 1147 1467 fore.
1196 1426 1331 1475 Quam
1358 1427 1412 1468 ob
1439 1441 1527 1468 rem

183 1485 303 1525 valde
336 1484 461 1525 iubeo
493 1485 677 1540 gaudere
711 1488 763 1525 te.
826 1484 983 1540 Magna
1013 1499 1079 1526 res
1109 1488 1229 1541 gesta
1261 1488 1334 1526 est.
1394 1485 1528 1527 Num-

183 1558 309 1597 quam
342 1543 418 1583 ulli
450 1543 649 1584 fortiores
681 1543 792 1584 cives
823 1544 1007 1598 fuerunt,
1043 1558 1169 1598 quam
1202 1544 1275 1598 qui
1307 1544 1398 1585 ausi
1430 1547 1529 1586 sunt

183 1617 279 1643 eum
311 1605 458 1642 contra
497 1605 636 1643 tantas
669 1616 768 1656 opes
807 1602 913 1656 eius,
955 1617 978 1643 a
1010 1617 1093 1656 quo
1126 1603 1207 1657 ipsi
1239 1603 1338 1644 lecti
1369 1603 1529 1645 iudices
1549 1614 1583 1640 2⁵

183 1663 318 1714 erant,
358 1660 654 1715 condemnare3
696 1661 811 1714 quod
847 1661 1044 1702 fecissent
1075 1676 1326 1716 numquam,
1362 1662 1445 1703 nisi
1476 1662 1530 1703 iis

184 1719 320 1760 dolori
357 1734 476 1760 meus
513 1720 662 1760 fuisset
701 1719 831 1760 dolor.
881 1719 973 1761 Nos
1004 1720 1073 1760 hic
1105 1720 1149 1761 in
1180 1721 1456 1762 multitudine
1488 1723 1530 1762 et

184 1778 429 1819 celebritate
455 1778 710 1819 iudiciorum
743 1781 785 1819 et
815 1779 938 1819 novis
968 1779 1136 1834 legibus
1168 1779 1229 1820 ita
1267 1779 1529 1834 distinemur,

183 1840 230 1877 ut
256 1837 410 1878 cotidie
436 1839 536 1877 vota
568 1837 782 1891 faciamus,
813 1852 865 1878 ne
897 1838 1183 1892 intercaletur,
1215 1840 1263 1879 ut
1295 1853 1421 1892 quam
1446 1839 1530 1893 pri-

181 1911 299 1937 mum
330 1899 372 1937 te
404 1895 547 1936 videre
578 1896 800 1950 possimus.
1547 1909 1582 1933 so

817 2000 892 2043 ΠΙ.

441 2081 514 2116 Ser.
543 2082 680 2117 Romae
705 2086 788 2117 ante
815 2083 862 2118 K.
892 2083 985 2127 Sept.
1013 2095 1045 2117 α.
1076 2084 1148 2117 708
1175 2083 1264 2125 (46).

531 2164 578 2198 M.
613 2163 781 2198 CICERO
810 2164 842 2198 S.
870 2164 911 2199 D.
939 2164 987 2199 M.
1014 2163 1179 2212 MARQO.

270 2245 476 2301 Persaepe
502 2247 608 2288 mihi
635 2248 842 2303 cogitanti
869 2248 923 2289 de
945 2246 1240 2289 communibus
1265 2247 1460 2302 miseriis,
1484 2248 1529 2289 in

184 2304 338 2357 quibus
376 2309 441 2346 tot
479 2321 611 2347 annos
649 2321 866 2347 versamur
904 2309 962 2361 et,
1003 2309 1050 2347 ut
1081 2306 1221 2359 video,
1254 2306 1528 2361 versabimur,
1549 2317 1582 2343 ³5
