1659 2552
616 130 759 165 LissER
783 130 851 165 VH
878 134 1027 166 10-12,
1411 131 1490 172 181

150 231 291 270 autem
323 228 404 269 ista
435 229 534 268 sunt
565 227 769 281 inaniora,
801 226 939 281 recipe
970 228 1012 267 te
1045 225 1098 266 ad
1127 240 1216 267 nos.
1277 225 1389 268 Nam
1421 230 1494 268 aut

151 287 232 329 erit
261 287 332 328 hic
363 286 525 340 aliquid
557 286 801 340 aliquando,
840 288 929 339 aut,
962 285 997 326 si
1028 285 1186 339 minus,
1218 299 1302 325 una
1333 285 1494 327 meher-

151 346 242 387 cule
268 345 507 387 conlocutio
533 347 679 386 nostra
702 345 837 399 pluris
863 344 943 385 erit
972 358 1099 398 quam
1131 357 1276 384 omnes
1303 342 1494 385 Samaro-

150 405 306 446 brivae.
368 404 579 458 Denique,
625 404 659 444 si
697 403 780 444 cito
819 406 860 444 te
899 402 1131 457 rettuleris,
1176 417 1313 443 sermo
1350 403 1493 443 nullus

116 464 249 519 5erit3
287 463 322 503 si
362 463 521 503 diutius
558 462 717 503 frustra
754 461 926 515 afueris,
966 475 1053 502 non
1089 461 1216 502 modo
1253 460 1493 516 Laberium,

152 522 225 563 sed
256 522 384 563 etiam
410 521 595 562 sodalem
621 523 815 562 nostrum
840 519 1060 561 Valerium
1084 520 1355 575 pertimesco;
1385 520 1494 560 mira

152 581 264 622 enim
312 594 493 635 persona
540 580 683 620 induci
731 581 873 633 potest
921 578 1157 620 Britannici
1206 579 1493 620 iureconsulti.

151 638 269 680 Haec
299 653 377 695 ego
409 653 495 680 non
526 638 655 691 rideo,
688 638 879 692 quamvis
910 640 957 678 tu
988 637 1142 692 rideas,
1174 637 1247 678 sed
1279 637 1328 678 de
1359 652 1404 678 re
1436 652 1495 678 se—

152 698 372 739 verissima
411 700 569 751 tecum,
610 699 658 737 ut
698 697 829 751 soleo,
870 697 997 738 iocor.
1058 695 1241 737 Remoto
1282 696 1376 737 ioco
1413 696 1494 737 tibi

100 769 133 793 ιο
152 756 233 797 hoc
265 756 520 797 amicissimo
553 755 693 796 animo
724 755 950 810 praecipio,
983 757 1041 809 ut,
1073 755 1108 796 si
1139 755 1236 796 istic
1266 769 1360 796 mea
1385 769 1496 796 com-

153 815 422 856 mendatione
453 817 571 855 tuam
604 814 855 869 dignitatem
887 813 1111 868 optinebis,
1142 814 1329 868 perferas
1358 814 1496 855 nostri

154 873 426 928 desiderium,
466 873 733 914 honestatem
770 875 812 913 et
843 873 1064 914 facultates
1095 875 1190 913 tuas
1221 886 1393 927 augeas,
1430 873 1496 913 sin

154 934 295 973 autem
319 932 401 972 ista
426 931 658 987 frigebunt,
689 931 867 985 recipias
892 933 934 972 te
955 931 1007 971 ad
1031 945 1119 972 nos.
1165 929 1318 971 Omnia
1342 933 1496 985 tamen,

154 1005 261 1045 quae
297 990 379 1045 vis,
425 992 466 1030 et
504 992 578 1031 tua
617 990 776 1031 virtute
819 990 1011 1044 profecto
1056 992 1098 1031 et
1140 993 1287 1031 nostro
1330 1004 1496 1031 summo

101 1061 134 1085 15
155 1064 256 1106 erga
285 1051 328 1090 te
360 1048 500 1089 studio
537 1062 802 1103 consequere.

776 1198 870 1241 ΧΠ.

462 1280 536 1316 Ser.
564 1281 701 1315 Romae
726 1292 770 1315 m.
799 1280 908 1315 Febr.
942 1292 974 1315 α.
1004 1283 1072 1315 701
1101 1282 1188 1325 (53).

602 1361 770 1397 CICERO
797 1361 1049 1397 TREBATIO.

243 1457 444 1512 Mirabar,
477 1457 580 1512 quid
611 1460 736 1512 esset,
770 1458 883 1511 quod
914 1460 961 1498 tu
992 1457 1100 1498 mihi
1131 1457 1296 1498 litteras
1326 1457 1496 1498 mittere

104 1528 137 1553 20
157 1517 470 1558 intermisisses:
503 1516 706 1557 indicavit
735 1516 842 1557 mihi
867 1515 1005 1557 Pansa
1028 1530 1147 1557 meus
1172 1515 1431 1571 Epicureum
1455 1519 1497 1557 te

157 1590 245 1616 esse
276 1575 446 1616 factum.
508 1573 543 1616 O
577 1577 712 1616 castra
742 1575 973 1629 praeclara!
1023 1574 1135 1624 Quid
1165 1577 1212 1615 tu
1244 1575 1429 1629 fecisses,
1462 1575 1497 1615 si

157 1636 199 1674 te
224 1633 455 1674 Tarentum
481 1636 522 1674 et
546 1647 633 1674 non
653 1632 994 1674 Samarobrivam
1020 1633 1258 1675 misissem?
1288 1632 1379 1674 Iam
1404 1636 1496 1674 tum

156 1691 263 1732 mihi
294 1706 380 1733 non
409 1691 621 1746 placebas,
660 1706 755 1733 cum
791 1692 903 1732 idem
939 1691 1114 1733 tuebare
1151 1692 1265 1746 quod
1300 1693 1330 1746 †
1360 1691 1496 1746 ZeiuS,

159 1750 379 1791 familiaris
409 1764 538 1790 meus.
601 1749 683 1790 Sed
721 1764 904 1804 quonam
940 1750 1068 1791 modo
1105 1750 1171 1791 ius
1203 1750 1325 1792 civile
1359 1750 1496 1791 defen-

106 1819 139 1845 25
160 1809 248 1863 des,
286 1822 381 1849 cum
419 1808 560 1849 omnia
595 1810 670 1848 tua
707 1822 829 1849 causa
860 1808 1005 1863 facias,
1045 1823 1131 1849 non
1163 1808 1348 1850 civium?
1408 1808 1496 1850 Ubi

158 1881 286 1921 porro
330 1866 405 1907 issa
447 1867 528 1908 erit
570 1866 753 1907 formula
795 1867 990 1908 fiduciae:
1035 1867 1115 1907 ‘VT
1159 1879 1303 1907 INTER
1344 1877 1495 1908 BONOS

159 1937 280 1966 BENE
321 1936 464 1966 AGIER
505 1925 771 1966 OPORTET'?
814 1926 844 1979 †
885 1925 979 1979 quis
1017 1925 1129 1966 enim
1167 1927 1246 1979 est,
1285 1925 1358 1979 qui
1394 1925 1497 1966 facit

158 1984 268 2025 nihil
298 1984 381 2024 nisi
412 1998 486 2024 sua
512 1984 663 2024 causa?
695 1982 817 2032 Quod
842 1984 907 2024 ius
932 1986 1091 2024 statues
1123 1984 1351 2024 ‘COMMVNI
1381 1995 1498 2024 DIVI-

159 2043 361 2097 DVNDO',
400 2057 528 2096 quom
566 2056 787 2083 commune
824 2042 933 2082 nihil
968 2042 1103 2095 possit
1140 2055 1227 2083 esse
1265 2041 1378 2095 apud
1414 2055 1497 2097 eos,

107 2112 141 2137 30
161 2101 234 2155 qui
266 2101 408 2142 omnia
437 2101 655 2155 voluptate
687 2115 762 2141 sua
791 2100 1054 2141 metiuntur?
1086 2099 1178 2149 Quo
1202 2100 1330 2141 modo
1356 2103 1497 2141 autem

160 2159 240 2200 tibi
271 2159 456 2214 placebit
488 2158 660 2201 ‘Iovm
691 2170 900 2199 LAPIDEM
930 2159 1137 2213 IURARE',
1169 2172 1265 2199 cum
1296 2158 1402 2200 scias
1431 2157 1497 2200 Io-

159 2232 254 2259 vem
279 2218 435 2259 iratum
461 2232 548 2259 esse
574 2217 733 2258 nemini
757 2218 908 2271 posse?
970 2217 1081 2267 Quid
1099 2217 1173 2258 fiet
1190 2231 1319 2272 porro
1337 2217 1496 2272 populo

158 2275 397 2331 Ulubrano,
438 2277 473 2317 si
504 2279 552 2317 tu
583 2276 780 2317 statueris
816 2277 1125 2318 πολιτεύεσθαι
1156 2290 1243 2317 non
1275 2276 1496 2331 oportere?

161 2333 316 2389 Quare,
361 2335 395 2376 si
437 2335 560 2389 plane
605 2350 628 2375 a
670 2334 793 2375 nobis
844 2335 1005 2389 deficis,
1054 2334 1230 2376 moleste
1272 2335 1384 2390 fero,
1433 2335 1498 2376 sin
