1659 2552
141 497 157 527 1

140 1144 158 1173 10

190 94 277 136 344
688 96 1027 131 EPISTULARUM

805 236 918 279 XIV.

445 319 519 354 Ser.
551 319 686 364 Perque
711 318 807 351 IIII
828 318 876 352 K.
902 318 988 353 Iwn.
1020 330 1053 353 a.
1082 321 1150 353 711
1179 321 1269 362 (43).

452 400 702 434 LENTULUS
730 399 952 434 CICERONI
979 399 1067 435 SUO
1095 400 1128 435 S.
1155 400 1194 435 P.
1220 401 1263 435 D.

275 483 380 525 Cum
413 484 594 525 Brutum
624 487 817 525 nostrum
844 484 1132 525 convenissem
1158 499 1336 539 eumque
1363 485 1526 527 tardius

186 543 230 584 in
267 542 413 584 Asiam
452 546 676 584 venturum
714 543 1109 596 animadverterem,
1147 543 1191 583 in
1222 543 1369 584 Asiam
1408 544 1526 598 redii,
1562 556 1579 581 5

186 605 233 642 ut
264 602 463 656 reliquias
495 602 577 642 mei
608 601 767 642 laboris
799 602 1041 657 colligerem
1074 605 1115 642 et
1146 602 1367 656 pecuniam
1399 617 1526 657 quam

185 661 370 715 primum
402 660 582 701 Romam
613 661 838 701 mium-‚em
899 659 1076 701 Interim
1109 661 1290 716 cognovi
1321 661 1366 701 in
1396 660 1527 715 Lycia

186 734 274 760 esse
307 720 480 760 classem
505 719 751 760 Dolabellae
783 718 1048 773 ampliusque
1080 723 1249 760 centum
1279 720 1398 760 navis
1431 735 1527 761 one-

188 778 425 832 1·2ari1s,in
467 792 570 832 quas
611 779 819 819 exelcitus
861 779 949 819 eius
989 778 1151 832 imponi
1193 782 1356 844 posset,
1400 779 1526 833 idque

187 812 453 878 Dolabellam
491 852 538 878 ea
574 840 714 878 mente
753 851 1032 891 comparasse,
1074 840 1141 891 ut,
1181 837 1218 878 si
1255 836 1401 891 Syriae
1433 852 1526 892 spes
1547 850 1580 875 10

187 911 282 936 eum
321 897 523 936 frustrata
560 899 685 949 esset,
727 896 1023 937 conscenderet
1061 896 1104 936 in
1135 895 1254 936 navis
1287 899 1328 937 et
1357 894 1526 937 Italiam

186 957 347 1008 peteret
379 969 506 1009 seque
539 969 633 995 cum
658 954 858 995 Antoniis
891 958 932 996 et
964 954 1137 1008 reliquis
1168 954 1406 996 latronibus
1432 969 1527 996 con-

187 1013 391 1069 iungeret.
455 1012 584 1054 Cuius
622 1013 682 1054 rei
720 1016 838 1054 tanto
871 1013 914 1054 in
945 1014 1099 1054 timore
1130 1013 1210 1068 fui,
1250 1016 1298 1054 ut
1329 1013 1526 1055 omnibus

187 1072 312 1113 rebus
350 1072 508 1113 relictis
546 1086 641 1113 cum
678 1072 948 1126 paucioribus
990 1075 1032 1113 et
1070 1072 1307 1113 minoribus
1347 1072 1526 1113 navibus

186 1131 238 1171 ad
270 1131 363 1171 illas
395 1131 455 1171 ire
489 1133 662 1171 conatus
695 1131 785 1172 sim.
848 1130 962 1180 Quae
994 1145 1077 1185 res,
1109 1131 1144 1171 si
1176 1146 1200 1172 a
1230 1130 1409 1172 Rhodiis
1440 1145 1526 1172 non
1545 1141 1579 1167 15

186 1204 319 1230 essem
351 1189 660 1243 interpellatus,
692 1190 870 1230 fortasse
902 1192 993 1230 tota
1024 1190 1191 1230 sublata
1221 1193 1347 1244 esset,
1384 1192 1525 1231 tamen

185 1263 339 1303 magna
370 1263 422 1289 ex
451 1251 571 1302 parte
601 1248 828 1304 profligata
854 1252 927 1299 est,
960 1249 1160 1302 quoniam
1187 1249 1357 1302 quidem
1383 1248 1526 1289 classis

186 1307 428 1361 dissipatast
467 1307 671 1347 adventus
717 1307 851 1347 nostri
897 1307 1070 1361 timore,
1119 1307 1277 1348 milites
1317 1307 1525 1361 ducesque

185 1366 436 1420 effugerunt,
469 1365 684 1406 onerariae
716 1380 860 1406 omnes
892 1365 943 1406 ad
975 1380 1102 1406 unam
1128 1380 1151 1405 a
1176 1365 1300 1406 nobis
1331 1368 1429 1406 sunt
1458 1380 1525 1406 ex-

186 1428 339 1477 ceptae.
403 1422 537 1477 Certe,
570 1424 684 1478 quod
714 1424 896 1464 maxime
928 1424 1064 1477 timui,
1096 1424 1242 1464 videor
1271 1438 1358 1464 esse
1385 1437 1524 1465 conse·
1545 1436 1578 1461 20

186 1485 326 1536 cutus,
367 1485 415 1523 ut
454 1496 539 1523 non
579 1482 713 1536 possit
753 1482 976 1523 Dolabella
1015 1483 1059 1522 111
1098 1481 1266 1523 Italiam
1305 1483 1524 1536 pervenire

186 1555 261 1582 nec
293 1541 378 1581 suis
411 1541 535 1581 sociis
566 1541 745 1581 firmatis
779 1541 923 1581 durius
949 1541 1071 1582 vobis
1103 1542 1268 1582 efficere
1293 1542 1523 1596 negotium.

274 1599 431 1639 Rhodii
469 1614 546 1640 nos
583 1602 624 1640 et
668 1614 755 1640 rem
798 1615 837 1653 p.
877 1614 1002 1653 quam
1039 1599 1159 1640 valde
1201 1599 1525 1654 desperaverint,

185 1673 236 1698 ex
267 1658 439 1711 litteris,
477 1672 579 1712 quas
611 1658 779 1712 publice
810 1658 924 1712 misi,
966 1672 1203 1714 cognosces.
1265 1658 1322 1698 Et
1354 1658 1524 1712 quidem

184 1716 320 1757 multo
351 1717 518 1770 parcius
550 1717 709 1771 scripsi,
743 1731 868 1770 quam
901 1732 944 1757 re
970 1732 1067 1758 vera
1098 1718 1237 1758 furere
1269 1731 1339 1758 eos
1371 1717 1523 1758 inveni.
1544 1728 1577 1753 25

185 1774 307 1824 Quod
338 1790 437 1816 vero
471 1775 632 1830 aliquid
664 1775 713 1816 de
746 1776 797 1816 iis
834 1776 1004 1830 scripsi,
1045 1776 1192 1816 mirari
1230 1776 1336 1826 noli3
1376 1776 1526 1816 mirast

185 1848 331 1875 eorum
364 1834 557 1875 amentia.
619 1835 648 1886 ’ἰ-
679 1833 769 1875 Nec
799 1849 866 1875 me
898 1849 1014 1875 meae
1046 1835 1155 1875 ullae
1187 1834 1387 1888 privatim
1419 1834 1525 1874 iniu-

185 1893 270 1933 riae
308 1907 526 1947 umquam3
564 1893 699 1933 malus
737 1893 902 1934 animus
940 1907 1085 1934 eorum
1123 1893 1166 1933 in
1203 1895 1348 1934 nostra
1379 1893 1524 1945 salute,

184 1951 392 2005 cupiditas
429 1952 615 2006 partium
654 1951 849 2005 aliarum,
892 1951 1204 2006 perseverantia
1235 1951 1279 1992 in
1311 1955 1524 2005 contemp-

183 2010 298 2051 tione
345 2011 509 2064 optumi
554 2010 755 2064 cuiusque
798 2010 969 2051 ferenda
1011 2010 1118 2051 mihi
1154 2024 1241 2051 non
1281 2010 1372 2050 fuit.
1433 2008 1525 2050 Nec
1543 2021 1578 2046 ³0

183 2072 325 2110 tamen
353 2069 490 2110 omnis
514 2069 703 2122 perditos
730 2083 818 2110 esse
843 2072 966 2123 puto3
998 2069 1071 2110 sed
1096 2069 1207 2109 idem
1233 2067 1308 2122 illi,
1335 2067 1407 2122 qui
1431 2071 1524 2108 tum

184 2128 419 2182 fugientem
449 2131 614 2181 patrem
646 2142 808 2181 meum,
841 2127 913 2181 qui
943 2127 989 2168 L.
1020 2127 1266 2181 Lentulum,
1299 2126 1372 2180 qui
1402 2125 1525 2167 Pom-

184 2186 347 2240 peium,
391 2186 464 2241 qui
503 2189 663 2227 ceteros
701 2186 814 2226 viros
854 2186 1108 2227 clarissimos
1143 2199 1230 2226 non
1267 2188 1525 2239 receperunt,

185 2244 295 2284 idem
334 2248 551 2299 tamquam
588 2245 730 2299 aliquo
769 2244 857 2285 fato
896 2247 937 2285 et
977 2259 1088 2285 nunc
1125 2247 1197 2285 aut
1227 2244 1525 2299 magistratum

184 2306 338 2357 gerunt
370 2306 442 2344 aut
475 2318 556 2358 eos,
590 2303 661 2357 qui
694 2306 791 2344 sunt
823 2303 866 2344 in
898 2303 1162 2359 magistratu,
1194 2302 1237 2342 in
1269 2316 1342 2343 sua
1367 2302 1526 2344 habent
1544 2313 1578 2339 85
