1659 2552
165 78 253 120 212
664 74 1003 110 EPISTULARUM

116 186 136 216 5
250 173 453 229 [Senatus
478 172 714 222 consultum,
747 169 1006 224 auctoritas]
1062 169 1135 210 Pr.
1162 169 1218 210 K.
1251 167 1431 210 Octobris
1461 169 1507 210 in

163 234 259 275 aede
289 232 499 286 Apollinis
530 232 645 273 scrib.
679 231 902 282 adfuerunt
931 228 980 269 L.
1007 227 1220 269 Domitius
1248 226 1322 269 ὧι.
1345 229 1376 280 Γ.
1403 227 1506 269 Fab.

162 292 475 341 Ahenobarbus,
523 290 565 343 Q.
608 289 807 331 Caecilius
853 288 897 340 Q.
939 288 970 340 Γ.
1017 286 1120 328 Fab.
1165 286 1356 328 Metellus
1401 285 1508 328 Pius

164 350 320 404 Scipio,
365 350 412 391 L.
459 349 607 390 Villius
644 348 692 389 L.
731 348 762 400 Γ.
802 346 918 387 Pom.
956 345 1161 396 Annalis,
1203 344 1245 387 G.
1287 344 1508 397 Septimius

168 410 211 451 T.
240 410 272 462 Γ.
308 409 410 463 Qui„
446 407 487 449 C.
515 407 701 448 Lucilius
736 404 776 447 C.
802 406 833 458 Γ.
862 404 967 457 Pup.
994 404 1166 457 Hirrus,
1201 403 1243 446 C.
1271 403 1508 445 Scribonius
1545 414 1561 439 ⁵

168 468 210 510 C.
238 470 270 521 Γ.
304 468 404 520 Pop.
441 466 583 516 Curio,
617 465 664 506 L.
698 464 842 505 Ateius
873 463 922 504 L.
951 464 982 516 f.
1014 463 1096 504 An.
1133 461 1293 516 Capito,
1326 461 1390 503 Μ
1421 462 1508 515 Ep-

157 528 258 580 pius
296 526 360 568 M.
389 527 420 578 Γ.
456 526 543 567 Ter.
597 524 711 576 Quod
748 522 812 563 M.
845 521 1074 563 Marcellus
1110 535 1185 563 cos.
1216 536 1250 562 v.
1279 522 1311 574 Γ.
1343 522 1390 562 de
1413 534 1508 574 pro-

165 586 312 627 vinciis
344 583 634 633 consularibus,
665 583 701 622 d.
723 596 752 622 e.
772 596 804 622 r.
826 582 852 622 i.
873 595 916 634 c.,
948 581 1009 622 uti
1034 580 1082 621 L.
1110 579 1289 633 Paulus,
1324 579 1365 621 C.
1386 579 1509 621 Mar-

165 644 287 686 cellus
312 657 398 693 cos„
432 657 522 684 cum
548 642 835 694 mayistratum
860 640 1042 690 inissent,
1074 653 1123 680 ex
1148 639 1203 680 K.
1231 638 1374 689 Mart,
1406 651 1510 692 quae

167 704 213 744 in
249 716 320 744 suo
359 702 601 755 magristratu
635 701 803 752 futurae
839 701 982 749 essent,
1023 698 1071 739 dc
1107 697 1388 739 consularibus
1410 710 1508 750 pro-
1528 708 1562 732 ιο

167 762 313 803 vinciis
355 762 410 801 ad
447 762 633 801 senatum
675 759 890 811 referrent,
933 771 1028 798 neve
1070 757 1172 809 quid
1206 757 1328 809 prius
1367 769 1417 798 ex
1453 755 1508 797 K.

168 820 298 861 Mart.
338 820 394 860 ad
428 822 613 860 senatum
651 818 850 870 referrent
888 830 986 857 neve
1021 816 1122 868 quid
1156 815 1401 857 coniunctim
1431 813 1510 869 [de

167 894 216 920 ea
250 893 294 920 re
329 879 548 930 referretur
579 890 606 917 a
636 874 865 930 consiliisJ,
903 876 1040 927 utique
1076 875 1163 916 eius
1192 875 1254 915 rei
1284 886 1410 915 causa
1433 886 1511 926 per

168 939 252 979 (lies
289 936 510 978 comitiales
550 939 736 977 senatum
773 934 965 975 haberent
997 936 1237 985 senatusque
1267 945 1373 974 cons.
1401 932 1510 985 face-

168 1000 272 1047 rent,
305 999 358 1046 et,
391 1009 481 1036 cum
511 996 558 1036 cle
589 1008 638 1035 ea
666 1007 710 1035 re
742 994 798 1034 acl
826 996 1012 1034 senatum
1041 992 1278 1044 referretur,
1318 1005 1345 1032 a
1381 990 1510 1032 consi-
1530 1000 1562 1026 15

169 1056 248 1105 liis,
280 1056 351 1108 qui
376 1067 513 1095 eorum
544 1054 590 1094 in
622 1069 697 1095 ccc
724 1052 927 1093 iudicibus
958 1055 1101 1101 essent,
1139 1063 1170 1091 s.
1194 1051 1225 1103 Γ.
1251 1063 1281 1091 3.
1314 1050 1510 1091 adducere

170 1115 323 1162 liceret,·
356 1114 394 1154 si
412 1113 513 1165 quid
536 1113 583 1153 cle
607 1125 655 1152 ea
679 1125 723 1153 rc
749 1111 805 1152 ad
816 1109 1016 1163 populum
1033 1109 1091 1163 pl.
1111 1123 1157 1150 ve
1176 1109 1257 1150 lato
1277 1121 1378 1162 opus
1402 1111 1510 1157 esset,

172 1174 230 1214 uti
262 1172 346 1213 Ser.
380 1170 606 1224 Sulpicius,
645 1169 708 1211 M.
742 1169 970 1210 Marcellus
989 1181 1075 1218 eos„
1100 1169 1309 1219 praetores
1329 1169 1376 1206 tr.
1395 1178 1431 1218 q.
1442 1163 1514 1218 pl„

170 1227 314 1284 quibus
345 1244 483 1271 eorum
506 1230 719 1279 videretur,
751 1229 808 1269 ad
829 1227 1029 1280 populum
1049 1227 1106 1280 pl.
1131 1240 1176 1268 ve
1198 1227 1374 1279 ferrent,·
1405 1224 1514 1278 quod

169 1291 207 1331 si
232 1291 266 1330 ii
290 1303 373 1330 non
399 1288 592 1338 tulissent,
618 1288 690 1341 uti,
715 1288 954 1339 quicumque
973 1286 1157 1337 deinceps
1188 1287 1326 1334 essent,
1358 1284 1415 1324 ad
1435 1296 1511 1336 po-
1531 1294 1562 1318 2⁰

165 1348 315 1402 pulum
338 1347 397 1400 pl.
426 1362 471 1389 ve
499 1350 660 1397 ferrent.
716 1345 757 1388 Ο.

125 1421 145 1447 c.
262 1406 334 1447 Pr.
367 1405 421 1446 K.
461 1404 642 1446 Octobres
673 1405 719 1444 in
756 1404 852 1444 aede
889 1401 1098 1455 Apollinis
1137 1401 1252 1442 scrib.
1292 1400 1515 1453 adfuerunt

172 1466 219 1506 L.
264 1464 474 1506 Domitius
521 1462 592 1504 Cn.
633 1463 664 1515 Γ.
709 1462 812 1503 Fab.
856 1460 1175 1510 Ahenobarbus,
1221 1459 1264 1511 Q.
1313 1458 1513 1500 Caecilius

175 1525 218 1576 (2.
247 1525 278 1576 Γ.
311 1523 412 1564 Fab.
447 1521 637 1563 Metellus
669 1520 775 1561 Pius
810 1520 956 1572 Scipio,
987 1519 1037 1560 L.
1077 1518 1227 1559 Villius
1258 1517 1306 1558 L.
1336 1518 1368 1570 Γ.
1396 1516 1512 1558 Pom.

173 1582 366 1632 Annalis,
402 1580 443 1622 C.
471 1580 691 1633 Septimius
725 1579 769 1620 T.
793 1579 823 1631 Γ.
860 1578 961 1630 Qui,
997 1577 1038 1619 C.
1065 1577 1251 1618 Lucilius
1280 1575 1322 1618 G.
1346 1576 1377 1629 Γ.
1405 1574 1511 1628 Pup.
1533 1586 1566 1611 25

173 1641 342 1691 Hirrus,
379 1639 419 1681 C.
453 1639 690 1681 Scribonius
725 1637 766 1679 C.
795 1638 826 1690 Γ.
860 1636 960 1689 Pop.
997 1636 1133 1690 Curio,
1164 1635 1212 1676 L.
1240 1635 1386 1676 Ateius
1410 1634 1458 1675 L.
1481 1635 1513 1687 Γ.

174 1700 255 1741 An.
292 1698 445 1751 Capito,
479 1698 541 1739 M.
575 1697 737 1750 Eppius
770 1695 833 1737 M.
856 1698 887 1749 f.
917 1696 1005 1736 Ter.
1053 1695 1169 1747 Quod
1197 1693 1262 1735 M.
1289 1692 1515 1734 Marcellus

175 1772 248 1800 cos.
281 1773 315 1799 v.
345 1759 376 1810 Γ.
409 1758 456 1799 de
478 1757 718 1810 provinciis,
750 1756 786 1797 d.
819 1769 847 1796 e.
878 1769 911 1795 r.
938 1755 964 1794 i.
992 1767 1033 1804 c.,
1064 1756 1251 1795 senatum
1281 1753 1515 1794 existimare

175 1818 376 1859 neminem
407 1830 555 1868 eorum,
587 1815 657 1867 qui
684 1817 918 1866 potestatem
948 1813 1097 1854 liabent
1124 1811 1411 1860 intercedendi,
1452 1810 1515 1850 in-

168 1876 378 1929 pediendi,
418 1889 576 1916 moram
608 1874 769 1925 adferre
799 1875 995 1926 oportere,
1027 1885 1104 1924 quo
1135 1871 1272 1911 minus
1297 1870 1344 1911 cle
1367 1883 1400 1910 r.
1416 1882 1456 1920 p.
1470 1881 1513 1920 p.
1534 1879 1568 1904 ³0

177 1934 226 1975 R.
259 1949 293 1987 q.
321 1949 362 1986 p.
396 1934 452 1974 acl
492 1936 678 1974 senatum
720 1932 866 1984 referri
908 1931 1117 1982 senatique
1159 1927 1383 1970 consultum
1423 1927 1515 1979 fieri

170 1994 320 2046 possit,·
359 1993 429 2045 qui
459 1992 703 2044 impedierit,
735 1990 1005 2043 prohibuerit,
1045 2002 1136 2030 eum
1165 1990 1351 2028 senatum
1381 1985 1515 2026 existi-

179 2066 290 2092 mare
330 2055 470 2092 contra
508 2064 593 2092 rem
628 2049 836 2102 publicam
874 2049 1025 2100 fecisse.
1089 2046 1137 2088 Si
1172 2047 1263 2099 quis
1299 2045 1394 2085 liuio
1422 2056 1453 2084 s.
1486 2056 1515 2084 e.

179 2111 457 2160 intercesserit,
489 2110 649 2151 senat-ui
680 2107 841 2160 placere
872 2107 1152 2147 auctoritatem
1175 2103 1374 2157 perscribi
1405 2105 1443 2143 et
1470 2102 1518 2143 de

178 2183 225 2210 ca
257 2183 298 2210 re
329 2169 385 2209 ad
413 2171 599 2209 senatum
628 2181 671 2220 p.
703 2180 738 2219 q.
772 2170 795 2207 t.
827 2165 982 2218 referri.
1028 2163 1146 2207 Huic.
1170 2176 1201 2204 3.
1233 2175 1262 2202 c.
1295 2161 1519 2202 intercessit
1535 2170 1569 2197 35

183 2228 223 2267 (J.
259 2228 278 2267 ζ
286 2227 431 2276 'aelius,
464 2226 510 2267 L.
547 2226 744 2275 Vinicius,
779 2224 827 2265 P.
858 2223 1079 2273 Cornelius,
1114 2220 1156 2263 C.
1190 2220 1332 2262 Vibius
1360 2218 1516 2269 Pansa,

182 2289 227 2325 tr.
256 2286 311 2337 pl.
