<?xml version="1.0" encoding="UTF-8"?>
<!DOCTYPE html PUBLIC "-//W3C//DTD XHTML 1.0 Transitional//EN"
    "http://www.w3.org/TR/xhtml1/DTD/xhtml1-transitional.dtd">
<html xmlns="http://www.w3.org/1999/xhtml" xml:lang="en" lang="en">
 <head>
  <title>
</title>
<meta http-equiv="Content-Type" content="text/html;charset=utf-8" />
  <meta name='ocr-system' content='tesseract 3.04.00' />
  <meta name='ocr-capabilities' content='ocr_page ocr_carea ocr_par ocr_line ocrx_word'/>
</head>
<body>
  <div class='ocr_page' id='page_1' title='image "./p1scriptaquaemanse03ciceuoft_0599.png"; bbox 0 0 1659 2552; ppageno 0'>
   <div class='ocr_carea' id='block_1_1' title="bbox 605 72 1476 113">
    <p class='ocr_par' dir='ltr' id='par_1_1' title="bbox 605 72 1476 113">
     <span class='ocr_line' id='line_1_1' title="bbox 605 72 1476 113; baseline 0.008 -7"><span class='ocrx_word' id='word_1_1' title='bbox 605 73 748 107; x_wconf 84' lang='lat' dir='ltr'>LIBER</span> <span class='ocrx_word' id='word_1_2' title='bbox 772 72 855 107; x_wconf 89' lang='lat' dir='ltr'>XVI</span> <span class='ocrx_word' id='word_1_3' title='bbox 880 76 986 108; x_wconf 65' lang='lat'>4—7.</span> <span class='ocrx_word' id='word_1_4' title='bbox 1390 72 1476 113; x_wconf 83' lang='lat'>473</span> 
     </span>
    </p>
   </div>
   <div class='ocr_carea' id='block_1_2' title="bbox 419 214 1193 339">
    <p class='ocr_par' dir='ltr' id='par_1_2' title="bbox 419 214 1193 339">
     <span class='ocr_line' id='line_1_2' title="bbox 768 214 840 257; baseline 0.014 -1"><span class='ocrx_word' id='word_1_5' title='bbox 768 214 840 257; x_wconf 88' lang='lat' dir='ltr'>VI.</span> 
     </span>
     <span class='ocr_line' id='line_1_3' title="bbox 419 295 1193 339; baseline -0.001 -9"><span class='ocrx_word' id='word_1_6' title='bbox 419 295 491 330; x_wconf 79' lang='lat' dir='ltr'>Ser.</span> <span class='ocrx_word' id='word_1_7' title='bbox 519 296 605 331; x_wconf 66' lang='lat' dir='ltr'>Acti</span> <span class='ocrx_word' id='word_1_8' title='bbox 638 296 716 330; x_wconf 87' lang='lat' dir='ltr'>VII</span> <span class='ocrx_word' id='word_1_9' title='bbox 740 296 795 330; x_wconf 81' lang='lat' dir='ltr'>Id.</span> <span class='ocrx_word' id='word_1_10' title='bbox 823 296 915 331; x_wconf 69' lang='lat' dir='ltr'>Nou.</span> <span class='ocrx_word' id='word_1_11' title='bbox 942 307 976 330; x_wconf 81' lang='grc' dir='ltr'>α.</span> <span class='ocrx_word' id='word_1_12' title='bbox 1004 297 1075 330; x_wconf 66' lang='lat'>704</span> <span class='ocrx_word' id='word_1_13' title='bbox 1102 297 1193 339; x_wconf 71' lang='lat'>(50).</span> 
     </span>
    </p>
   </div>
   <div class='ocr_carea' id='block_1_3' title="bbox 256 376 1358 419">
    <p class='ocr_par' dir='ltr' id='par_1_3' title="bbox 256 376 1358 419">
     <span class='ocr_line' id='line_1_4' title="bbox 256 376 1358 419; baseline 0.002 -9"><span class='ocrx_word' id='word_1_14' title='bbox 256 376 460 411; x_wconf 82' lang='lat' dir='ltr'>TULLIUS</span> <span class='ocrx_word' id='word_1_15' title='bbox 486 377 547 411; x_wconf 88' lang='grc' dir='ltr'>ΕΤ</span> <span class='ocrx_word' id='word_1_16' title='bbox 575 376 741 412; x_wconf 87' lang='lat' dir='ltr'>CICERO</span> <span class='ocrx_word' id='word_1_17' title='bbox 769 377 830 411; x_wconf 88' lang='lat' dir='ltr'>ET</span> <span class='ocrx_word' id='word_1_18' title='bbox 859 377 899 418; x_wconf 83' lang='lat' dir='ltr'>Q.</span> <span class='ocrx_word' id='word_1_19' title='bbox 928 376 967 419; x_wconf 88' lang='lat' dir='ltr'>Q.</span> <span class='ocrx_word' id='word_1_20' title='bbox 994 376 1161 411; x_wconf 87' lang='lat' dir='ltr'><strong>TIRONI</strong></span> <span class='ocrx_word' id='word_1_21' title='bbox 1190 377 1223 411; x_wconf 86' lang='lat' dir='ltr'>S.</span> <span class='ocrx_word' id='word_1_22' title='bbox 1249 376 1288 412; x_wconf 91' lang='lat' dir='ltr'>P.</span> <span class='ocrx_word' id='word_1_23' title='bbox 1315 376 1358 412; x_wconf 88' lang='lat' dir='ltr'>D.</span> 
     </span>
    </p>
   </div>
   <div class='ocr_carea' id='block_1_4' title="bbox 85 459 1524 1218">
    <p class='ocr_par' dir='ltr' id='par_1_4' title="bbox 85 459 1524 1218">
     <span class='ocr_line' id='line_1_5' title="bbox 226 459 1521 515; baseline 0.001 -14"><span class='ocrx_word' id='word_1_24' title='bbox 226 459 412 501; x_wconf 80' lang='lat' dir='ltr'>Tertiam</span> <span class='ocrx_word' id='word_1_25' title='bbox 451 461 502 501; x_wconf 86' lang='lat' dir='ltr'>ad</span> <span class='ocrx_word' id='word_1_26' title='bbox 542 464 584 502; x_wconf 89' lang='lat' dir='ltr'>te</span> <span class='ocrx_word' id='word_1_27' title='bbox 624 462 731 502; x_wconf 85' lang='lat' dir='ltr'>hanc</span> <span class='ocrx_word' id='word_1_28' title='bbox 772 461 995 515; x_wconf 75' lang='lat' dir='ltr'>epistulam</span> <span class='ocrx_word' id='word_1_29' title='bbox 1036 461 1184 515; x_wconf 80' lang='lat' dir='ltr'>scripsi</span> <span class='ocrx_word' id='word_1_30' title='bbox 1225 461 1372 502; x_wconf 88' lang='lat' dir='ltr'>eodem</span> <span class='ocrx_word' id='word_1_31' title='bbox 1411 461 1477 502; x_wconf 88' lang='lat' dir='ltr'>die</span> <span class='ocrx_word' id='word_1_32' title='bbox 1505 473 1521 503; x_wconf 89' lang='lat'>1</span> 
     </span>
     <span class='ocr_line' id='line_1_6' title="bbox 102 519 1477 574; baseline 0.001 -15"><span class='ocrx_word' id='word_1_33' title='bbox 102 520 273 574; x_wconf 58' lang='lat' dir='ltr'>amagis</span> <span class='ocrx_word' id='word_1_34' title='bbox 312 519 497 560; x_wconf 87' lang='lat' dir='ltr'>instituti</span> <span class='ocrx_word' id='word_1_35' title='bbox 536 521 619 561; x_wconf 91' lang='lat' dir='ltr'>mei</span> <span class='ocrx_word' id='word_1_36' title='bbox 657 520 827 561; x_wconf 89' lang='lat' dir='ltr'>tenendi</span> <span class='ocrx_word' id='word_1_37' title='bbox 859 534 998 573; x_wconf 85' lang='lat' dir='ltr'>causa,</span> <span class='ocrx_word' id='word_1_38' title='bbox 1037 520 1135 574; x_wconf 84' lang='lat' dir='ltr'>quia</span> <span class='ocrx_word' id='word_1_39' title='bbox 1171 524 1318 561; x_wconf 78' lang='lat' dir='ltr'>nactus</span> <span class='ocrx_word' id='word_1_40' title='bbox 1351 534 1477 574; x_wconf 85' lang='lat' dir='ltr'>eram,</span> 
     </span>
     <span class='ocr_line' id='line_1_7' title="bbox 138 577 1479 634; baseline 0.001 -16"><span class='ocrx_word' id='word_1_41' title='bbox 138 578 205 618; x_wconf 90' lang='lat' dir='ltr'>cui</span> <span class='ocrx_word' id='word_1_42' title='bbox 238 578 391 632; x_wconf 85' lang='lat' dir='ltr'>darem,</span> <span class='ocrx_word' id='word_1_43' title='bbox 424 593 550 632; x_wconf 84' lang='lat' dir='ltr'>quam</span> <span class='ocrx_word' id='word_1_44' title='bbox 577 594 660 633; x_wconf 88' lang='lat' dir='ltr'>quo</span> <span class='ocrx_word' id='word_1_45' title='bbox 686 579 897 633; x_wconf 87' lang='lat' dir='ltr'>haberem,</span> <span class='ocrx_word' id='word_1_46' title='bbox 930 579 1033 633; x_wconf 87' lang='lat' dir='ltr'>quid</span> <span class='ocrx_word' id='word_1_47' title='bbox 1058 579 1294 620; x_wconf 75' lang='lat' dir='ltr'>scriberem.</span> <span class='ocrx_word' id='word_1_48' title='bbox 1338 577 1479 634; x_wconf 81' lang='lat' dir='ltr'>Igitur</span> 
     </span>
     <span class='ocr_line' id='line_1_8' title="bbox 138 636 1478 693; baseline 0.001 -17"><span class='ocrx_word' id='word_1_49' title='bbox 138 637 227 677; x_wconf 83' lang='lat' dir='ltr'>illa:</span> <span class='ocrx_word' id='word_1_50' title='bbox 269 636 482 685; x_wconf 86' lang='lat' dir='ltr'>Quantum</span> <span class='ocrx_word' id='word_1_51' title='bbox 523 652 589 678; x_wconf 92' lang='lat' dir='ltr'>me</span> <span class='ocrx_word' id='word_1_52' title='bbox 631 638 790 693; x_wconf 84' lang='lat' dir='ltr'>diligis,</span> <span class='ocrx_word' id='word_1_53' title='bbox 830 640 997 678; x_wconf 78' lang='lat' dir='ltr'>tantum</span> <span class='ocrx_word' id='word_1_54' title='bbox 1035 637 1188 678; x_wconf 80' lang='lat' dir='ltr'>adhibe</span> <span class='ocrx_word' id='word_1_55' title='bbox 1225 638 1269 678; x_wconf 90' lang='lat' dir='ltr'>in</span> <span class='ocrx_word' id='word_1_56' title='bbox 1306 640 1348 678; x_wconf 92' lang='lat' dir='ltr'>te</span> <span class='ocrx_word' id='word_1_57' title='bbox 1387 637 1478 678; x_wconf 82' lang='lat' dir='ltr'>dili-</span> 
     </span>
     <span class='ocr_line' id='line_1_9' title="bbox 137 695 1478 751; baseline 0.001 -16"><span class='ocrx_word' id='word_1_58' title='bbox 137 695 321 751; x_wconf 79' lang='lat' dir='ltr'>gentiae3</span> <span class='ocrx_word' id='word_1_59' title='bbox 359 696 412 736; x_wconf 85' lang='lat' dir='ltr'>ad</span> <span class='ocrx_word' id='word_1_60' title='bbox 442 698 516 736; x_wconf 86' lang='lat' dir='ltr'>tua</span> <span class='ocrx_word' id='word_1_61' title='bbox 548 696 871 737; x_wconf 80' lang='lat' dir='ltr'>innumerabilia</span> <span class='ocrx_word' id='word_1_62' title='bbox 904 696 948 736; x_wconf 91' lang='lat' dir='ltr'>in</span> <span class='ocrx_word' id='word_1_63' title='bbox 978 711 1045 736; x_wconf 89' lang='lat' dir='ltr'>me</span> <span class='ocrx_word' id='word_1_64' title='bbox 1078 696 1218 737; x_wconf 82' lang='lat' dir='ltr'>officia</span> <span class='ocrx_word' id='word_1_65' title='bbox 1250 696 1354 737; x_wconf 84' lang='lat' dir='ltr'>adde</span> <span class='ocrx_word' id='word_1_66' title='bbox 1385 696 1478 751; x_wconf 91' lang='lat' dir='ltr'>hoc,</span> 
     </span>
     <span class='ocr_line' id='line_1_10' title="bbox 138 754 1478 810; baseline 0.001 -16"><span class='ocrx_word' id='word_1_67' title='bbox 138 754 252 808; x_wconf 90' lang='lat' dir='ltr'>quod</span> <span class='ocrx_word' id='word_1_68' title='bbox 282 754 388 794; x_wconf 92' lang='lat' dir='ltr'>mihi</span> <span class='ocrx_word' id='word_1_69' title='bbox 421 755 501 795; x_wconf 90' lang='lat' dir='ltr'>erit</span> <span class='ocrx_word' id='word_1_70' title='bbox 532 756 821 810; x_wconf 84' lang='lat' dir='ltr'>gratissimum</span> <span class='ocrx_word' id='word_1_71' title='bbox 853 755 1060 809; x_wconf 80' lang='lat' dir='ltr'>omnium3</span> <span class='ocrx_word' id='word_1_72' title='bbox 1098 769 1193 795; x_wconf 89' lang='lat' dir='ltr'>cum</span> <span class='ocrx_word' id='word_1_73' title='bbox 1224 755 1478 796; x_wconf 80' lang='lat' dir='ltr'>valetudinis</span> 
     </span>
     <span class='ocr_line' id='line_1_11' title="bbox 85 813 1478 869; baseline 0.001 -17"><span class='ocrx_word' id='word_1_74' title='bbox 85 826 118 850; x_wconf 87' lang='lat'>10</span> <span class='ocrx_word' id='word_1_75' title='bbox 138 813 366 867; x_wconf 84' lang='lat' dir='ltr'>rationem,</span> <span class='ocrx_word' id='word_1_76' title='bbox 410 816 458 854; x_wconf 86' lang='lat' dir='ltr'>ut</span> <span class='ocrx_word' id='word_1_77' title='bbox 501 828 641 868; x_wconf 88' lang='lat' dir='ltr'>spero,</span> <span class='ocrx_word' id='word_1_78' title='bbox 684 814 900 867; x_wconf 78' lang='lat' dir='ltr'>habueris,</span> <span class='ocrx_word' id='word_1_79' title='bbox 943 813 1098 854; x_wconf 81' lang='lat' dir='ltr'>habeto</span> <span class='ocrx_word' id='word_1_80' title='bbox 1141 813 1268 854; x_wconf 85' lang='lat' dir='ltr'>etiam</span> <span class='ocrx_word' id='word_1_81' title='bbox 1307 814 1478 869; x_wconf 83' lang='lat' dir='ltr'>naviga-</span> 
     </span>
     <span class='ocr_line' id='line_1_12' title="bbox 137 870 1524 926; baseline 0.001 -14"><span class='ocrx_word' id='word_1_82' title='bbox 137 871 284 926; x_wconf 82' lang='lat' dir='ltr'>tionis3</span> <span class='ocrx_word' id='word_1_83' title='bbox 316 872 359 911; x_wconf 90' lang='lat' dir='ltr'>in</span> <span class='ocrx_word' id='word_1_84' title='bbox 391 870 559 912; x_wconf 83' lang='lat' dir='ltr'>Italiam</span> <span class='ocrx_word' id='word_1_85' title='bbox 591 873 789 913; x_wconf 90' lang='lat' dir='ltr'>euntibus</span> <span class='ocrx_word' id='word_1_86' title='bbox 821 872 1017 913; x_wconf 90' lang='lat' dir='ltr'>omnibus</span> <span class='ocrx_word' id='word_1_87' title='bbox 1043 872 1095 912; x_wconf 84' lang='lat' dir='ltr'>ad</span> <span class='ocrx_word' id='word_1_88' title='bbox 1119 887 1187 913; x_wconf 90' lang='lat' dir='ltr'>me</span> <span class='ocrx_word' id='word_1_89' title='bbox 1217 872 1381 913; x_wconf 82' lang='lat' dir='ltr'>litteras</span> <span class='ocrx_word' id='word_1_90' title='bbox 1411 872 1478 913; x_wconf 79' lang='lat' dir='ltr'>da·</span> <span class='ocrx_word' id='word_1_91' title='bbox 1504 884 1524 913; x_wconf 84' lang='lat'><strong>2</strong></span> 
     </span>
     <span class='ocr_line' id='line_1_13' title="bbox 138 930 1478 986; baseline 0.001 -16"><span class='ocrx_word' id='word_1_92' title='bbox 138 930 215 984; x_wconf 86' lang='lat' dir='ltr'>bis,</span> <span class='ocrx_word' id='word_1_93' title='bbox 243 933 290 971; x_wconf 87' lang='lat' dir='ltr'>ut</span> <span class='ocrx_word' id='word_1_94' title='bbox 316 944 394 985; x_wconf 84' lang='lat' dir='ltr'>ego</span> <span class='ocrx_word' id='word_1_95' title='bbox 421 934 589 972; x_wconf 90' lang='lat' dir='ltr'>euntem</span> <span class='ocrx_word' id='word_1_96' title='bbox 615 931 762 971; x_wconf 81' lang='lat' dir='ltr'>Patras</span> <span class='ocrx_word' id='word_1_97' title='bbox 787 931 999 972; x_wconf 88' lang='lat' dir='ltr'>neminem</span> <span class='ocrx_word' id='word_1_98' title='bbox 1023 931 1336 985; x_wconf 80' lang='lat' dir='ltr'>praetermitt03</span> <span class='ocrx_word' id='word_1_99' title='bbox 1368 945 1478 986; x_wconf 85' lang='lat' dir='ltr'>cura,</span> 
     </span>
     <span class='ocr_line' id='line_1_14' title="bbox 140 989 1479 1045; baseline 0.001 -16"><span class='ocrx_word' id='word_1_100' title='bbox 140 1003 239 1029; x_wconf 84' lang='lat' dir='ltr'>cura</span> <span class='ocrx_word' id='word_1_101' title='bbox 270 992 323 1042; x_wconf 86' lang='lat' dir='ltr'>te,</span> <span class='ocrx_word' id='word_1_102' title='bbox 354 989 413 1029; x_wconf 92' lang='lat' dir='ltr'>mi</span> <span class='ocrx_word' id='word_1_103' title='bbox 439 989 550 1030; x_wconf 88' lang='lat' dir='ltr'>Tiro.</span> <span class='ocrx_word' id='word_1_104' title='bbox 602 989 810 1038; x_wconf 80' lang='lat' dir='ltr'>Quoniam</span> <span class='ocrx_word' id='word_1_105' title='bbox 835 1004 921 1030; x_wconf 91' lang='lat' dir='ltr'>non</span> <span class='ocrx_word' id='word_1_106' title='bbox 947 990 1140 1045; x_wconf 87' lang='lat' dir='ltr'>contigit,</span> <span class='ocrx_word' id='word_1_107' title='bbox 1172 993 1219 1030; x_wconf 90' lang='lat' dir='ltr'>ut</span> <span class='ocrx_word' id='word_1_108' title='bbox 1251 990 1378 1030; x_wconf 88' lang='lat' dir='ltr'>simul</span> <span class='ocrx_word' id='word_1_109' title='bbox 1408 1005 1479 1030; x_wconf 84' lang='lat' dir='ltr'>na-</span> 
     </span>
     <span class='ocr_line' id='line_1_15' title="bbox 138 1047 1478 1103; baseline 0.001 -16"><span class='ocrx_word' id='word_1_110' title='bbox 138 1048 321 1102; x_wconf 82' lang='lat' dir='ltr'>vigares,</span> <span class='ocrx_word' id='word_1_111' title='bbox 362 1047 469 1088; x_wconf 87' lang='lat' dir='ltr'>nihil</span> <span class='ocrx_word' id='word_1_112' title='bbox 507 1051 586 1101; x_wconf 85' lang='lat' dir='ltr'>est,</span> <span class='ocrx_word' id='word_1_113' title='bbox 627 1049 741 1102; x_wconf 86' lang='lat' dir='ltr'>quod</span> <span class='ocrx_word' id='word_1_114' title='bbox 777 1048 949 1089; x_wconf 73' lang='lat' dir='ltr'>festines</span> <span class='ocrx_word' id='word_1_115' title='bbox 980 1063 1056 1089; x_wconf 87' lang='lat' dir='ltr'>nec</span> <span class='ocrx_word' id='word_1_116' title='bbox 1089 1049 1314 1103; x_wconf 82' lang='lat' dir='ltr'>quicquam</span> <span class='ocrx_word' id='word_1_117' title='bbox 1348 1063 1478 1103; x_wconf 77' lang='lat' dir='ltr'>cureS,</span> 
     </span>
     <span class='ocr_line' id='line_1_16' title="bbox 87 1106 1477 1161; baseline 0.002 -16"><span class='ocrx_word' id='word_1_118' title='bbox 87 1118 119 1142; x_wconf 81' lang='lat'>15</span> <span class='ocrx_word' id='word_1_119' title='bbox 138 1106 220 1146; x_wconf 89' lang='lat' dir='ltr'>nisi</span> <span class='ocrx_word' id='word_1_120' title='bbox 247 1109 293 1146; x_wconf 90' lang='lat' dir='ltr'>ut</span> <span class='ocrx_word' id='word_1_121' title='bbox 319 1106 467 1146; x_wconf 74' lang='lat' dir='ltr'>valeas.</span> <span class='ocrx_word' id='word_1_122' title='bbox 518 1106 660 1148; x_wconf 82' lang='lat' dir='ltr'>Etiam</span> <span class='ocrx_word' id='word_1_123' title='bbox 687 1110 812 1161; x_wconf 82' lang='lat' dir='ltr'>atque</span> <span class='ocrx_word' id='word_1_124' title='bbox 844 1107 971 1147; x_wconf 86' lang='lat' dir='ltr'>etiam</span> <span class='ocrx_word' id='word_1_125' title='bbox 1002 1107 1105 1148; x_wconf 79' lang='lat' dir='ltr'>vale.</span> <span class='ocrx_word' id='word_1_126' title='bbox 1149 1119 1214 1147; x_wconf 87' lang='lat' dir='ltr'>VII</span> <span class='ocrx_word' id='word_1_127' title='bbox 1244 1106 1344 1148; x_wconf 84' lang='lat' dir='ltr'>Idus</span> <span class='ocrx_word' id='word_1_128' title='bbox 1368 1106 1477 1148; x_wconf 84' lang='lat' dir='ltr'>Nov.</span> 
     </span>
     <span class='ocr_line' id='line_1_17' title="bbox 139 1164 471 1218; baseline 0.003 -14"><span class='ocrx_word' id='word_1_129' title='bbox 139 1164 266 1205; x_wconf 79' lang='lat' dir='ltr'>Actio</span> <span class='ocrx_word' id='word_1_130' title='bbox 298 1165 471 1218; x_wconf 86' lang='lat' dir='ltr'>vesperi.</span> 
     </span>
    </p>
   </div>
   <div class='ocr_carea' id='block_1_5' title="bbox 387 1270 1234 1396">
    <p class='ocr_par' dir='ltr' id='par_1_5' title="bbox 387 1270 1234 1396">
     <span class='ocr_line' id='line_1_18' title="bbox 761 1270 855 1312; baseline 0.011 -1"><span class='ocrx_word' id='word_1_131' title='bbox 761 1270 855 1312; x_wconf 86' lang='lat' dir='ltr'>VH.</span> 
     </span>
     <span class='ocr_line' id='line_1_19' title="bbox 387 1350 1234 1396; baseline 0.001 -11"><span class='ocrx_word' id='word_1_132' title='bbox 387 1350 461 1385; x_wconf 81' lang='lat' dir='ltr'>Ser.</span> <span class='ocrx_word' id='word_1_133' title='bbox 489 1350 665 1396; x_wconf 76' lang='lat' dir='ltr'>Corcyrae</span> <span class='ocrx_word' id='word_1_134' title='bbox 691 1351 772 1385; x_wconf 91' lang='lat' dir='ltr'>XV</span> <span class='ocrx_word' id='word_1_135' title='bbox 795 1351 842 1386; x_wconf 90' lang='lat' dir='ltr'>K.</span> <span class='ocrx_word' id='word_1_136' title='bbox 870 1352 956 1386; x_wconf 83' lang='lat' dir='ltr'>Dec.</span> <span class='ocrx_word' id='word_1_137' title='bbox 984 1363 1016 1386; x_wconf 77' lang='lat' dir='ltr'>a.</span> <span class='ocrx_word' id='word_1_138' title='bbox 1046 1353 1116 1385; x_wconf 44' lang='lat'>‘704</span> <span class='ocrx_word' id='word_1_139' title='bbox 1143 1353 1234 1394; x_wconf 85' lang='lat'><em>(50).</em></span> 
     </span>
    </p>
   </div>
   <div class='ocr_carea' id='block_1_6' title="bbox 346 1431 1271 1468">
    <p class='ocr_par' dir='ltr' id='par_1_6' title="bbox 346 1431 1271 1468">
     <span class='ocr_line' id='line_1_20' title="bbox 346 1431 1271 1468; baseline 0.001 -2"><span class='ocrx_word' id='word_1_140' title='bbox 346 1432 543 1467; x_wconf 82' lang='lat' dir='ltr'>TULLIUS</span> <span class='ocrx_word' id='word_1_141' title='bbox 569 1432 629 1466; x_wconf 89' lang='grc' dir='ltr'>ΕΤ</span> <span class='ocrx_word' id='word_1_142' title='bbox 656 1432 822 1467; x_wconf 84' lang='lat' dir='ltr'>CICERO</span> <span class='ocrx_word' id='word_1_143' title='bbox 851 1433 883 1468; x_wconf 82' lang='lat' dir='ltr'>S.</span> <span class='ocrx_word' id='word_1_144' title='bbox 911 1433 953 1467; x_wconf 91' lang='lat' dir='ltr'>D.</span> <span class='ocrx_word' id='word_1_145' title='bbox 980 1432 1146 1467; x_wconf 80' lang='lat' dir='ltr'>TIRONI</span> <span class='ocrx_word' id='word_1_146' title='bbox 1172 1431 1271 1467; x_wconf 84' lang='lat' dir='ltr'>SUO.</span> 
     </span>
    </p>
   </div>
   <div class='ocr_carea' id='block_1_7' title="bbox 88 1514 1481 2153">
    <p class='ocr_par' dir='ltr' id='par_1_7' title="bbox 88 1514 1481 1805">
     <span class='ocr_line' id='line_1_21' title="bbox 88 1514 1478 1571; baseline 0.003 -18"><span class='ocrx_word' id='word_1_147' title='bbox 88 1528 121 1552; x_wconf 72' lang='lat'>20</span> <span class='ocrx_word' id='word_1_148' title='bbox 230 1514 466 1569; x_wconf 74' lang='lat' dir='ltr'>Septimum</span> <span class='ocrx_word' id='word_1_149' title='bbox 498 1516 582 1556; x_wconf 83' lang='lat' dir='ltr'>iam</span> <span class='ocrx_word' id='word_1_150' title='bbox 615 1517 725 1558; x_wconf 86' lang='lat' dir='ltr'>diem</span> <span class='ocrx_word' id='word_1_151' title='bbox 759 1516 965 1570; x_wconf 69' lang='lat' dir='ltr'>Corcyrae</span> <span class='ocrx_word' id='word_1_152' title='bbox 997 1517 1263 1571; x_wconf 81' lang='lat' dir='ltr'>tenebamur,</span> <span class='ocrx_word' id='word_1_153' title='bbox 1296 1516 1478 1565; x_wconf 83' lang='lat' dir='ltr'>Quintus</span> 
     </span>
     <span class='ocr_line' id='line_1_22' title="bbox 143 1574 1478 1627; baseline 0.001 -14"><span class='ocrx_word' id='word_1_154' title='bbox 143 1576 282 1614; x_wconf 81' lang='lat' dir='ltr'>autem</span> <span class='ocrx_word' id='word_1_155' title='bbox 324 1577 445 1627; x_wconf 84' lang='lat' dir='ltr'>pater</span> <span class='ocrx_word' id='word_1_156' title='bbox 487 1577 528 1615; x_wconf 91' lang='lat' dir='ltr'>et</span> <span class='ocrx_word' id='word_1_157' title='bbox 568 1575 681 1616; x_wconf 89' lang='lat' dir='ltr'>filius</span> <span class='ocrx_word' id='word_1_158' title='bbox 724 1575 936 1616; x_wconf 85' lang='lat' dir='ltr'>Buthroti.</span> <span class='ocrx_word' id='word_1_159' title='bbox 1000 1574 1182 1616; x_wconf 82' lang='lat' dir='ltr'>Solliciti</span> <span class='ocrx_word' id='word_1_160' title='bbox 1223 1590 1388 1616; x_wconf 85' lang='lat' dir='ltr'>eramus</span> <span class='ocrx_word' id='word_1_161' title='bbox 1428 1575 1478 1616; x_wconf 90' lang='lat' dir='ltr'>de</span> 
     </span>
     <span class='ocr_line' id='line_1_23' title="bbox 140 1632 1480 1674; baseline 0.002 -3"><span class='ocrx_word' id='word_1_162' title='bbox 140 1634 214 1672; x_wconf 86' lang='lat' dir='ltr'>tua</span> <span class='ocrx_word' id='word_1_163' title='bbox 239 1632 477 1672; x_wconf 79' lang='lat' dir='ltr'>valetudine</span> <span class='ocrx_word' id='word_1_164' title='bbox 507 1633 663 1673; x_wconf 90' lang='lat' dir='ltr'>mirum</span> <span class='ocrx_word' id='word_1_165' title='bbox 695 1633 739 1673; x_wconf 88' lang='lat' dir='ltr'>in</span> <span class='ocrx_word' id='word_1_166' title='bbox 769 1634 943 1674; x_wconf 83' lang='lat' dir='ltr'>modum</span> <span class='ocrx_word' id='word_1_167' title='bbox 973 1648 1050 1674; x_wconf 87' lang='lat' dir='ltr'>nec</span> <span class='ocrx_word' id='word_1_168' title='bbox 1080 1634 1341 1674; x_wconf 82' lang='lat' dir='ltr'>mirabamur</span> <span class='ocrx_word' id='word_1_169' title='bbox 1370 1634 1480 1674; x_wconf 89' lang='lat' dir='ltr'>nihil</span> 
     </span>
     <span class='ocr_line' id='line_1_24' title="bbox 142 1690 1479 1747; baseline 0.001 -17"><span class='ocrx_word' id='word_1_170' title='bbox 142 1705 164 1730; x_wconf 84' lang='lat' dir='ltr'>a</span> <span class='ocrx_word' id='word_1_171' title='bbox 196 1693 237 1730; x_wconf 90' lang='lat' dir='ltr'>te</span> <span class='ocrx_word' id='word_1_172' title='bbox 268 1690 523 1745; x_wconf 80' lang='lat' dir='ltr'>litterarum3</span> <span class='ocrx_word' id='word_1_173' title='bbox 562 1691 614 1731; x_wconf 89' lang='lat' dir='ltr'>iis</span> <span class='ocrx_word' id='word_1_174' title='bbox 651 1692 763 1732; x_wconf 87' lang='lat' dir='ltr'>enim</span> <span class='ocrx_word' id='word_1_175' title='bbox 800 1693 937 1732; x_wconf 81' lang='lat' dir='ltr'>ventis</span> <span class='ocrx_word' id='word_1_176' title='bbox 974 1692 1089 1732; x_wconf 87' lang='lat' dir='ltr'>istim</span> <span class='ocrx_word' id='word_1_177' title='bbox 1125 1693 1368 1747; x_wconf 76' lang='lat' dir='ltr'>navigatur,</span> <span class='ocrx_word' id='word_1_178' title='bbox 1406 1692 1479 1745; x_wconf 88' lang='lat' dir='ltr'>qui</span> 
     </span>
     <span class='ocr_line' id='line_1_25' title="bbox 142 1748 1481 1805; baseline 0.001 -16"><span class='ocrx_word' id='word_1_179' title='bbox 142 1749 177 1789; x_wconf 88' lang='lat' dir='ltr'>si</span> <span class='ocrx_word' id='word_1_180' title='bbox 215 1752 369 1802; x_wconf 83' lang='lat' dir='ltr'>essent,</span> <span class='ocrx_word' id='word_1_181' title='bbox 407 1764 483 1789; x_wconf 89' lang='lat' dir='ltr'>nos</span> <span class='ocrx_word' id='word_1_182' title='bbox 522 1748 728 1802; x_wconf 78' lang='lat' dir='ltr'>Corcyrae</span> <span class='ocrx_word' id='word_1_183' title='bbox 766 1764 851 1790; x_wconf 90' lang='grc'>11011</span> <span class='ocrx_word' id='word_1_184' title='bbox 888 1750 1136 1791; x_wconf 86' lang='lat' dir='ltr'>sederemus.</span> <span class='ocrx_word' id='word_1_185' title='bbox 1200 1749 1310 1790; x_wconf 82' lang='lat' dir='ltr'>Cura</span> <span class='ocrx_word' id='word_1_186' title='bbox 1334 1750 1481 1805; x_wconf 65' lang='lat' dir='ltr'>igitur</span> 
     </span>
    </p>

    <p class='ocr_par' dir='ltr' id='par_1_8' title="bbox 89 1808 1481 2097">
     <span class='ocr_line' id='line_1_26' title="bbox 89 1808 1480 1862; baseline 0.001 -15"><span class='ocrx_word' id='word_1_187' title='bbox 89 1818 122 1843; x_wconf 78' lang='lat'>25</span> <span class='ocrx_word' id='word_1_188' title='bbox 142 1810 183 1848; x_wconf 89' lang='lat' dir='ltr'>te</span> <span class='ocrx_word' id='word_1_189' title='bbox 216 1809 258 1847; x_wconf 88' lang='lat' dir='ltr'>et</span> <span class='ocrx_word' id='word_1_190' title='bbox 289 1808 490 1847; x_wconf 88' lang='lat' dir='ltr'>confirma</span> <span class='ocrx_word' id='word_1_191' title='bbox 522 1810 579 1861; x_wconf 89' lang='lat' dir='ltr'>et,</span> <span class='ocrx_word' id='word_1_192' title='bbox 618 1822 712 1848; x_wconf 87' lang='lat' dir='ltr'>cum</span> <span class='ocrx_word' id='word_1_193' title='bbox 750 1808 968 1849; x_wconf 90' lang='lat' dir='ltr'>commode</span> <span class='ocrx_word' id='word_1_194' title='bbox 1007 1810 1047 1848; x_wconf 91' lang='lat' dir='ltr'>et</span> <span class='ocrx_word' id='word_1_195' title='bbox 1084 1823 1159 1862; x_wconf 89' lang='lat' dir='ltr'>per</span> <span class='ocrx_word' id='word_1_196' title='bbox 1195 1808 1480 1849; x_wconf 77' lang='lat' dir='ltr'>valetudinem</span> 
     </span>
     <span class='ocr_line' id='line_1_27' title="bbox 143 1866 1481 1921; baseline 0.001 -16"><span class='ocrx_word' id='word_1_197' title='bbox 143 1868 184 1906; x_wconf 91' lang='lat' dir='ltr'>et</span> <span class='ocrx_word' id='word_1_198' title='bbox 223 1880 298 1919; x_wconf 88' lang='lat' dir='ltr'>per</span> <span class='ocrx_word' id='word_1_199' title='bbox 338 1866 435 1906; x_wconf 86' lang='lat' dir='ltr'>anni</span> <span class='ocrx_word' id='word_1_200' title='bbox 476 1868 642 1919; x_wconf 86' lang='lat' dir='ltr'>tempus</span> <span class='ocrx_word' id='word_1_201' title='bbox 682 1866 880 1921; x_wconf 80' lang='lat' dir='ltr'>navigare</span> <span class='ocrx_word' id='word_1_202' title='bbox 919 1867 1098 1920; x_wconf 87' lang='lat' dir='ltr'>poteris,</span> <span class='ocrx_word' id='word_1_203' title='bbox 1140 1866 1192 1907; x_wconf 83' lang='lat' dir='ltr'>ad</span> <span class='ocrx_word' id='word_1_204' title='bbox 1227 1881 1304 1907; x_wconf 87' lang='lat' dir='ltr'>nos</span> <span class='ocrx_word' id='word_1_205' title='bbox 1342 1881 1481 1907; x_wconf 86' lang='lat' dir='ltr'>aman-</span> 
     </span>
     <span class='ocr_line' id='line_1_28' title="bbox 143 1923 1481 1979; baseline 0.001 -15"><span class='ocrx_word' id='word_1_206' title='bbox 143 1924 330 1964; x_wconf 86' lang='lat' dir='ltr'>tissimos</span> <span class='ocrx_word' id='word_1_207' title='bbox 368 1924 431 1964; x_wconf 85' lang='lat' dir='ltr'>tui</span> <span class='ocrx_word' id='word_1_208' title='bbox 469 1924 574 1964; x_wconf 84' lang='lat' dir='ltr'>veni.</span> <span class='ocrx_word' id='word_1_209' title='bbox 636 1923 773 1965; x_wconf 91' lang='lat' dir='ltr'>Nemo</span> <span class='ocrx_word' id='word_1_210' title='bbox 806 1939 883 1965; x_wconf 87' lang='lat' dir='ltr'>nos</span> <span class='ocrx_word' id='word_1_211' title='bbox 921 1928 1050 1979; x_wconf 83' lang='lat' dir='ltr'>amat,</span> <span class='ocrx_word' id='word_1_212' title='bbox 1089 1925 1161 1978; x_wconf 86' lang='lat' dir='ltr'>qui</span> <span class='ocrx_word' id='word_1_213' title='bbox 1192 1927 1234 1965; x_wconf 90' lang='lat' dir='ltr'>te</span> <span class='ocrx_word' id='word_1_214' title='bbox 1271 1939 1356 1965; x_wconf 89' lang='lat' dir='ltr'>non</span> <span class='ocrx_word' id='word_1_215' title='bbox 1389 1925 1481 1965; x_wconf 88' lang='lat' dir='ltr'>dili-</span> 
     </span>
     <span class='ocr_line' id='line_1_29' title="bbox 142 1982 1480 2037; baseline 0.001 -15"><span class='ocrx_word' id='word_1_216' title='bbox 142 1986 233 2037; x_wconf 78' lang='lat' dir='ltr'>gat3</span> <span class='ocrx_word' id='word_1_217' title='bbox 271 1997 390 2022; x_wconf 85' lang='lat' dir='ltr'>carus</span> <span class='ocrx_word' id='word_1_218' title='bbox 429 1982 626 2023; x_wconf 89' lang='lat' dir='ltr'>omnibus</span> <span class='ocrx_word' id='word_1_219' title='bbox 664 1986 1011 2037; x_wconf 79' lang='lat' dir='ltr'>exspectatusque</span> <span class='ocrx_word' id='word_1_220' title='bbox 1049 1984 1201 2024; x_wconf 80' lang='lat' dir='ltr'>venies.</span> <span class='ocrx_word' id='word_1_221' title='bbox 1265 1982 1394 2037; x_wconf 83' lang='lat' dir='ltr'>Cura,</span> <span class='ocrx_word' id='word_1_222' title='bbox 1433 1986 1480 2024; x_wconf 92' lang='lat' dir='ltr'>ut</span> 
     </span>
     <span class='ocr_line' id='line_1_30' title="bbox 143 2041 1479 2097; baseline 0.001 -17"><span class='ocrx_word' id='word_1_223' title='bbox 143 2041 292 2081; x_wconf 80' lang='lat' dir='ltr'>valeas.</span> <span class='ocrx_word' id='word_1_224' title='bbox 355 2041 498 2081; x_wconf 82' lang='lat' dir='ltr'>Etiam</span> <span class='ocrx_word' id='word_1_225' title='bbox 531 2044 655 2095; x_wconf 83' lang='lat' dir='ltr'>atque</span> <span class='ocrx_word' id='word_1_226' title='bbox 688 2042 832 2096; x_wconf 85' lang='lat' dir='ltr'>etiam,</span> <span class='ocrx_word' id='word_1_227' title='bbox 864 2041 964 2083; x_wconf 87' lang='lat' dir='ltr'>Tiro</span> <span class='ocrx_word' id='word_1_228' title='bbox 996 2046 1157 2097; x_wconf 84' lang='lat' dir='ltr'>noster,</span> <span class='ocrx_word' id='word_1_229' title='bbox 1188 2041 1291 2083; x_wconf 81' lang='lat' dir='ltr'>vale.</span> <span class='ocrx_word' id='word_1_230' title='bbox 1339 2053 1403 2082; x_wconf 85' lang='lat' dir='ltr'>XV</span> <span class='ocrx_word' id='word_1_231' title='bbox 1428 2042 1479 2083; x_wconf 88' lang='grc' dir='ltr'>Κ.</span> 
     </span>
    </p>

    <p class='ocr_par' dir='ltr' id='par_1_9' title="bbox 91 2098 470 2153">
     <span class='ocr_line' id='line_1_31' title="bbox 91 2098 470 2153; baseline 0 -14"><span class='ocrx_word' id='word_1_232' title='bbox 91 2111 124 2135; x_wconf 83' lang='grc'>30</span> <span class='ocrx_word' id='word_1_233' title='bbox 143 2098 241 2140; x_wconf 85' lang='lat' dir='ltr'>Dec.</span> <span class='ocrx_word' id='word_1_234' title='bbox 276 2098 470 2153; x_wconf 72' lang='lat' dir='ltr'>Corcyra.</span> 
     </span>
    </p>
   </div>
  </div>
 </body>
</html>
