1659 2552
112 1731 132 1761 πθ

163 103 181 144 1
194 103 244 144 18
661 99 1000 134 EPISTULARUM

778 241 868 283 Xb.

427 324 501 359 Ser.
536 324 711 358 Naronae
737 323 833 356 Non.
861 322 948 357 Dec.
976 334 1009 357 α.
1037 324 1112 356 709
1140 324 1228 366 (45).

247 433 302 437 —
318 433 372 437 —
389 433 442 436 —
460 433 513 436 -
542 407 634 462 Ego
655 409 751 460 post
770 405 1100 459 supplicationes
1119 405 1226 446 mihi
1252 404 1438 446 decretas
1458 405 1503 446 in

158 466 415 508 Dalmatiam
430 467 644 520 profectus
658 480 768 519 sum3
783 479 855 505 sex
869 464 1026 518 oppida
1039 464 1080 505 vi
1096 464 1381 520 oppugnando
1393 464 1503 519 cepi3

158 540 290 566 unum
322 525 413 578 hoc,
446 524 559 578 quod
591 526 680 564 erat
705 523 949 578 maximum,
982 525 1132 577 quater
1157 538 1180 563 a
1205 537 1272 564 me
1298 523 1382 564 iam
1409 537 1502 577 cap-

158 587 267 638 tum3
309 586 511 637 quattuor
548 583 660 623 enim
692 582 822 622 turris
855 585 896 623 et
928 585 1131 636 quattuor
1161 596 1306 623 muros
1337 581 1429 636 cepi
1461 584 1503 623 et

159 657 297 683 arcem
329 656 474 683 eorum
506 644 658 695 totam3
691 655 741 682 ex
774 655 856 695 qua
886 655 954 681 me
980 641 1109 695 nives,
1141 640 1314 696 frigora,
1346 640 1503 682 imbres

160 701 444 754 detruserunt,
484 700 756 755 indigneque,
794 699 853 740 mi
887 698 1052 754 Cicero,
1091 699 1295 754 oppidum
1333 702 1504 754 captum

159 763 199 800 et
238 759 395 800 bellum
437 759 675 800 confectum
716 758 954 812 relinquere
992 773 1086 799 sum
1124 761 1303 799 coactus.
1366 757 1504 808 Quare

158 822 199 859 te
232 833 348 873 rogo,
381 818 415 858 si
448 832 553 871 opus
585 817 676 871 erit,
709 817 760 858 ad
794 816 1014 858 Caesarem
1045 831 1182 858 meam
1209 831 1377 858 causam
1402 831 1502 873 agas

158 891 307 930 meque
351 876 430 917 tibi
472 876 514 916 in
556 876 693 917 omnis
736 876 869 930 partis
911 876 1219 917 defendendum
1259 879 1382 930 putes
1421 876 1503 917 hoc

159 936 420 988 existimans,
452 935 664 975 neminem
697 937 738 976 te
770 935 833 975 tui
865 935 1144 976 amantiorem
1175 934 1342 976 habere.
1385 934 1501 976 Vale.

158 993 207 1034 D.
240 993 291 1035 N.
324 993 543 1034 Decembr.
579 993 763 1034 Narona.

796 1121 868 1163 XI.

441 1202 515 1238 Ser.
543 1203 679 1237 Romae
710 1214 762 1237 ecc.
789 1214 833 1236 m.
866 1203 937 1238 Oct.
965 1215 998 1238 α.
1029 1206 1099 1237 709
1127 1205 1216 1247 (45).

500 1284 547 1318 M.
577 1283 746 1318 CICERO
773 1284 974 1318 VATINIO
1000 1284 1096 1319 IMP.
1125 1285 1158 1320 S.

249 1366 378 1408 Grata
421 1367 501 1408 tibi
544 1382 638 1408 mea
681 1381 769 1408 esse
814 1368 954 1408 officia
996 1382 1082 1408 non
1125 1368 1275 1423 miror-3
1320 1369 1501 1424 cognovi

159 1426 271 1467 enim
302 1428 344 1467 te
374 1426 665 1481 gratissimum
697 1426 904 1480 omnium,
936 1425 1063 1480 idque
1094 1441 1326 1480 numquam
1359 1427 1502 1468 destiti

159 1484 409 1539 praedicare.
447 1484 537 1525 Nec
569 1484 681 1525 enim
713 1487 759 1524 tu
791 1485 897 1525 mihi
928 1484 1116 1525 habuisti
1148 1486 1274 1526 modo
1307 1486 1501 1541 gratiam,

159 1557 304 1584 verum
342 1543 468 1584 etiam
508 1543 838 1583 cumulatissime
875 1543 1088 1584 rettulisti.
1146 1543 1281 1592 Quam
1319 1545 1373 1585 ob
1413 1559 1501 1586 rem
1523 1561 1537 1584 :2

158 1603 202 1642 ‘in
236 1601 410 1655 reliquis
442 1601 526 1641 tuis
558 1601 682 1642 rebus
715 1601 911 1642 omnibus
942 1602 1041 1656 pari
1065 1617 1133 1643 me
1164 1603 1305 1644 studio
1335 1617 1436 1659 erga
1459 1606 1502 1645 te

160 1663 200 1701 et
233 1660 376 1701 eadem
409 1660 626 1701 voluntate
658 1674 909 1716 cognosces‘v

248 1718 369 1767 Quod
394 1718 498 1759 mihi
527 1719 726 1759 feminam
752 1718 1009 1773 primariam,
1034 1718 1293 1775 Pompeiam,
1324 1735 1501 1761 uxorem

159 1780 286 1830 tuam,
319 1777 597 1831 commendas,
629 1792 723 1818 cum
757 1778 863 1818 Sura
893 1781 1039 1819 nostro
1066 1779 1210 1819 statim
1236 1779 1321 1820 tuis
1345 1779 1501 1820 litteris

158 1836 278 1877 lectis
303 1836 470 1876 locutus
502 1851 606 1889 sum,
639 1839 686 1876 ut
718 1836 755 1876 ei
787 1837 892 1877 meis
923 1837 1064 1878 verbis
1096 1837 1264 1892 diceret,
1296 1840 1354 1892 ut,
1387 1837 1500 1892 quic·
1521 1851 1554 1876 „5

159 1894 261 1948 quid
293 1909 398 1948 opus
431 1898 549 1948 esset,
582 1895 687 1935 mihi
721 1895 1005 1950 denuntiaret3
1036 1910 1103 1937 me
1136 1896 1288 1950 omnia,
1321 1910 1427 1950 quae
1452 1910 1500 1937 ea

158 1953 296 2006 vellet,
327 1968 492 1993 summo
518 1953 658 1994 studio
685 1967 867 2008 curaque
892 1955 1113 1996 facturum.
1168 1953 1318 2009 Itaque
1348 1954 1499 1995 faciam

160 2026 351 2066 eamque,
389 2012 424 2053 si
463 2026 568 2066 opus
607 2027 694 2053 esse
727 2012 957 2067 videbitur,
995 2014 1084 2068 ipse
1116 2013 1373 2054 conveniam.
1435 2012 1499 2054 Tu

160 2074 300 2111 tamen
341 2070 377 2111 ei
419 2071 546 2130 yelim
586 2071 765 2125 scribas,
810 2075 857 2112 ut
899 2072 1060 2113 nullam
1101 2086 1190 2113 rem
1232 2085 1368 2126 neque
1411 2074 1499 2113 tam

1523 832 1556 857 10

1524 1219 1557 1244 15

159 2144 355 2184 magnam
387 2131 522 2183 nc'que
555 2132 641 2170 tam
667 2145 840 2184 parvam
865 2133 997 2184 putet,
1030 2144 1136 2184 quae
1160 2129 1266 2171 mihi
1292 2133 1364 2171 aut
1391 2130 1499 2171 diffi-
1519 2143 1553 2168 so

160 2187 250 2227 cilis
289 2190 362 2227 aut
398 2202 547 2241 parum
585 2203 651 2229 me
685 2188 812 2244 digna
843 2189 1045 2230 videatur.
1108 2187 1276 2242 Omnia,
1317 2203 1423 2243 quae
1455 2189 1499 2230 in

160 2246 244 2285 tuis
276 2245 400 2286 rebus
432 2261 571 2301 agam,
604 2250 645 2287 et
676 2261 760 2287 non
791 2247 1004 2288 laboriosa
1034 2247 1140 2288 mihj
1173 2250 1214 2288 et
1238 2247 1416 2289 honesta
1441 2248 1500 2289 vi-

164 2303 382 2345 debuntur.

1632 340 1640 438 .-νο-ο
