<?xml version="1.0" encoding="UTF-8"?>
<!DOCTYPE html PUBLIC "-//W3C//DTD XHTML 1.0 Transitional//EN"
    "http://www.w3.org/TR/xhtml1/DTD/xhtml1-transitional.dtd">
<html xmlns="http://www.w3.org/1999/xhtml" xml:lang="en" lang="en">
 <head>
  <title>
</title>
<meta http-equiv="Content-Type" content="text/html;charset=utf-8" />
  <meta name='ocr-system' content='tesseract 3.04.00' />
  <meta name='ocr-capabilities' content='ocr_page ocr_carea ocr_par ocr_line ocrx_word'/>
</head>
<body>
  <div class='ocr_page' id='page_1' title='image "./p1scriptaquaemanse03ciceuoft_0343.png"; bbox 0 0 1659 2552; ppageno 0'>
   <div class='ocr_carea' id='block_1_1' title="bbox 78 732 110 756">
    <p class='ocr_par' dir='ltr' id='par_1_1' title="bbox 78 732 110 756">
     <span class='ocr_line' id='line_1_1' title="bbox 78 732 110 756; baseline 0 0"><span class='ocrx_word' id='word_1_1' title='bbox 78 732 110 756; x_wconf 88' lang='lat'>10</span> 
     </span>
    </p>
   </div>
   <div class='ocr_carea' id='block_1_2' title="bbox 79 1024 112 1050">
    <p class='ocr_par' dir='ltr' id='par_1_2' title="bbox 79 1024 112 1050">
     <span class='ocr_line' id='line_1_2' title="bbox 79 1024 112 1050; baseline -0.03 0"><span class='ocrx_word' id='word_1_2' title='bbox 79 1024 112 1050; x_wconf 83' lang='lat'>15</span> 
     </span>
    </p>
   </div>
   <div class='ocr_carea' id='block_1_3' title="bbox 86 1903 120 1928">
    <p class='ocr_par' dir='ltr' id='par_1_3' title="bbox 86 1903 120 1928">
     <span class='ocr_line' id='line_1_3' title="bbox 86 1903 120 1928; baseline 0 0"><span class='ocrx_word' id='word_1_3' title='bbox 86 1903 120 1928; x_wconf 87' lang='lat'>30</span> 
     </span>
    </p>
   </div>
   <div class='ocr_carea' id='block_1_4' title="bbox 638 92 1464 132">
    <p class='ocr_par' dir='ltr' id='par_1_4' title="bbox 638 92 1464 132">
     <span class='ocr_line' id='line_1_4' title="bbox 638 92 1464 132; baseline 0.005 -4"><span class='ocrx_word' id='word_1_4' title='bbox 638 93 781 128; x_wconf 84' lang='lat' dir='ltr'>LIBER</span> <span class='ocrx_word' id='word_1_5' title='bbox 807 93 856 127; x_wconf 82' lang='lat' dir='ltr'>IX</span> <span class='ocrx_word' id='word_1_6' title='bbox 883 96 937 128; x_wconf 82' lang='lat'>14.</span> <span class='ocrx_word' id='word_1_7' title='bbox 1383 92 1464 132; x_wconf 80' lang='grc'>241</span> 
     </span>
    </p>
   </div>
   <div class='ocr_carea' id='block_1_5' title="bbox 127 187 1522 2355">
    <p class='ocr_par' dir='ltr' id='par_1_5' title="bbox 127 187 1522 2355">
     <span class='ocr_line' id='line_1_5' title="bbox 127 187 1469 244; baseline -0.002 -14"><span class='ocrx_word' id='word_1_8' title='bbox 127 189 341 231; x_wconf 78' lang='lat' dir='ltr'>hauserim</span> <span class='ocrx_word' id='word_1_9' title='bbox 373 204 424 230; x_wconf 81' lang='lat' dir='ltr'>ex</span> <span class='ocrx_word' id='word_1_10' title='bbox 455 189 550 230; x_wconf 89' lang='lat' dir='ltr'>tuis.</span> <span class='ocrx_word' id='word_1_11' title='bbox 584 189 706 244; x_wconf 67' lang='lat' dir='ltr'>Nam,</span> <span class='ocrx_word' id='word_1_12' title='bbox 739 203 833 230; x_wconf 86' lang='grc'><strong>011111</strong></span> <span class='ocrx_word' id='word_1_13' title='bbox 865 191 907 229; x_wconf 88' lang='lat' dir='ltr'>te</span> <span class='ocrx_word' id='word_1_14' title='bbox 934 202 1098 242; x_wconf 83' lang='lat' dir='ltr'>semper</span> <span class='ocrx_word' id='word_1_15' title='bbox 1123 190 1289 229; x_wconf 89' lang='lat' dir='ltr'>tantum</span> <span class='ocrx_word' id='word_1_16' title='bbox 1316 187 1469 228; x_wconf 73' lang='lat' dir='ltr'>dilexe-</span> 
     </span>
     <span class='ocr_line' id='line_1_6' title="bbox 128 246 1468 303; baseline -0.002 -14"><span class='ocrx_word' id='word_1_17' title='bbox 128 249 220 303; x_wconf 86' lang='lat' dir='ltr'>rim,</span> <span class='ocrx_word' id='word_1_18' title='bbox 247 250 453 302; x_wconf 88' lang='lat' dir='ltr'>quantum</span> <span class='ocrx_word' id='word_1_19' title='bbox 478 251 525 288; x_wconf 91' lang='lat' dir='ltr'>tu</span> <span class='ocrx_word' id='word_1_20' title='bbox 551 248 798 303; x_wconf 71' lang='lat' dir='ltr'>intellegere</span> <span class='ocrx_word' id='word_1_21' title='bbox 822 247 1012 302; x_wconf 89' lang='lat' dir='ltr'>potuisti,</span> <span class='ocrx_word' id='word_1_22' title='bbox 1039 249 1130 287; x_wconf 88' lang='lat' dir='ltr'>tum</span> <span class='ocrx_word' id='word_1_23' title='bbox 1150 246 1216 286; x_wconf 90' lang='lat' dir='ltr'>his</span> <span class='ocrx_word' id='word_1_24' title='bbox 1236 246 1321 287; x_wconf 84' lang='lat' dir='ltr'>tuis</span> <span class='ocrx_word' id='word_1_25' title='bbox 1346 246 1468 286; x_wconf 84' lang='lat' dir='ltr'>factis</span> 
     </span>
     <span class='ocr_line' id='line_1_7' title="bbox 127 305 1469 361; baseline -0.003 -13"><span class='ocrx_word' id='word_1_26' title='bbox 127 307 188 348; x_wconf 85' lang='lat' dir='ltr'>sic</span> <span class='ocrx_word' id='word_1_27' title='bbox 224 307 418 348; x_wconf 88' lang='lat' dir='ltr'>incensus</span> <span class='ocrx_word' id='word_1_28' title='bbox 455 322 565 361; x_wconf 86' lang='lat' dir='ltr'>sum,</span> <span class='ocrx_word' id='word_1_29' title='bbox 606 309 653 347; x_wconf 92' lang='lat' dir='ltr'>ut</span> <span class='ocrx_word' id='word_1_30' title='bbox 692 306 801 347; x_wconf 87' lang='lat' dir='ltr'>nihil</span> <span class='ocrx_word' id='word_1_31' title='bbox 841 320 1043 360; x_wconf 90' lang='lat' dir='ltr'>umquam</span> <span class='ocrx_word' id='word_1_32' title='bbox 1080 306 1124 345; x_wconf 91' lang='lat' dir='ltr'>in</span> <span class='ocrx_word' id='word_1_33' title='bbox 1162 319 1303 345; x_wconf 90' lang='lat' dir='ltr'>amore</span> <span class='ocrx_word' id='word_1_34' title='bbox 1341 305 1469 345; x_wconf 85' lang='lat' dir='ltr'>fuerit</span> 
     </span>
     <span class='ocr_line' id='line_1_8' title="bbox 128 363 1469 419; baseline -0.003 -12"><span class='ocrx_word' id='word_1_35' title='bbox 128 366 354 407; x_wconf 74' lang='lat' dir='ltr'>ardentius.</span> <span class='ocrx_word' id='word_1_36' title='bbox 403 365 526 407; x_wconf 89' lang='lat' dir='ltr'>Nihil</span> <span class='ocrx_word' id='word_1_37' title='bbox 558 368 620 406; x_wconf 86' lang='lat' dir='ltr'>est</span> <span class='ocrx_word' id='word_1_38' title='bbox 651 365 781 419; x_wconf 85' lang='lat' dir='ltr'>enim,</span> <span class='ocrx_word' id='word_1_39' title='bbox 818 364 924 405; x_wconf 89' lang='lat' dir='ltr'>mihi</span> <span class='ocrx_word' id='word_1_40' title='bbox 956 364 1094 418; x_wconf 85' lang='lat' dir='ltr'>crede,</span> <span class='ocrx_word' id='word_1_41' title='bbox 1126 364 1283 404; x_wconf 87' lang='lat' dir='ltr'>virtute</span> <span class='ocrx_word' id='word_1_42' title='bbox 1314 363 1469 403; x_wconf 85' lang='lat' dir='ltr'>formo-</span> 
     </span>
     <span class='ocr_line' id='line_1_9' title="bbox 129 421 1515 479; baseline -0.001 -14"><span class='ocrx_word' id='word_1_43' title='bbox 129 425 232 479; x_wconf 88' lang='lat' dir='ltr'>sius,</span> <span class='ocrx_word' id='word_1_44' title='bbox 264 425 373 465; x_wconf 90' lang='lat' dir='ltr'>nihil</span> <span class='ocrx_word' id='word_1_45' title='bbox 403 424 638 478; x_wconf 78' lang='lat' dir='ltr'>pulchrius,</span> <span class='ocrx_word' id='word_1_46' title='bbox 670 423 779 464; x_wconf 81' lang='lat' dir='ltr'>nihil</span> <span class='ocrx_word' id='word_1_47' title='bbox 810 423 1044 463; x_wconf 76' lang='lat' dir='ltr'>amabilius,</span> <span class='ocrx_word' id='word_1_48' title='bbox 1108 421 1283 476; x_wconf 83' lang='lat' dir='ltr'>Semper</span> <span class='ocrx_word' id='word_1_49' title='bbox 1320 421 1468 475; x_wconf 74' lang='lat' dir='ltr'>amavi,</span> <span class='ocrx_word' id='word_1_50' title='bbox 1496 433 1515 463; x_wconf 87' lang='lat'>5</span> 
     </span>
     <span class='ocr_line' id='line_1_10' title="bbox 128 480 1469 537; baseline -0.003 -13"><span class='ocrx_word' id='word_1_51' title='bbox 128 487 176 524; x_wconf 92' lang='lat' dir='ltr'>ut</span> <span class='ocrx_word' id='word_1_52' title='bbox 207 484 304 537; x_wconf 84' lang='lat' dir='ltr'>scis,</span> <span class='ocrx_word' id='word_1_53' title='bbox 345 482 400 523; x_wconf 90' lang='lat' dir='ltr'>M.</span> <span class='ocrx_word' id='word_1_54' title='bbox 434 483 615 523; x_wconf 87' lang='lat' dir='ltr'>Brutum</span> <span class='ocrx_word' id='word_1_55' title='bbox 651 484 826 536; x_wconf 87' lang='lat' dir='ltr'>propter</span> <span class='ocrx_word' id='word_1_56' title='bbox 863 482 951 522; x_wconf 88' lang='lat' dir='ltr'>eius</span> <span class='ocrx_word' id='word_1_57' title='bbox 989 496 1201 522; x_wconf 89' lang='lat' dir='ltr'>summum</span> <span class='ocrx_word' id='word_1_58' title='bbox 1238 480 1469 535; x_wconf 74' lang='lat' dir='ltr'>ingenium,</span> 
     </span>
     <span class='ocr_line' id='line_1_11' title="bbox 128 540 1471 595; baseline -0.004 -12"><span class='ocrx_word' id='word_1_59' title='bbox 128 542 400 583; x_wconf 76' lang='lat' dir='ltr'>suavissimos</span> <span class='ocrx_word' id='word_1_60' title='bbox 436 556 591 594; x_wconf 79' lang='lat' dir='ltr'>mores,</span> <span class='ocrx_word' id='word_1_61' title='bbox 633 541 891 595; x_wconf 82' lang='lat' dir='ltr'>singularem</span> <span class='ocrx_word' id='word_1_62' title='bbox 928 540 1187 594; x_wconf 73' lang='lat' dir='ltr'>probitatem</span> <span class='ocrx_word' id='word_1_63' title='bbox 1218 542 1344 593; x_wconf 88' lang='lat' dir='ltr'>atque</span> <span class='ocrx_word' id='word_1_64' title='bbox 1377 552 1471 579; x_wconf 86' lang='grc'><strong>0011-</strong></span> 
     </span>
     <span class='ocr_line' id='line_1_12' title="bbox 128 598 1471 655; baseline -0.004 -13"><span class='ocrx_word' id='word_1_65' title='bbox 128 601 345 655; x_wconf 64' lang='lat' dir='ltr'>stantiamf,</span> <span class='ocrx_word' id='word_1_66' title='bbox 377 603 519 641; x_wconf 86' lang='lat' dir='ltr'>tamen</span> <span class='ocrx_word' id='word_1_67' title='bbox 542 599 688 640; x_wconf 85' lang='lat' dir='ltr'>Idibus</span> <span class='ocrx_word' id='word_1_68' title='bbox 708 599 874 640; x_wconf 85' lang='lat' dir='ltr'>Martiis</span> <span class='ocrx_word' id='word_1_69' title='bbox 899 601 1065 639; x_wconf 85' lang='lat' dir='ltr'>tantum</span> <span class='ocrx_word' id='word_1_70' title='bbox 1090 598 1263 639; x_wconf 84' lang='lat' dir='ltr'>accessit</span> <span class='ocrx_word' id='word_1_71' title='bbox 1283 598 1334 638; x_wconf 91' lang='lat' dir='ltr'>ad</span> <span class='ocrx_word' id='word_1_72' title='bbox 1360 611 1471 637; x_wconf 88' lang='lat' dir='ltr'>amo-</span> 
     </span>
     <span class='ocr_line' id='line_1_13' title="bbox 128 656 1471 714; baseline -0.003 -14"><span class='ocrx_word' id='word_1_73' title='bbox 128 674 230 714; x_wconf 89' lang='lat' dir='ltr'>rem,</span> <span class='ocrx_word' id='word_1_74' title='bbox 262 663 309 700; x_wconf 89' lang='lat' dir='ltr'>ut</span> <span class='ocrx_word' id='word_1_75' title='bbox 334 660 511 700; x_wconf 86' lang='lat' dir='ltr'>mirarer</span> <span class='ocrx_word' id='word_1_76' title='bbox 534 659 676 699; x_wconf 83' lang='lat' dir='ltr'>locum</span> <span class='ocrx_word' id='word_1_77' title='bbox 701 658 830 699; x_wconf 83' lang='lat' dir='ltr'>fuisse</span> <span class='ocrx_word' id='word_1_78' title='bbox 856 657 1037 713; x_wconf 88' lang='lat' dir='ltr'>augendi</span> <span class='ocrx_word' id='word_1_79' title='bbox 1063 657 1107 697; x_wconf 93' lang='lat' dir='ltr'>in</span> <span class='ocrx_word' id='word_1_80' title='bbox 1133 671 1193 711; x_wconf 89' lang='lat' dir='ltr'>eo,</span> <span class='ocrx_word' id='word_1_81' title='bbox 1227 656 1341 710; x_wconf 88' lang='lat' dir='ltr'>quod</span> <span class='ocrx_word' id='word_1_82' title='bbox 1364 656 1471 696; x_wconf 88' lang='lat' dir='ltr'>mihi</span> 
     </span>
     <span class='ocr_line' id='line_1_14' title="bbox 131 714 1471 772; baseline -0.004 -13"><span class='ocrx_word' id='word_1_83' title='bbox 131 719 214 759; x_wconf 90' lang='lat' dir='ltr'>iam</span> <span class='ocrx_word' id='word_1_84' title='bbox 239 718 404 772; x_wconf 88' lang='lat' dir='ltr'>pridem</span> <span class='ocrx_word' id='word_1_85' title='bbox 429 717 689 758; x_wconf 88' lang='lat' dir='ltr'>cumulatum</span> <span class='ocrx_word' id='word_1_86' title='bbox 716 717 843 757; x_wconf 84' lang='lat' dir='ltr'>etiam</span> <span class='ocrx_word' id='word_1_87' title='bbox 868 716 1101 757; x_wconf 80' lang='lat' dir='ltr'>videbatur.</span> <span class='ocrx_word' id='word_1_88' title='bbox 1143 715 1246 764; x_wconf 80' lang='lat' dir='ltr'>Quis</span> <span class='ocrx_word' id='word_1_89' title='bbox 1272 717 1372 768; x_wconf 87' lang='lat' dir='ltr'>erat,</span> <span class='ocrx_word' id='word_1_90' title='bbox 1399 714 1471 768; x_wconf 89' lang='lat' dir='ltr'>qui</span> 
     </span>
     <span class='ocr_line' id='line_1_15' title="bbox 130 774 1471 831; baseline -0.003 -14"><span class='ocrx_word' id='word_1_91' title='bbox 130 779 298 831; x_wconf 90' lang='lat' dir='ltr'>putaret</span> <span class='ocrx_word' id='word_1_92' title='bbox 325 777 376 816; x_wconf 88' lang='lat' dir='ltr'>ad</span> <span class='ocrx_word' id='word_1_93' title='bbox 402 791 498 816; x_wconf 90' lang='lat' dir='ltr'>eum</span> <span class='ocrx_word' id='word_1_94' title='bbox 524 790 721 829; x_wconf 85' lang='lat' dir='ltr'>amorem,</span> <span class='ocrx_word' id='word_1_95' title='bbox 755 790 879 829; x_wconf 87' lang='lat' dir='ltr'>quem</span> <span class='ocrx_word' id='word_1_96' title='bbox 906 789 1005 830; x_wconf 88' lang='lat' dir='ltr'>erga</span> <span class='ocrx_word' id='word_1_97' title='bbox 1030 777 1071 815; x_wconf 90' lang='lat' dir='ltr'>te</span> <span class='ocrx_word' id='word_1_98' title='bbox 1096 774 1317 827; x_wconf 75' lang='lat' dir='ltr'>habebam,</span> <span class='ocrx_word' id='word_1_99' title='bbox 1349 787 1471 827; x_wconf 87' lang='lat' dir='ltr'>posse</span> 
     </span>
     <span class='ocr_line' id='line_1_16' title="bbox 130 829 1471 890; baseline -0.003 -14"><span class='ocrx_word' id='word_1_100' title='bbox 130 836 291 890; x_wconf 83' lang='lat' dir='ltr'>aliquid</span> <span class='ocrx_word' id='word_1_101' title='bbox 323 835 545 875; x_wconf 79' lang='lat' dir='ltr'>accedere?</span> <span class='ocrx_word' id='word_1_102' title='bbox 580 834 763 874; x_wconf 85' lang='lat' dir='ltr'>Tantum</span> <span class='ocrx_word' id='word_1_103' title='bbox 796 829 979 887; x_wconf 83' lang='lat' dir='ltr'>acces&#39;sit,</span> <span class='ocrx_word' id='word_1_104' title='bbox 1011 836 1058 874; x_wconf 92' lang='lat' dir='ltr'>ut</span> <span class='ocrx_word' id='word_1_105' title='bbox 1088 833 1195 873; x_wconf 88' lang='lat' dir='ltr'>mihi</span> <span class='ocrx_word' id='word_1_106' title='bbox 1220 846 1332 873; x_wconf 92' lang='lat' dir='ltr'>nunc</span> <span class='ocrx_word' id='word_1_107' title='bbox 1359 832 1471 872; x_wconf 92' lang='lat' dir='ltr'>deni-</span> 
     </span>
     <span class='ocr_line' id='line_1_17' title="bbox 131 890 1471 948; baseline -0.003 -13"><span class='ocrx_word' id='word_1_108' title='bbox 131 909 211 948; x_wconf 90' lang='lat' dir='ltr'>que</span> <span class='ocrx_word' id='word_1_109' title='bbox 237 908 377 934; x_wconf 86' lang='lat' dir='ltr'>amare</span> <span class='ocrx_word' id='word_1_110' title='bbox 401 893 555 947; x_wconf 80' lang='lat' dir='ltr'>videar,</span> <span class='ocrx_word' id='word_1_111' title='bbox 581 896 703 933; x_wconf 91' lang='lat' dir='ltr'>antea</span> <span class='ocrx_word' id='word_1_112' title='bbox 728 893 933 933; x_wconf 76' lang='lat' dir='ltr'>dilexisse.</span> <span class='ocrx_word' id='word_1_113' title='bbox 967 891 1104 941; x_wconf 82' lang='lat' dir='ltr'>Quare</span> <span class='ocrx_word' id='word_1_114' title='bbox 1130 891 1232 945; x_wconf 87' lang='lat' dir='ltr'>quid</span> <span class='ocrx_word' id='word_1_115' title='bbox 1258 893 1331 945; x_wconf 88' lang='lat' dir='ltr'>est,</span> <span class='ocrx_word' id='word_1_116' title='bbox 1358 890 1471 944; x_wconf 88' lang='lat' dir='ltr'>quod</span> 
     </span>
     <span class='ocr_line' id='line_1_18' title="bbox 131 950 1472 1009; baseline -0.004 -15"><span class='ocrx_word' id='word_1_117' title='bbox 131 967 210 1009; x_wconf 88' lang='lat' dir='ltr'>ego</span> <span class='ocrx_word' id='word_1_118' title='bbox 236 956 277 994; x_wconf 89' lang='lat' dir='ltr'>te</span> <span class='ocrx_word' id='word_1_119' title='bbox 302 953 458 1006; x_wconf 89' lang='lat' dir='ltr'>horter,</span> <span class='ocrx_word' id='word_1_120' title='bbox 484 954 532 992; x_wconf 88' lang='lat' dir='ltr'>ut</span> <span class='ocrx_word' id='word_1_121' title='bbox 552 951 751 1007; x_wconf 82' lang='lat' dir='ltr'>dignitati</span> <span class='ocrx_word' id='word_1_122' title='bbox 771 954 812 992; x_wconf 86' lang='lat' dir='ltr'>et</span> <span class='ocrx_word' id='word_1_123' title='bbox 830 951 991 1006; x_wconf 89' lang='lat' dir='ltr'>gloriae</span> <span class='ocrx_word' id='word_1_124' title='bbox 1017 950 1205 991; x_wconf 77' lang='lat' dir='ltr'>servias?</span> <span class='ocrx_word' id='word_1_125' title='bbox 1235 963 1472 1004; x_wconf 85' lang='lat' dir='ltr'>proponam</span> 
     </span>
     <span class='ocr_line' id='line_1_19' title="bbox 132 1008 1471 1065; baseline -0.003 -13"><span class='ocrx_word' id='word_1_126' title='bbox 132 1012 213 1052; x_wconf 89' lang='lat' dir='ltr'>tibi</span> <span class='ocrx_word' id='word_1_127' title='bbox 244 1012 378 1052; x_wconf 86' lang='lat' dir='ltr'>claros</span> <span class='ocrx_word' id='word_1_128' title='bbox 410 1011 540 1065; x_wconf 85' lang='lat' dir='ltr'>viros,</span> <span class='ocrx_word' id='word_1_129' title='bbox 585 1010 699 1064; x_wconf 89' lang='lat' dir='ltr'>quod</span> <span class='ocrx_word' id='word_1_130' title='bbox 735 1010 871 1050; x_wconf 85' lang='lat' dir='ltr'>facere</span> <span class='ocrx_word' id='word_1_131' title='bbox 909 1009 1062 1062; x_wconf 86' lang='lat' dir='ltr'>solent,</span> <span class='ocrx_word' id='word_1_132' title='bbox 1107 1009 1180 1062; x_wconf 86' lang='lat' dir='ltr'>qui</span> <span class='ocrx_word' id='word_1_133' title='bbox 1216 1008 1471 1049; x_wconf 76' lang='lat' dir='ltr'>hortantur?</span> 
     </span>
     <span class='ocr_line' id='line_1_20' title="bbox 130 1067 1471 1122; baseline -0.004 -11"><span class='ocrx_word' id='word_1_134' title='bbox 130 1070 357 1112; x_wconf 88' lang='lat' dir='ltr'>Neminem</span> <span class='ocrx_word' id='word_1_135' title='bbox 386 1069 522 1110; x_wconf 87' lang='lat' dir='ltr'>habeo</span> <span class='ocrx_word' id='word_1_136' title='bbox 555 1069 776 1109; x_wconf 88' lang='lat' dir='ltr'>clariorem</span> <span class='ocrx_word' id='word_1_137' title='bbox 808 1083 934 1122; x_wconf 87' lang='lat' dir='ltr'>quam</span> <span class='ocrx_word' id='word_1_138' title='bbox 966 1070 1007 1108; x_wconf 91' lang='lat' dir='ltr'>te</span> <span class='ocrx_word' id='word_1_139' title='bbox 1039 1068 1195 1121; x_wconf 82' lang='lat' dir='ltr'>ipsum3</span> <span class='ocrx_word' id='word_1_140' title='bbox 1233 1069 1274 1107; x_wconf 90' lang='lat' dir='ltr'>te</span> <span class='ocrx_word' id='word_1_141' title='bbox 1306 1067 1471 1107; x_wconf 87' lang='lat' dir='ltr'>imitere</span> 
     </span>
     <span class='ocr_line' id='line_1_21' title="bbox 132 1125 1472 1183; baseline -0.004 -13"><span class='ocrx_word' id='word_1_142' title='bbox 132 1131 317 1183; x_wconf 86' lang='lat' dir='ltr'>oportet,</span> <span class='ocrx_word' id='word_1_143' title='bbox 355 1130 495 1169; x_wconf 88' lang='lat' dir='ltr'>tecum</span> <span class='ocrx_word' id='word_1_144' title='bbox 532 1128 622 1181; x_wconf 88' lang='lat' dir='ltr'>ipse</span> <span class='ocrx_word' id='word_1_145' title='bbox 660 1130 809 1181; x_wconf 82' lang='lat' dir='ltr'>certes3</span> <span class='ocrx_word' id='word_1_146' title='bbox 849 1141 902 1167; x_wconf 93' lang='lat' dir='ltr'>ne</span> <span class='ocrx_word' id='word_1_147' title='bbox 938 1127 1037 1167; x_wconf 90' lang='lat' dir='ltr'>licet</span> <span class='ocrx_word' id='word_1_148' title='bbox 1075 1126 1245 1180; x_wconf 89' lang='lat' dir='ltr'>quidem</span> <span class='ocrx_word' id='word_1_149' title='bbox 1276 1125 1357 1165; x_wconf 88' lang='lat' dir='ltr'>tibi</span> <span class='ocrx_word' id='word_1_150' title='bbox 1388 1125 1472 1165; x_wconf 90' lang='lat' dir='ltr'>iam</span> 
     </span>
     <span class='ocr_line' id='line_1_22' title="bbox 132 1183 1473 1242; baseline -0.004 -14"><span class='ocrx_word' id='word_1_151' title='bbox 132 1188 262 1228; x_wconf 88' lang='lat' dir='ltr'>tantis</span> <span class='ocrx_word' id='word_1_152' title='bbox 298 1187 424 1228; x_wconf 90' lang='lat' dir='ltr'>rebus</span> <span class='ocrx_word' id='word_1_153' title='bbox 460 1187 592 1242; x_wconf 88' lang='lat' dir='ltr'>gestis</span> <span class='ocrx_word' id='word_1_154' title='bbox 628 1201 714 1227; x_wconf 91' lang='lat' dir='ltr'>non</span> <span class='ocrx_word' id='word_1_155' title='bbox 754 1186 818 1226; x_wconf 91' lang='lat' dir='ltr'>tui</span> <span class='ocrx_word' id='word_1_156' title='bbox 849 1185 1031 1226; x_wconf 89' lang='lat' dir='ltr'>similem</span> <span class='ocrx_word' id='word_1_157' title='bbox 1063 1199 1161 1225; x_wconf 90' lang='lat' dir='ltr'>esse.</span> <span class='ocrx_word' id='word_1_158' title='bbox 1224 1183 1347 1232; x_wconf 85' lang='lat' dir='ltr'>Quod</span> <span class='ocrx_word' id='word_1_159' title='bbox 1378 1198 1473 1224; x_wconf 92' lang='lat' dir='ltr'>cum</span> 
     </span>
     <span class='ocr_line' id='line_1_23' title="bbox 133 1242 1473 1300; baseline -0.004 -13"><span class='ocrx_word' id='word_1_160' title='bbox 133 1247 193 1287; x_wconf 89' lang='lat' dir='ltr'>ita</span> <span class='ocrx_word' id='word_1_161' title='bbox 218 1247 289 1300; x_wconf 86' lang='lat' dir='ltr'>sit,</span> <span class='ocrx_word' id='word_1_162' title='bbox 320 1246 508 1286; x_wconf 86' lang='lat' dir='ltr'>hortatio</span> <span class='ocrx_word' id='word_1_163' title='bbox 538 1259 625 1286; x_wconf 89' lang='lat' dir='ltr'>non</span> <span class='ocrx_word' id='word_1_164' title='bbox 651 1247 714 1285; x_wconf 90' lang='lat' dir='ltr'>est</span> <span class='ocrx_word' id='word_1_165' title='bbox 746 1244 990 1298; x_wconf 84' lang='lat' dir='ltr'>necessaria,</span> <span class='ocrx_word' id='word_1_166' title='bbox 1021 1242 1306 1298; x_wconf 81' lang='lat' dir='ltr'>gratulatione</span> <span class='ocrx_word' id='word_1_167' title='bbox 1337 1242 1473 1297; x_wconf 89' lang='lat' dir='ltr'>magis</span> 
     </span>
     <span class='ocr_line' id='line_1_24' title="bbox 134 1301 1474 1359; baseline -0.004 -13"><span class='ocrx_word' id='word_1_168' title='bbox 134 1305 338 1346; x_wconf 90' lang='lat' dir='ltr'>utendum</span> <span class='ocrx_word' id='word_1_169' title='bbox 375 1307 454 1359; x_wconf 82' lang='lat' dir='ltr'>est3</span> <span class='ocrx_word' id='word_1_170' title='bbox 495 1304 676 1358; x_wconf 88' lang='lat' dir='ltr'>contigit</span> <span class='ocrx_word' id='word_1_171' title='bbox 716 1303 828 1343; x_wconf 91' lang='lat' dir='ltr'>enim</span> <span class='ocrx_word' id='word_1_172' title='bbox 868 1302 965 1356; x_wconf 88' lang='lat' dir='ltr'>tibi,</span> <span class='ocrx_word' id='word_1_173' title='bbox 1007 1301 1121 1356; x_wconf 87' lang='lat' dir='ltr'>quod</span> <span class='ocrx_word' id='word_1_174' title='bbox 1156 1301 1271 1342; x_wconf 91' lang='lat' dir='ltr'>haud</span> <span class='ocrx_word' id='word_1_175' title='bbox 1303 1301 1388 1341; x_wconf 86' lang='lat' dir='ltr'>scio</span> <span class='ocrx_word' id='word_1_176' title='bbox 1422 1315 1474 1340; x_wconf 88' lang='lat' dir='ltr'>an</span> 
     </span>
     <span class='ocr_line' id='line_1_25' title="bbox 133 1358 1473 1417; baseline -0.004 -13"><span class='ocrx_word' id='word_1_177' title='bbox 133 1363 303 1417; x_wconf 90' lang='lat' dir='ltr'>nemini,</span> <span class='ocrx_word' id='word_1_178' title='bbox 335 1365 382 1403; x_wconf 91' lang='lat' dir='ltr'>ut</span> <span class='ocrx_word' id='word_1_179' title='bbox 408 1377 572 1403; x_wconf 89' lang='lat' dir='ltr'>summa</span> <span class='ocrx_word' id='word_1_180' title='bbox 602 1362 802 1403; x_wconf 83' lang='lat' dir='ltr'>severitas</span> <span class='ocrx_word' id='word_1_181' title='bbox 833 1360 1208 1401; x_wconf 79' lang='lat' dir='ltr'>animadversionis</span> <span class='ocrx_word' id='word_1_182' title='bbox 1235 1373 1323 1400; x_wconf 88' lang='lat' dir='ltr'>non</span> <span class='ocrx_word' id='word_1_183' title='bbox 1347 1358 1473 1399; x_wconf 92' lang='lat' dir='ltr'>modo</span> 
     </span>
     <span class='ocr_line' id='line_1_26' title="bbox 134 1417 1475 1475; baseline -0.004 -12"><span class='ocrx_word' id='word_1_184' title='bbox 134 1437 220 1464; x_wconf 90' lang='lat' dir='ltr'>non</span> <span class='ocrx_word' id='word_1_185' title='bbox 251 1422 470 1475; x_wconf 80' lang='lat' dir='ltr'>invidiosa,</span> <span class='ocrx_word' id='word_1_186' title='bbox 502 1421 575 1461; x_wconf 87' lang='lat' dir='ltr'>sed</span> <span class='ocrx_word' id='word_1_187' title='bbox 605 1421 733 1462; x_wconf 88' lang='lat' dir='ltr'>etiam</span> <span class='ocrx_word' id='word_1_188' title='bbox 764 1419 981 1474; x_wconf 88' lang='lat' dir='ltr'>popularis</span> <span class='ocrx_word' id='word_1_189' title='bbox 1013 1421 1121 1460; x_wconf 87' lang='lat' dir='ltr'>esset</span> <span class='ocrx_word' id='word_1_190' title='bbox 1152 1420 1193 1459; x_wconf 91' lang='lat' dir='ltr'>et</span> <span class='ocrx_word' id='word_1_191' title='bbox 1225 1432 1321 1458; x_wconf 90' lang='grc'><strong>011111</strong></span> <span class='ocrx_word' id='word_1_192' title='bbox 1350 1417 1475 1458; x_wconf 89' lang='lat' dir='ltr'>bonis</span> 
     </span>
     <span class='ocr_line' id='line_1_27' title="bbox 135 1476 1475 1534; baseline -0.004 -13"><span class='ocrx_word' id='word_1_193' title='bbox 135 1481 332 1522; x_wconf 87' lang='lat' dir='ltr'>omnibus</span> <span class='ocrx_word' id='word_1_194' title='bbox 368 1483 461 1520; x_wconf 91' lang='lat' dir='ltr'>tum</span> <span class='ocrx_word' id='word_1_195' title='bbox 500 1480 647 1520; x_wconf 88' lang='lat' dir='ltr'>infimo</span> <span class='ocrx_word' id='word_1_196' title='bbox 686 1479 837 1533; x_wconf 91' lang='lat' dir='ltr'>cuique</span> <span class='ocrx_word' id='word_1_197' title='bbox 876 1478 1128 1534; x_wconf 88' lang='lat' dir='ltr'>gratissima.</span> <span class='ocrx_word' id='word_1_198' title='bbox 1189 1476 1284 1518; x_wconf 90' lang='lat' dir='ltr'>Hoc</span> <span class='ocrx_word' id='word_1_199' title='bbox 1322 1476 1358 1517; x_wconf 86' lang='lat' dir='ltr'>si</span> <span class='ocrx_word' id='word_1_200' title='bbox 1394 1476 1475 1516; x_wconf 93' lang='lat' dir='ltr'>tibi</span> 
     </span>
     <span class='ocr_line' id='line_1_28' title="bbox 135 1535 1476 1593; baseline -0.004 -13"><span class='ocrx_word' id='word_1_201' title='bbox 135 1540 307 1580; x_wconf 85' lang='lat' dir='ltr'>fortuna</span> <span class='ocrx_word' id='word_1_202' title='bbox 344 1539 525 1592; x_wconf 84' lang='lat' dir='ltr'>quadam</span> <span class='ocrx_word' id='word_1_203' title='bbox 563 1538 826 1593; x_wconf 78' lang='lat' dir='ltr'>contigisset,</span> <span class='ocrx_word' id='word_1_204' title='bbox 867 1537 1104 1592; x_wconf 88' lang='lat' dir='ltr'>gratularer</span> <span class='ocrx_word' id='word_1_205' title='bbox 1135 1535 1331 1576; x_wconf 79' lang='lat' dir='ltr'>felicitati</span> <span class='ocrx_word' id='word_1_206' title='bbox 1362 1537 1476 1588; x_wconf 84' lang='lat' dir='ltr'>tuae3</span> 
     </span>
     <span class='ocr_line' id='line_1_29' title="bbox 137 1593 1477 1652; baseline -0.004 -14"><span class='ocrx_word' id='word_1_207' title='bbox 137 1597 210 1639; x_wconf 89' lang='lat' dir='ltr'>sed</span> <span class='ocrx_word' id='word_1_208' title='bbox 241 1597 421 1652; x_wconf 88' lang='lat' dir='ltr'>contigit</span> <span class='ocrx_word' id='word_1_209' title='bbox 451 1597 743 1652; x_wconf 84' lang='lat' dir='ltr'>magnitudine</span> <span class='ocrx_word' id='word_1_210' title='bbox 769 1610 864 1637; x_wconf 91' lang='lat' dir='ltr'>cum</span> <span class='ocrx_word' id='word_1_211' title='bbox 890 1595 1020 1635; x_wconf 88' lang='lat' dir='ltr'>animi</span> <span class='ocrx_word' id='word_1_212' title='bbox 1045 1597 1138 1635; x_wconf 91' lang='lat' dir='ltr'>tum</span> <span class='ocrx_word' id='word_1_213' title='bbox 1163 1594 1291 1635; x_wconf 87' lang='lat' dir='ltr'>etiam</span> <span class='ocrx_word' id='word_1_214' title='bbox 1316 1593 1477 1649; x_wconf 89' lang='lat' dir='ltr'>ingenii</span> 
     </span>
     <span class='ocr_line' id='line_1_30' title="bbox 137 1651 1478 1710; baseline -0.004 -14"><span class='ocrx_word' id='word_1_215' title='bbox 137 1659 263 1710; x_wconf 89' lang='lat' dir='ltr'>atque</span> <span class='ocrx_word' id='word_1_216' title='bbox 301 1655 477 1696; x_wconf 87' lang='lat' dir='ltr'>consilii.</span> <span class='ocrx_word' id='word_1_217' title='bbox 538 1655 643 1710; x_wconf 87' lang='lat' dir='ltr'>Legi</span> <span class='ocrx_word' id='word_1_218' title='bbox 674 1655 787 1695; x_wconf 90' lang='lat' dir='ltr'>enim</span> <span class='ocrx_word' id='word_1_219' title='bbox 819 1654 1060 1695; x_wconf 89' lang='lat' dir='ltr'>contionem</span> <span class='ocrx_word' id='word_1_220' title='bbox 1092 1656 1227 1707; x_wconf 82' lang='lat' dir='ltr'>tuam3</span> <span class='ocrx_word' id='word_1_221' title='bbox 1264 1652 1374 1692; x_wconf 92' lang='lat' dir='ltr'>nihil</span> <span class='ocrx_word' id='word_1_222' title='bbox 1404 1651 1478 1692; x_wconf 86' lang='lat' dir='ltr'>illa</span> 
     </span>
     <span class='ocr_line' id='line_1_31' title="bbox 137 1711 1478 1769; baseline -0.004 -14"><span class='ocrx_word' id='word_1_223' title='bbox 137 1714 384 1769; x_wconf 78' lang='lat' dir='ltr'>sapientius3</span> <span class='ocrx_word' id='word_1_224' title='bbox 422 1714 482 1754; x_wconf 86' lang='lat' dir='ltr'>ita</span> <span class='ocrx_word' id='word_1_225' title='bbox 518 1713 821 1767; x_wconf 86' lang='lat' dir='ltr'>pedetemptim</span> <span class='ocrx_word' id='word_1_226' title='bbox 853 1715 894 1753; x_wconf 92' lang='lat' dir='ltr'>et</span> <span class='ocrx_word' id='word_1_227' title='bbox 925 1711 1136 1767; x_wconf 87' lang='lat' dir='ltr'>gradatim</span> <span class='ocrx_word' id='word_1_228' title='bbox 1166 1714 1258 1751; x_wconf 91' lang='lat' dir='ltr'>tum</span> <span class='ocrx_word' id='word_1_229' title='bbox 1290 1724 1478 1751; x_wconf 77' lang='lat' dir='ltr'>accessus</span> 
     </span>
     <span class='ocr_line' id='line_1_32' title="bbox 139 1768 1479 1826; baseline -0.004 -13"><span class='ocrx_word' id='word_1_230' title='bbox 139 1789 162 1814; x_wconf 88' lang='lat' dir='ltr'>a</span> <span class='ocrx_word' id='word_1_231' title='bbox 186 1776 228 1814; x_wconf 84' lang='lat' dir='ltr'>te</span> <span class='ocrx_word' id='word_1_232' title='bbox 255 1773 306 1813; x_wconf 89' lang='lat' dir='ltr'>ad</span> <span class='ocrx_word' id='word_1_233' title='bbox 332 1786 498 1813; x_wconf 89' lang='lat' dir='ltr'>causam</span> <span class='ocrx_word' id='word_1_234' title='bbox 529 1772 642 1826; x_wconf 86' lang='lat' dir='ltr'>facti,</span> <span class='ocrx_word' id='word_1_235' title='bbox 672 1774 764 1811; x_wconf 89' lang='lat' dir='ltr'>tum</span> <span class='ocrx_word' id='word_1_236' title='bbox 795 1785 993 1823; x_wconf 78' lang='lat' dir='ltr'>receSSUS,</span> <span class='ocrx_word' id='word_1_237' title='bbox 1025 1772 1072 1810; x_wconf 93' lang='lat' dir='ltr'>ut</span> <span class='ocrx_word' id='word_1_238' title='bbox 1098 1784 1163 1810; x_wconf 89' lang='lat' dir='ltr'>res</span> <span class='ocrx_word' id='word_1_239' title='bbox 1190 1769 1280 1822; x_wconf 86' lang='lat' dir='ltr'>ipsa</span> <span class='ocrx_word' id='word_1_240' title='bbox 1305 1768 1479 1809; x_wconf 90' lang='lat' dir='ltr'>maturi-</span> 
     </span>
     <span class='ocr_line' id='line_1_33' title="bbox 137 1827 1477 1872; baseline -0.004 0"><span class='ocrx_word' id='word_1_241' title='bbox 137 1834 269 1872; x_wconf 88' lang='lat' dir='ltr'>tatem</span> <span class='ocrx_word' id='word_1_242' title='bbox 317 1831 398 1871; x_wconf 91' lang='lat' dir='ltr'>tibi</span> <span class='ocrx_word' id='word_1_243' title='bbox 447 1829 807 1870; x_wconf 81' lang='lat' dir='ltr'>animadvertendi</span> <span class='ocrx_word' id='word_1_244' title='bbox 863 1829 1052 1869; x_wconf 89' lang='lat' dir='ltr'>omnium</span> <span class='ocrx_word' id='word_1_245' title='bbox 1102 1841 1300 1868; x_wconf 88' lang='lat' dir='ltr'>concessu</span> <span class='ocrx_word' id='word_1_246' title='bbox 1350 1827 1477 1867; x_wconf 89' lang='lat' dir='ltr'>daret.</span> 
     </span>
     <span class='ocr_line' id='line_1_34' title="bbox 138 1886 1522 1944; baseline -0.004 -14"><span class='ocrx_word' id='word_1_247' title='bbox 138 1889 350 1931; x_wconf 84' lang='lat' dir='ltr'>Liberasti</span> <span class='ocrx_word' id='word_1_248' title='bbox 387 1889 521 1944; x_wconf 88' lang='lat' dir='ltr'>igitur</span> <span class='ocrx_word' id='word_1_249' title='bbox 557 1891 599 1928; x_wconf 88' lang='lat' dir='ltr'>et</span> <span class='ocrx_word' id='word_1_250' title='bbox 635 1888 785 1928; x_wconf 89' lang='lat' dir='ltr'>urbem</span> <span class='ocrx_word' id='word_1_251' title='bbox 821 1887 1010 1941; x_wconf 88' lang='lat' dir='ltr'>periculo</span> <span class='ocrx_word' id='word_1_252' title='bbox 1042 1888 1084 1926; x_wconf 88' lang='lat' dir='ltr'>et</span> <span class='ocrx_word' id='word_1_253' title='bbox 1115 1886 1330 1926; x_wconf 76' lang='lat' dir='ltr'>civitatem</span> <span class='ocrx_word' id='word_1_254' title='bbox 1360 1887 1478 1925; x_wconf 86' lang='lat' dir='ltr'>metu</span> <span class='ocrx_word' id='word_1_255' title='bbox 1510 1896 1522 1907; x_wconf 57' lang='lat'>³</span> 
     </span>
     <span class='ocr_line' id='line_1_35' title="bbox 139 1943 1480 2003; baseline -0.005 -14"><span class='ocrx_word' id='word_1_256' title='bbox 139 1963 274 2003; x_wconf 87' lang='lat' dir='ltr'>neque</span> <span class='ocrx_word' id='word_1_257' title='bbox 295 1948 432 1988; x_wconf 87' lang='lat' dir='ltr'>solum</span> <span class='ocrx_word' id='word_1_258' title='bbox 446 1947 498 1987; x_wconf 91' lang='lat' dir='ltr'>ad</span> <span class='ocrx_word' id='word_1_259' title='bbox 517 1949 684 2001; x_wconf 90' lang='lat' dir='ltr'>tempus</span> <span class='ocrx_word' id='word_1_260' title='bbox 702 1946 931 1986; x_wconf 75' lang='lat' dir='ltr'>maximam</span> <span class='ocrx_word' id='word_1_261' title='bbox 950 1945 1180 1985; x_wconf 86' lang='lat' dir='ltr'>utilitatem</span> <span class='ocrx_word' id='word_1_262' title='bbox 1200 1943 1392 1996; x_wconf 88' lang='lat' dir='ltr'>attulisti,</span> <span class='ocrx_word' id='word_1_263' title='bbox 1407 1943 1480 1983; x_wconf 89' lang='lat' dir='ltr'>sed</span> 
     </span>
     <span class='ocr_line' id='line_1_36' title="bbox 140 2001 1479 2059; baseline -0.005 -11"><span class='ocrx_word' id='word_1_264' title='bbox 140 2007 268 2048; x_wconf 89' lang='lat' dir='ltr'>etiam</span> <span class='ocrx_word' id='word_1_265' title='bbox 300 2006 352 2047; x_wconf 88' lang='lat' dir='ltr'>ad</span> <span class='ocrx_word' id='word_1_266' title='bbox 377 2005 627 2059; x_wconf 77' lang='lat' dir='ltr'>exemplum.</span> <span class='ocrx_word' id='word_1_267' title='bbox 672 2004 764 2053; x_wconf 84' lang='lat' dir='ltr'>Quo</span> <span class='ocrx_word' id='word_1_268' title='bbox 796 2004 907 2044; x_wconf 86' lang='lat' dir='ltr'>facto</span> <span class='ocrx_word' id='word_1_269' title='bbox 939 2002 1184 2058; x_wconf 87' lang='lat' dir='ltr'>intellegere</span> <span class='ocrx_word' id='word_1_270' title='bbox 1217 2002 1342 2042; x_wconf 86' lang='lat' dir='ltr'>debes</span> <span class='ocrx_word' id='word_1_271' title='bbox 1368 2001 1413 2041; x_wconf 89' lang='lat' dir='ltr'>in</span> <span class='ocrx_word' id='word_1_272' title='bbox 1437 2003 1479 2041; x_wconf 87' lang='lat' dir='ltr'>te</span> 
     </span>
     <span class='ocr_line' id='line_1_37' title="bbox 139 2060 1480 2120; baseline -0.006 -13"><span class='ocrx_word' id='word_1_273' title='bbox 139 2066 322 2120; x_wconf 89' lang='lat' dir='ltr'>positam</span> <span class='ocrx_word' id='word_1_274' title='bbox 342 2079 430 2106; x_wconf 88' lang='lat' dir='ltr'>esse</span> <span class='ocrx_word' id='word_1_275' title='bbox 449 2079 538 2105; x_wconf 90' lang='lat' dir='ltr'>rem</span> <span class='ocrx_word' id='word_1_276' title='bbox 558 2079 596 2117; x_wconf 92' lang='lat' dir='ltr'>p.</span> <span class='ocrx_word' id='word_1_277' title='bbox 616 2063 780 2117; x_wconf 87' lang='lat' dir='ltr'>tibique</span> <span class='ocrx_word' id='word_1_278' title='bbox 799 2077 885 2103; x_wconf 90' lang='lat' dir='ltr'>non</span> <span class='ocrx_word' id='word_1_279' title='bbox 904 2061 1030 2102; x_wconf 90' lang='lat' dir='ltr'>modo</span> <span class='ocrx_word' id='word_1_280' title='bbox 1050 2060 1240 2114; x_wconf 88' lang='lat' dir='ltr'>tuendos,</span> <span class='ocrx_word' id='word_1_281' title='bbox 1260 2060 1333 2100; x_wconf 89' lang='lat' dir='ltr'>sed</span> <span class='ocrx_word' id='word_1_282' title='bbox 1352 2060 1480 2100; x_wconf 90' lang='lat' dir='ltr'>etiam</span> 
     </span>
     <span class='ocr_line' id='line_1_38' title="bbox 142 2118 1480 2175; baseline -0.005 -10"><span class='ocrx_word' id='word_1_283' title='bbox 142 2124 352 2165; x_wconf 87' lang='lat' dir='ltr'>ornandos</span> <span class='ocrx_word' id='word_1_284' title='bbox 389 2137 476 2164; x_wconf 90' lang='lat' dir='ltr'>esse</span> <span class='ocrx_word' id='word_1_285' title='bbox 514 2123 609 2162; x_wconf 89' lang='lat' dir='ltr'>illos</span> <span class='ocrx_word' id='word_1_286' title='bbox 646 2122 777 2175; x_wconf 80' lang='lat' dir='ltr'>viros,</span> <span class='ocrx_word' id='word_1_287' title='bbox 815 2135 839 2160; x_wconf 88' lang='lat' dir='ltr'>a</span> <span class='ocrx_word' id='word_1_288' title='bbox 870 2120 1023 2174; x_wconf 88' lang='lat' dir='ltr'>quibus</span> <span class='ocrx_word' id='word_1_289' title='bbox 1061 2119 1232 2160; x_wconf 87' lang='lat' dir='ltr'>initium</span> <span class='ocrx_word' id='word_1_290' title='bbox 1268 2118 1480 2159; x_wconf 87' lang='lat' dir='ltr'>libertatis</span> 
     </span>
     <span class='ocr_line' id='line_1_39' title="bbox 140 2177 1480 2237; baseline -0.006 -13"><span class='ocrx_word' id='word_1_291' title='bbox 140 2183 378 2237; x_wconf 87' lang='lat' dir='ltr'>profectum</span> <span class='ocrx_word' id='word_1_292' title='bbox 398 2184 470 2222; x_wconf 91' lang='lat' dir='ltr'>est.</span> <span class='ocrx_word' id='word_1_293' title='bbox 513 2179 595 2221; x_wconf 81' lang='lat' dir='ltr'>Sed</span> <span class='ocrx_word' id='word_1_294' title='bbox 613 2180 680 2220; x_wconf 81' lang='lat' dir='ltr'>his</span> <span class='ocrx_word' id='word_1_295' title='bbox 701 2180 750 2220; x_wconf 89' lang='lat' dir='ltr'>de</span> <span class='ocrx_word' id='word_1_296' title='bbox 770 2179 895 2220; x_wconf 88' lang='lat' dir='ltr'>rebus</span> <span class='ocrx_word' id='word_1_297' title='bbox 916 2193 1056 2219; x_wconf 86' lang='lat' dir='ltr'>coram</span> <span class='ocrx_word' id='word_1_298' title='bbox 1075 2178 1198 2231; x_wconf 87' lang='lat' dir='ltr'>plura</span> <span class='ocrx_word' id='word_1_299' title='bbox 1222 2177 1480 2231; x_wconf 89' lang='lat' dir='ltr'>propediem,</span> 
     </span>
     <span class='ocr_line' id='line_1_40' title="bbox 143 2235 1481 2295; baseline -0.005 -13"><span class='ocrx_word' id='word_1_300' title='bbox 143 2244 191 2282; x_wconf 91' lang='lat' dir='ltr'>ut</span> <span class='ocrx_word' id='word_1_301' title='bbox 211 2255 345 2295; x_wconf 91' lang='lat' dir='ltr'>spero.</span> <span class='ocrx_word' id='word_1_302' title='bbox 383 2240 448 2281; x_wconf 89' lang='lat' dir='ltr'>Tu</span> <span class='ocrx_word' id='word_1_303' title='bbox 469 2239 669 2294; x_wconf 86' lang='lat' dir='ltr'>quoniam</span> <span class='ocrx_word' id='word_1_304' title='bbox 695 2252 784 2278; x_wconf 89' lang='lat' dir='ltr'>rem</span> <span class='ocrx_word' id='word_1_305' title='bbox 808 2253 847 2291; x_wconf 93' lang='lat' dir='ltr'>p.</span> <span class='ocrx_word' id='word_1_306' title='bbox 873 2251 1034 2290; x_wconf 85' lang='lat' dir='ltr'>nosque</span> <span class='ocrx_word' id='word_1_307' title='bbox 1061 2250 1293 2290; x_wconf 77' lang='lat' dir='ltr'>conservas,</span> <span class='ocrx_word' id='word_1_308' title='bbox 1325 2235 1402 2290; x_wconf 88' lang='lat' dir='ltr'>fac,</span> <span class='ocrx_word' id='word_1_309' title='bbox 1434 2238 1481 2276; x_wconf 90' lang='lat' dir='ltr'>ut</span> 
     </span>
     <span class='ocr_line' id='line_1_41' title="bbox 142 2294 1333 2355; baseline -0.006 -14"><span class='ocrx_word' id='word_1_310' title='bbox 142 2299 464 2355; x_wconf 89' lang='lat' dir='ltr'>diligentissime</span> <span class='ocrx_word' id='word_1_311' title='bbox 495 2301 536 2339; x_wconf 92' lang='lat' dir='ltr'>te</span> <span class='ocrx_word' id='word_1_312' title='bbox 568 2298 724 2351; x_wconf 87' lang='lat' dir='ltr'>ipsum,</span> <span class='ocrx_word' id='word_1_313' title='bbox 755 2297 815 2337; x_wconf 91' lang='lat' dir='ltr'>mi</span> <span class='ocrx_word' id='word_1_314' title='bbox 846 2295 1079 2350; x_wconf 89' lang='lat' dir='ltr'>Dolabella,</span> <span class='ocrx_word' id='word_1_315' title='bbox 1112 2294 1333 2335; x_wconf 88' lang='lat' dir='ltr'>custodias.</span> 
     </span>
    </p>
   </div>
   <div class='ocr_carea' id='block_1_6' title="bbox 215 2366 1268 2405">
    <p class='ocr_par' dir='ltr' id='par_1_6' title="bbox 215 2366 1268 2405">
     <span class='ocr_line' id='line_1_42' title="bbox 215 2366 1268 2405; baseline -0.004 -5"><span class='ocrx_word' id='word_1_316' title='bbox 215 2374 369 2400; x_wconf 81' lang='lat' dir='ltr'>Ciceronis</span> <span class='ocrx_word' id='word_1_317' title='bbox 388 2374 474 2405; x_wconf 78' lang='lat' dir='ltr'>epist.</span> <span class='ocrx_word' id='word_1_318' title='bbox 495 2374 518 2399; x_wconf 89' lang='lat'>1.</span> <span class='ocrx_word' id='word_1_319' title='bbox 1227 2366 1268 2396; x_wconf 90' lang='grc'>16</span> 
     </span>
    </p>
   </div>
  </div>
 </body>
</html>
