1659 2552
108 338 150 369 10

179 113 266 154 214
678 115 1016 150 EPISTULARUM

176 208 318 264 video,
356 209 532 252 alteram
564 214 703 251 utram
735 210 788 251 ad
825 209 1115 251 condicionem
1148 209 1397 252 descendere
1428 211 1520 252 vult

178 265 347 323 Caesar,
387 272 435 310 ut
467 273 539 310 aut
570 272 749 323 maneat,
781 283 916 322 neque
948 269 1029 310 hoc
1060 283 1170 310 anno
1202 283 1277 310 sua
1308 269 1417 311 ratio
1449 269 1520 311 ha-

176 325 346 382 beatur,
387 330 479 383 aut,
521 328 556 368 si
598 328 807 383 designari
844 328 1023 382 poterit,
1065 327 1248 368 decedat.
1311 327 1439 369 Curio
1476 343 1519 370 se

177 389 323 427 contra
355 401 451 427 eum
482 389 621 427 totum
653 389 784 441 parat.
848 386 959 435 Quid
984 386 1157 440 adsequi
1183 386 1329 440 possit,
1359 387 1519 442 nescio3

174 444 282 485 illud
306 445 446 500 video,
479 445 584 486 bene
610 445 873 499 sentientem,
906 445 984 486 etsi
1009 445 1118 486 nihil
1145 445 1341 500 effecerit,
1373 445 1519 487 cadere
1556 458 1573 485 5

174 517 260 544 non
297 518 430 558 posse.
491 503 560 544 Me
599 506 753 544 tractat
790 503 1026 545 liberaliter
1059 502 1187 545 Curio
1226 507 1268 545 et
1304 504 1410 545 mihi
1443 519 1519 546 suo

174 576 348 603 munere
380 563 599 617 negotium
632 562 841 618 inposuit,
873 578 982 617 nam,
1014 563 1050 604 si
1081 562 1188 604 mihi
1219 577 1304 604 non
1338 563 1519 605 dedisset

175 634 255 675 eas,
288 636 393 675 quae
426 621 478 661 ad
507 621 629 661 ludos
662 621 699 661 ei
731 621 928 663 advectae
960 624 1079 663 erant
1110 621 1347 676 Africanae,
1377 622 1520 677 potuit

175 680 454 735 supersederi,
486 694 608 733 nunc,
642 680 842 734 quoniam
869 680 966 721 dare
991 695 1159 722 necesse
1185 683 1260 734 est,
1285 681 1413 722 velim
1437 681 1519 723 tibi

176 751 299 778 curae
340 739 411 792 sit,
453 738 566 792 quod
597 753 620 778 a
658 741 700 779 te
741 753 906 793 semper
941 739 1063 794 petii,
1104 742 1152 780 ut
1192 739 1354 794 ahquid
1393 740 1519 781 istinc
1539 754 1572 779 10

175 796 407 837 bestiarum
450 797 703 852 habeamus3
755 796 1064 852 Sittianamque
1111 798 1397 854 syngrapham
1437 799 1518 840 tibi

175 856 434 896 commendo.
495 855 718 897 Libertum
754 855 979 898 Philonem
1018 857 1127 898 istoc
1162 857 1261 898 misi
1292 860 1333 899 et
1363 857 1519 914 Dioge-

174 928 271 954 nem
306 913 528 968 Graecum,
571 915 725 969 quibus
756 915 955 956 mandata
986 918 1027 956 et
1057 915 1222 957 litteras
1255 915 1308 957 ad
1338 918 1380 957 te
1412 915 1517 958 dedi.

175 972 261 1013 Eos
299 973 379 1014 tibi
418 976 459 1014 et
498 988 603 1027 rem,
646 973 694 1014 de
733 988 815 1028 qua
855 975 973 1029 misi,
1014 975 1141 1016 velim
1183 989 1305 1016 curae
1344 975 1518 1030 habeas;

174 1046 289 1086 nam,
328 1046 454 1085 quam
485 1032 757 1074 vehementer
788 1033 841 1073 ad
871 1048 938 1074 me
970 1034 1197 1089 pertineat,
1234 1034 1280 1074 in
1310 1034 1383 1088 iis,
1415 1048 1518 1089 quas
1539 1047 1571 1072 15

174 1090 254 1130 tibi
286 1090 350 1131 illi
383 1090 579 1145 reddent,
610 1091 767 1132 litteris
797 1092 1035 1147 perscripsi.

808 1242 881 1285 IX.

421 1322 495 1358 Ser.
523 1324 659 1359 Romae
684 1324 749 1357 IV
770 1324 867 1359 Non.
897 1323 990 1368 Sept.
1018 1336 1052 1358 α.
1080 1326 1151 1359 703
1178 1327 1268 1368 (51).

585 1405 783 1440 CAELrUS
817 1404 1040 1440 CICERONI
1069 1405 1102 1440 S.

263 1499 349 1541 ‘Sic
374 1501 449 1554 tu’,
481 1501 634 1554 inquis,
662 1500 854 1541 ‘Hirrum
872 1501 1122 1541 tractasti?
1156 1499 1305 1556 Immo,
1337 1501 1372 1542 si
1398 1502 1516 1556 scias,
1537 1517 1570 1541 20

175 1573 301 1613 quam
339 1559 478 1613 facile,
523 1574 648 1613 quam
686 1574 738 1600 ne
780 1560 1063 1600 contentionis
1105 1560 1276 1613 quidem
1316 1561 1516 1603 minimae

174 1618 319 1670 fuerit,
359 1618 515 1672 pudeat
553 1621 594 1659 te
632 1632 780 1658 ausum
818 1618 939 1659 illum
971 1633 1173 1672 umquam
1205 1633 1293 1660 esse
1325 1619 1516 1661 incedere

175 1679 392 1729 tamquam
424 1680 545 1717 tuum
578 1677 910 1731 competitorem.
961 1676 1064 1718 Post
1096 1677 1307 1732 repulsam
1338 1692 1438 1719 vero
1463 1678 1517 1719 ri-

175 1749 244 1775 sus
276 1735 394 1789 facit,
427 1735 561 1776 civem
592 1735 752 1776 bonum
783 1735 892 1776 ludit
924 1738 965 1776 et
998 1739 1144 1776 contra
1177 1735 1396 1778 Caesarem
1427 1751 1517 1778 sen-

174 1794 328 1834 tentias
354 1793 467 1848 dicit,
494 1795 850 1848 exspectationem
876 1795 1063 1849 corripit,
1091 1793 1318 1836 Curionem
1343 1809 1516 1850 prorsus
1536 1807 1569 1833 25

176 1851 443 1907 [Curionem]
475 1867 560 1893 non
585 1853 856 1894 mediocriter
875 1853 1085 1909 obiurgat,
1116 1856 1233 1895 totus
1251 1854 1331 1895 hac
1349 1854 1516 1909 repulsa

174 1925 217 1951 se
258 1911 450 1952 mutavit.
511 1910 754 1966 Praeterea,
796 1912 869 1966 qui
908 1927 1140 1966 numquam
1180 1913 1225 1953 in
1261 1913 1355 1954 foro
1392 1927 1516 1967 appa-

175 1970 319 2023 ruerit,
350 1984 436 2010 non
467 1970 650 2011 multum
676 1971 720 2011 in
745 1971 912 2012 iudiciis
937 1974 1127 2012 versatus
1158 1971 1225 2025 sit,
1257 1971 1346 2027 agit
1371 1985 1515 2012 causas

175 2028 380 2081 liberalis,
412 2029 485 2070 sed
517 2043 611 2070 raro
643 2032 740 2083 post
770 2029 1001 2071 meridiem.
1046 2029 1109 2071 De
1140 2029 1370 2084 provinciis
1402 2029 1516 2084 quod

175 2086 255 2127 tibi
287 2087 535 2141 scripseram
561 2086 707 2129 Idibus
735 2087 847 2129 Sext.
875 2091 1015 2129 actum
1041 2088 1106 2142 iri,
1137 2087 1378 2142 interpella-t
1409 2088 1516 2129 iudi·
1534 2100 1568 2125 80

175 2145 286 2186 cium
318 2145 525 2200 Marcelli,
564 2147 747 2188 consulis
780 2147 1000 2202 designati.
1061 2145 1111 2187 In
1142 2146 1234 2187 Kal.
1265 2159 1330 2188 res
1360 2147 1515 2188 reiecta

175 2207 254 2245 est:
297 2219 349 2245 ne
387 2205 670 2259 frequentiam
711 2205 881 2259 quidem
924 2206 1089 2246 efficere
1119 2207 1365 2259 'potuer-ant.
1426 2204 1515 2246 Has

175 2261 337 2302 litteras
375 2277 408 2303 a.
443 2263 479 2304 d.
517 2275 585 2304 [ΙΙΙ
615 2263 725 2305 Non.
760 2263 1022 2318 Septembris
1060 2263 1171 2317 dedi,
1213 2277 1307 2304 cum
1340 2263 1392 2304 ad
1423 2278 1515 2305 eam

176 2319 286 2360 diem
318 2335 368 2361 ne
399 2321 675 2377 profligatum
708 2322 878 2376 quidem
910 2323 1135 2377 quicquam
1162 2325 1260 2363 erat.
1296 2321 1356 2363 Ut
1381 2322 1516 2377 video,
