1659 2552
181 118 236 160 58
669 115 1007 152 EPISTULARUM

183 214 491 255 dubitationem
534 213 702 254 videtur
745 213 965 265 adducere,
1010 211 1230 251 visurusne
1274 224 1340 251 me
1381 210 1437 250 sis
1474 209 1518 250 in

182 273 416 327 provincia,
449 287 496 313 ea
527 287 592 313 res
624 272 683 312 sic
714 286 756 312 se
787 271 933 311 habet:
965 269 1165 310 Brundisi
1198 283 1292 309 cum
1323 269 1520 322 loquerer

184 346 277 372 cum
309 331 486 385 Pha-nia,
524 331 678 371 liberto
716 333 809 383 tuo,
846 329 941 369 veni
980 329 1024 368 in
1055 342 1150 369 eum
1183 341 1434 381 sermonem,
1473 329 1520 368 ut

185 390 364 430 dicerem
390 405 456 431 me
482 390 663 430 libenter
688 389 740 429 ad
765 403 855 429 eam
881 390 1044 442 partem
1069 386 1310 441 provinciae
1335 386 1519 440 primum

145 485 150 490 ,
185 462 272 489 esse
303 452 539 502 venturum,
572 463 655 502 quo
688 451 729 488 te
761 447 942 487 maxime
974 445 1081 486 velle
1108 444 1346 485 arbitrarer.
1402 443 1521 484 Tunc

184 507 288 547 mihi
322 507 390 547 ille
424 507 542 560 dixit,
574 506 687 560 quod
712 506 840 546 classe
865 508 912 545 tu
939 504 1066 545 velles
1093 504 1300 557 decedere,
1331 517 1406 558 per
1430 503 1520 543 fore

185 566 545 606 accommodatum
588 565 685 618 tibi,
732 564 765 604 si
805 564 857 604 ad
899 563 1016 603 illam
1059 562 1316 603 maritimam
1359 564 1521 616 partem

184 625 425 678 provinciae
462 623 640 664 navibus
678 623 952 663 accessissem.
1019 620 1120 662 Dixi
1159 635 1225 661 me
1267 635 1354 661 esse
1392 620 1522 660 factu-

185 697 278 723 rum
317 683 458 736 itaque
496 682 703 735 fecissem,
742 681 822 721 nisi
861 681 919 721 mi
958 679 1002 720 L.
1037 678 1209 720 Clodius
1247 681 1391 720 noster
1423 677 1522 719 Cor-

186 755 307 794 cyrae
340 742 512 781 dixisset
544 741 716 781 minime
748 740 792 780 id
823 754 910 780 esse
936 739 1191 793 faciendum3
1222 740 1264 778 te
1290 737 1521 778 Laudiceae

185 801 275 840 fore
308 800 358 840 ad
390 814 529 840 meum
563 799 799 839 adventum.
861 797 965 838 Erat
991 798 1035 838 id
1059 797 1164 838 mihi
1190 797 1326 837 multo
1353 795 1522 837 brevius

187 858 404 912 multoque
437 858 710 911 commodius,
743 872 837 898 cum
868 856 1115 911 praesertim
1146 858 1188 896 te
1219 855 1280 896 ita
1304 855 1429 895 malle
1461 869 1522 895 ar-

186 917 376 957 bitrarer.
438 916 528 957 Tua
560 916 667 957 ratio
699 918 846 970 postea
870 918 933 956 est
959 917 1226 956 commutata.
1270 913 1395 955 Nunc
1421 912 1523 967 quid

185 976 277 1016 fieri
308 976 453 1029 possit,
484 978 531 1016 tu
564 975 762 1016 facillime
795 977 970 1029 statues3
1003 988 1081 1029 ego
1113 973 1193 1014 tibi
1224 987 1365 1013 meum
1391 971 1523 1013 consi-

184 1034 289 1074 lium
310 1049 533 1088 exponam:
565 1033 631 1074 Pr.
652 1033 702 1074 K.
725 1032 904 1074 Sextiles
935 1035 1039 1087 puto
1070 1046 1136 1073 me
1161 1031 1390 1072 Laodiceae
1421 1031 1522 1071 fore.

185 1092 422 1146 Perpaueos
456 1093 559 1146 dies,
599 1093 698 1133 dum
729 1092 907 1146 pecunia
938 1091 1159 1145 accipitur,
1198 1105 1303 1144 quae
1334 1089 1441 1130 mihi
1473 1103 1524 1130 ex

186 1151 356 1205 publica
398 1152 709 1205 permutatione
755 1151 947 1205 debetur,
992 1149 1295 1191 commorabor.
1362 1147 1524 1188 Deinde

186 1210 268 1250 iter
305 1210 456 1250 faciam
495 1210 547 1250 ad
584 1210 834 1262 exercitum,
867 1212 914 1250 ut
952 1209 1118 1249 circiter
1155 1206 1214 1248 Id.
1255 1206 1347 1248 Sex.
1379 1209 1525 1260 putem

186 1283 252 1309 me
285 1268 337 1308 ad
367 1267 559 1309 Iconium
590 1269 690 1309 fore.
754 1267 852 1321 Sed,
891 1268 925 1308 si
967 1267 1069 1321 quid
1099 1281 1211 1307 nunc
1241 1280 1308 1306 me
1339 1265 1450 1306 fallit
1480 1264 1525 1306 in

187 1327 407 1367 scribendo
441 1326 607 1381 (procul
639 1327 751 1367 enim
777 1326 946 1367 aberam
978 1326 1030 1366 ab
1062 1340 1106 1366 re
1139 1325 1229 1379 ipsa
1260 1328 1302 1365 et
1333 1339 1356 1364 a
1387 1322 1522 1379 locis),

187 1386 312 1425 simul
345 1399 392 1425 ac
422 1385 620 1440 progredi
653 1399 848 1438 coepero,
882 1399 1007 1438 quam
1040 1384 1254 1424 celerrime
1285 1386 1452 1437 potero,
1484 1384 1525 1422 et

187 1458 311 1497 quam
340 1443 605 1484 creberrimis
630 1443 784 1484 litteris
809 1443 972 1496 faciam,
1004 1445 1051 1482 ut
1076 1442 1155 1482 tibi
1180 1443 1282 1482 nota
1307 1441 1362 1481 sit
1389 1441 1526 1481 omnis

186 1502 294 1542 ratio
327 1502 488 1542 dierum
521 1505 645 1556 atque
677 1502 876 1542 itinerum
908 1515 1108 1542 meorum.
1171 1499 1320 1540 Oneris
1344 1499 1423 1540 tibi
1451 1499 1526 1539 im-

186 1575 340 1614 ponere
366 1575 442 1601 nec
468 1560 600 1601 audeo
628 1560 852 1614 quicquam
878 1574 955 1600 nec
981 1559 1129 1613 debe03
1162 1559 1244 1612 sed,
1277 1558 1391 1612 quod
1417 1572 1526 1598 com-

186 1619 311 1659 modo
332 1622 406 1659 tuo
426 1619 517 1659 fieri
543 1619 688 1673 possit,
714 1619 934 1672 utriusque
960 1621 1154 1658 nostrum
1173 1617 1317 1673 magni
1344 1617 1524 1669 interest,

186 1682 231 1718 ut
262 1680 296 1718 te
326 1678 486 1718 videam
517 1681 621 1731 ante,
654 1692 780 1731 quam
814 1677 996 1718 decedas.
1060 1675 1194 1725 Quam
1221 1675 1465 1716 facultatem
1490 1675 1526 1715 si

188 1736 282 1789 quis
321 1750 438 1776 casus
476 1736 695 1790 eripuerit,
735 1750 828 1776 mea
866 1739 1007 1776 tamen
1044 1735 1087 1775 in
1127 1737 1169 1775 te
1208 1735 1349 1775 omnia
1387 1733 1527 1774 officia

188 1794 442 1835 constabunt
467 1808 552 1835 non
579 1809 707 1847 secus,
741 1808 787 1834 ac
813 1795 847 1834 si
874 1798 914 1835 te
940 1794 1156 1847 vidissem3
1188 1793 1268 1834 tibi
1296 1793 1344 1834 de
1370 1792 1526 1833 nostris

188 1853 313 1893 rebus
350 1853 458 1893 nihil
498 1868 590 1893 sum
632 1856 727 1894 ante
768 1853 1042 1893 mandaturus
1073 1867 1148 1906 per
1178 1852 1359 1905 litteras,
1401 1865 1525 1904 quam

189 1912 410 1965 desperaro
443 1926 583 1952 coram
616 1927 682 1952 me
713 1915 853 1952 tecum
885 1926 1007 1967 agere
1038 1925 1171 1965 posse.

279 1969 401 2019 Quod
432 1974 473 2011 te
506 1986 529 2011 a
561 1969 761 2011 Scaevola
792 1971 946 2025 petisse
980 1970 1099 2023 djcis,
1137 1971 1203 2023 ut,
1242 1968 1340 2008 dum
1372 1970 1420 2008 tu
1457 1966 1526 2007 ab·

189 2043 308 2082 esses,
341 2032 437 2069 ante
469 2029 697 2070 adventum
729 2044 870 2070 meum
900 2029 1141 2083 provinciae
1172 2028 1399 2081 praeesset,
1431 2039 1526 2066 eum

189 2102 267 2141 ego
307 2087 464 2141 Ephesi
497 2088 602 2142 vidi,
643 2088 808 2141 fuitque
845 2101 1010 2128 mecum
1041 2085 1306 2127 familiariter
1338 2083 1526 2124 triduum

189 2145 310 2198 illud,
351 2146 465 2199 quod
504 2161 582 2201 ego
621 2146 780 2200 Ephesi
819 2145 1248 2196 commoratus'sum,
1289 2156 1365 2183 nec
1396 2156 1447 2183 ex
1478 2156 1527 2183 eo

190 2203 415 2257 quicquam
457 2205 618 2258 audivi,
661 2204 775 2258 quod
815 2204 895 2245 sibi
934 2219 958 2244 a
995 2206 1036 2243 te
1077 2202 1321 2242 mandatum
1360 2201 1526 2242 diceret.

188 2261 251 2300 Ac
283 2276 379 2302 sane
411 2263 563 2303 vellem
596 2263 804 2317 potuisset
836 2261 1011 2316 obsequi
1050 2259 1259 2301 voluntati
1292 2262 1406 2314 tuae3
1443 2273 1528 2301 non

191 2319 299 2358 enim
335 2320 520 2361 arbitror
551 2321 746 2361 noluisse.

1542 748 1575 773 10

1544 1042 1576 1066 15

1544 1334 1577 1359 20

1545 1627 1578 1652 25

1545 1920 1579 1944 30

1546 2211 1580 2237 85
