1659 2552
124 1635 143 1664 ¹0

167 118 253 159 262
664 118 1002 153 EPISTULARUM

169 218 310 255 autem
349 217 428 269 est,
465 214 546 255 hoe
577 214 825 269 praesertim
858 216 1066 267 1111111010,
1103 228 1179 267 per
1210 215 1275 254 tot
1307 228 1438 255 annos
1470 228 1514 255 re

168 289 207 328 p.
241 274 451 327 divexata,
494 273 551 314 rei
592 273 768 327 11110110
806 273 1014 327 (1011111110
1053 286 1198 312 cursus
1239 272 1291 312 ad
1321 273 1512 327 gloriam.

257 331 371 373 Haec
404 347 545 373 amore
572 332 706 387 maois
734 331 940 385 impulsus
967 330 1187 371 scribenda
1213 331 1264 370 ad
1290 333 1331 371 te
1357 332 1514 386 putavi,

170 405 296 445 quam
339 405 421 445 quo
459 393 500 431 te
539 391 768 430 111111111-1101·
808 389 982 430 monitis
1021 392 1062 430 et
1102 390 1336 443 piaeeeptis
1375 405 1514 446 eger3e

170 450 353 490 sciebam
385 450 497 490 enim
537 464 587 490 ex
627 449 774 489 iisdem
807 451 848 489 te
880 449 983 489 haec
1014 448 1183 489 haurire
1215 448 1422 503 fontibus,
1464 463 1514 490 ex
1551 461 1568 486 5

171 509 325 563 quibus
364 509 451 562 ipse
490 509 721 548 hauseram.
785 506 921 556 Quare
960 507 1134 547 modum
1166 507 1328 547 faciam.
1390 506 1515 548 Nunc

170 570 336 608 tantum
374 567 698 622 significandum
737 567 901 620 putavi,
943 569 990 606 ut
1027 566 1170 620 potius
1209 580 1395 607 amorem
1436 566 1515 607 tibi

171 627 435 667 ostenderem
473 640 614 666 meum
654 640 780 679 quam
820 627 1077 666 ostentarem
1116 625 1395 678 prudentiam.
1451 623 1518 666 In—

170 688 303 738 terea,
350 699 455 739 quae
493 684 545 724 ad
584 684 837 739 dignitatem
869 687 986 725 tuam
1019 684 1230 738 pertinere
1263 684 1516 738 arbitrabor,

169 744 356 784 studiose
390 743 700 798 diligenterque
733 743 900 784 curabo.
1536 756 1568 781 10

803 894 876 936 IV.

298 977 371 1010 Ser.
399 977 436 1010 ‘in
468 976 593 1011 Gallia
624 977 873 1021 Transalpina
898 987 952 1011 ex.
978 987 1023 1010 m.
1050 975 1139 1011 Dec.
1165 987 1198 1010 α.
1228 978 1299 1009 710
1326 977 1414 1017 (44).

603 1058 819 1093 PLANCUs
846 1057 1080 1093 CICERONI.

261 1152 536 1194 Gratissimae
578 1154 685 1195 mihi
729 1156 826 1194 tuae
869 1154 1036 1194 litterae
1080 1155 1273 1207 fuerunt,
1318 1168 1420 1208 quas
1464 1167 1515 1194 ex

171 1212 301 1253 Furni
341 1227 533 1253 sermone
571 1215 612 1253 te
645 1213 861 1267 scripsisse
893 1213 1183 1253 animadverti.
1246 1212 1340 1268 Ego
1373 1215 1514 1253 autem
1536 1225 1567 1249 15

170 1272 389 1325 praeteriti
422 1272 626 1325 temporis
658 1271 971 1312 excusationem
1004 1272 1165 1325 adfero,
1204 1272 1317 1325 quod
1348 1274 1389 1312 te
1420 1285 1515 1326 pro-

171 1333 329 1371 fectum
361 1330 576 1371 audieram
608 1344 684 1370 1100
714 1330 851 1371 multo
883 1333 979 1371 ante
1011 1330 1166 1370 redisse
1192 1330 1279 1383 scii,
1311 1344 1438 1384 quam
1463 1344 1514 1370 ex

174 1388 355 1442 epistula
396 1391 469 1429 tua
510 1389 701 1444 cognovi.
780 1388 959 1429 Nullum
1004 1389 1115 1429 enim
1157 1389 1200 1428 in
1243 1391 1284 1429 te
1326 1388 1514 1429 officium

170 1462 222 1487 ne
255 1447 479 1499 minimum
518 1447 687 1501 quidem
726 1447 815 1488 sine
846 1448 1031 1488 maxima
1063 1447 1184 1501 culpa
1216 1447 1361 1488 videor
1392 1461 1514 1501 posse

170 1506 417 1560 praeterire,
458 1506 501 1546 in
543 1520 626 1559 quo
667 1506 823 1546 tuendo
861 1506 997 1547 habeo
1036 1520 1180 1546 causas
1211 1506 1415 1559 plurimas
1447 1506 1513 1547 vel
1534 1517 1567 1543 20

171 1567 369 1618 paternae
396 1565 717 1605 necessitudinis
743 1565 809 1605 vel
835 1580 951 1605 meae
971 1580 994 1605 a
1014 1565 1197 1619 pueritia
1223 1565 1514 1619 opservantiae

171 1623 237 1663 vel
268 1623 330 1663 tui
364 1638 463 1677 erga
488 1638 555 1663 me
581 1624 718 1664 mutui
745 1624 910 1664 amoris
944 1622 1092 1677 Quare,
1123 1624 1182 1664 mi
1210 1623 1369 1677 Cic-ero,
1401 1623 1515 1677 quod

170 1697 263 1722 mea
295 1685 450 1736 tuaque
482 1682 643 1735 patitur
674 1685 798 1736 aetas,
830 1683 1034 1736 persuade
1066 1682 1144 1723 tibi
1178 1685 1219 1723 te
1251 1697 1382 1723 unum
1414 1696 1514 1736 esse,

172 1741 213 1781 in
247 1755 330 1794 quo
363 1755 442 1796 ego
475 1741 650 1781 colendo
688 1741 868 1795 patriam
900 1741 1006 1781 mihi
1039 1741 1332 1782 constituerim
1364 1740 1514 1781 sancti-

170 1802 312 1840 tatem.
387 1800 539 1840 Omnia
589 1800 722 1855 igitur
765 1803 837 1840 tua
882 1800 1057 1841 consilia
1099 1800 1206 1841 mihi
1250 1814 1335 1840 non
1378 1799 1514 1855 magis
1534 1810 1567 1836 25

170 1858 418 1911 prudentiae
444 1858 579 1912 plena,
613 1873 717 1912 quae
745 1873 908 1900 summa
935 1861 1008 1914 est,
1041 1859 1238 1899 vident-ur
1264 1873 1390 1913 quam
1415 1858 1514 1898 fide-

172 1917 320 1971 litatis,
363 1931 488 1970 quam
527 1931 605 1972 ego
638 1932 688 1957 ex
726 1932 819 1958 mea
853 1917 1108 1958 conscientia
1139 1917 1302 1958 metior.
1365 1915 1514 1970 Quare,

171 1976 206 2016 si
244 1978 316 2016 aut
355 1976 478 2016 aliter
515 1976 733 2031 sentirem,
775 1979 885 2017 certe
918 1976 1151 2017 admonitio
1183 1979 1255 2016 tua
1287 1989 1353 2016 me
1385 1974 1514 2029 repri—

171 2049 284 2075 mere
317 2037 405 2089 aut,
438 2035 471 2075 si
507 2034 762 2088 dubitarem,
803 2035 990 2076 hortatio
1024 2035 1239 2089 impellere
1270 2035 1429 2088 posset,
1467 2035 1515 2074 ut

172 2093 213 2133 id
240 2107 446 2147 sequerer,
480 2094 593 2147 quod
619 2096 665 2134 tu
693 2093 901 2147 optimum
927 2096 1118 2148 putares,
1149 2106 1260 2134 1111110
1284 2106 1384 2133 vero
1412 2091 1514 2145 quid
1533 2104 1567 2129 30

172 2154 250 2205 est,
284 2152 397 2205 quod
428 2166 495 2193 me
529 2152 571 2192 in
605 2152 730 2193 aliam
763 2155 926 2206 partem
959 2152 1127 2193 trahere
1157 2151 1320 2206 possit?
1383 2149 1514 2199 Quae-

172 2224 348 2263 rumque
389 2211 430 2250 in
470 2225 536 2251 me
575 2210 685 2251 bona
724 2214 821 2252 sunt
861 2214 933 2252 aut
970 2212 1163 2251 foitunae
1205 2209 1409 2250 beneficio
1441 2208 1514 2250 tri-

172 2268 273 2308 buta
307 2272 378 2309 aut
409 2284 503 2310 meo
537 2269 681 2310 11·111010
714 2273 851 2324 par,ta
884 2270 962 2310 etsi
995 2285 1018 2310 a
1049 2272 1090 2310 te
1123 2270 1296 2334 propter
1328 2282 1514 2309 amorem

172 2327 307 2367 ouius
345 2330 441 2367 sunt
479 2328 718 2381 aestimat&
760 2331 901 2369 tamen
939 2328 1006 2369 vel
1043 2327 1324 2368 inimicissimi
1358 2326 1514 2367 iudicio
