1659 2552
181 96 263 138 196
675 96 1015 131 EPISTULARUM

176 194 218 232 et
239 190 401 246 Sulpici
421 192 651 233 successori
672 206 750 233 nos
771 192 820 232 de
841 191 1016 232 meliore
1036 194 1138 232 nota
1158 192 1416 246 commenda,
1437 206 1520 246 quo

176 251 342 291 facilius
374 250 459 292 tuis
485 251 720 305 praeceptis
747 250 1040 304 obtemperare
1071 250 1282 304 possimus
1312 253 1437 305 teque
1469 251 1523 291 ad

176 323 250 351 ver
274 309 469 351 lubentes
494 309 636 350 videre
663 311 704 349 et
728 311 874 350 nostra
900 309 1076 364 refigere
1097 308 1401 363 deportareque
1426 312 1521 350 tuto

176 369 398 422 possimus.
463 367 565 422 Sed,
616 368 747 408 amice
790 382 964 423 magne,
1013 367 1102 408 noli
1145 367 1254 409 hanc
1297 368 1521 422 epistulam

176 426 323 467 Attico
350 427 580 468 ostendere.
626 425 726 467 Sine
752 441 848 467 eum
875 440 1013 467 errare
1039 429 1081 467 et
1105 429 1255 481 putare
1285 441 1352 468 me
1383 427 1522 468 virum
1560 437 1577 463 5

177 484 338 526 bonum
377 500 465 526 esse
503 499 579 526 nec
617 485 751 526 solere
790 485 872 526 duo
909 485 1091 539 parietes
1124 485 1174 526 de
1206 485 1350 526 eadem
1381 485 1523 526 fidelia

179 544 384 585 dealbare.
447 544 581 599 Ergo,
626 547 803 598 patrone
841 544 921 597 mi,
966 544 1072 585 bene
1109 544 1201 584 vale
1238 543 1523 599 Tironemque

177 617 319 645 meum
351 603 488 644 saluta
519 603 678 644 nostris
704 602 855 643 verbis.
918 602 1029 643 Data
1061 617 1094 644 a.
1123 602 1159 643 d.
1186 614 1253 643 1111
1278 602 1329 644 K.
1354 602 1463 645 Nov.

780 754 913 796 XXX.

458 835 533 871 Ser.
561 835 698 870 Romae
729 836 779 870 ὑπ.
806 847 850 870 m.
877 835 961 870 Ian.
988 847 1021 870 a.
1051 838 1122 870 '710
1149 837 1239 880 (44).
1544 850 1580 875 10

617 916 785 952 CICERO
813 916 955 952 CURIO
983 917 1016 952 S.
1043 915 1085 951 D.

267 1012 362 1069 Ego
394 1027 495 1053 vero
528 1013 612 1054 iam
645 1016 686 1054 te
718 1027 794 1054 nec
825 1013 976 1054 hortor
1007 1027 1083 1054 nec
1115 1027 1241 1068 rogo,
1273 1014 1320 1053 ut
1352 1012 1523 1054 domum

179 1072 340 1127 redeas,
382 1072 485 1126 quin
526 1071 627 1113 hinc
668 1072 757 1126 ipse
798 1072 964 1113 evolare
1005 1072 1129 1126 cupio
1168 1074 1210 1113 et
1252 1071 1395 1126 aliquo
1432 1086 1524 1126 per-

179 1131 340 1185 venire,

238 1189 347 1230 ‘ubi
387 1203 475 1230 nec
516 1189 879 1244 Pelopidarum
920 1203 1097 1230 nomen
1140 1203 1229 1230 nec
1269 1188 1403 1229 facta
1443 1203 1524 1230 au·
1544 1201 1577 1226 15

1243 1247 1404 1288 diam'.

179 1305 494 1360 Incredibilest,
535 1321 662 1360 quam
703 1306 886 1360 turpiter
925 1306 1032 1347 mihi
1072 1306 1207 1347 facere
1247 1306 1410 1360 videar,
1451 1306 1523 1360 qui

180 1365 247 1406 his
286 1365 411 1406 rebus
448 1365 651 1406 intersim.
713 1364 779 1406 Ne
817 1367 864 1406 tu
896 1365 1052 1405 videris
1089 1364 1225 1405 multo
1257 1367 1354 1405 ante
1385 1364 1524 1418 provi—

183 1424 303 1478 disse,
324 1424 427 1478 quid
445 1424 719 1478 impenderet,
744 1426 836 1464 tum
857 1437 952 1464 cum
971 1423 1071 1464 hinc
1088 1423 1329 1479 profugisti.
1372 1422 1524 1471 Quam-

184 1497 309 1537 quam
348 1482 452 1523 haec
493 1482 621 1523 etiam
661 1482 808 1523 auditu
850 1482 999 1523 acerba
1039 1484 1156 1536 sunt,
1197 1484 1338 1523 tamen
1379 1482 1523 1522 audire
1544 1495 1578 1519 20

182 1541 449 1582 tolerabilius
469 1544 531 1582 est
552 1556 678 1595 quam
699 1541 850 1581 videre.
900 1539 949 1581 In
970 1555 1118 1594 campo
1145 1543 1256 1582 certe
1281 1554 1367 1581 non
1392 1540 1524 1594 fuisti,

184 1614 278 1641 cum
315 1599 421 1640 hora
459 1600 639 1640 secunda
677 1599 860 1640 comitiis
898 1599 1150 1653 quaestoriis
1183 1599 1392 1640 institutis
1422 1598 1524 1640 sella

184 1658 229 1707 Q.
263 1658 457 1712 Maximi,
496 1673 621 1712 quem
660 1658 722 1698 illi
762 1658 977 1699 consulem
1009 1672 1097 1699 esse
1136 1658 1348 1712 dicebant,
1386 1658 1524 1712 posita

184 1719 308 1772 esset,
344 1732 427 1771 quo
453 1720 622 1758 mortuo
647 1717 843 1758 nuntiato
869 1717 971 1758 sella
996 1717 1214 1757 sublatast.
1269 1715 1346 1758 Ille
1372 1719 1524 1770 autem,

184 1776 256 1830 qui
296 1776 479 1816 comitiis
517 1776 692 1817 tributis
733 1779 840 1817 esset
881 1776 1136 1830 auspicatus,
1183 1775 1416 1816 centuriata
1452 1775 1522 1816 ha·
1544 1786 1576 1811 25

185 1835 289 1888 buit,
322 1835 537 1875 consulem
568 1835 672 1875 hora
704 1835 883 1889 septima
915 1834 1186 1889 renuntiavit,
1218 1834 1290 1888 qui
1315 1848 1447 1888 usque
1472 1833 1525 1874 ad

185 1893 235 1934 K.
261 1892 346 1934 Ian.
380 1896 504 1948 esset,
544 1908 649 1947 quae
682 1896 800 1934 erant
832 1894 998 1934 futurae
1030 1907 1151 1934 mane
1182 1892 1397 1947 postridie.
1459 1890 1524 1932 Ita

186 1951 363 1993 Caninio
396 1952 566 1993 consule
598 1953 703 1993 scito
734 1952 947 1993 neminem
971 1952 1199 2006 prandisse.
1236 1950 1359 1992 Nihil
1383 1952 1524 1991 tamen

185 2025 233 2051 eo
266 2011 436 2052 consule
467 2011 567 2051 mali
600 2012 758 2051 factum
784 2014 864 2066 est,
895 2010 977 2051 fuit
1003 2010 1115 2051 enim
1140 2010 1318 2051 mirifica
1348 2009 1524 2064 vigilan-

139 2087 156 2109 ·.
184 2070 254 2123 tia,
287 2070 359 2124 qui
392 2084 466 2110 suo
499 2073 591 2111 toto
624 2070 843 2111 consulatu
875 2084 1070 2110 somnum
1094 2083 1180 2110 non
1204 2067 1368 2109 viderit.
1409 2067 1525 2108 Haec
1543 2080 1578 2105 30

185 2128 264 2168 tibi
304 2129 480 2169 ridicula
512 2129 726 2183 videntur,
763 2143 848 2169 non
886 2128 999 2169 enim
1031 2128 1138 2169 ades.
1200 2126 1315 2175 Quae
1347 2126 1381 2166 si
1413 2126 1524 2167 vide-

186 2201 267 2240 res,
307 2187 501 2228 lacrimas
539 2202 625 2228 non
662 2190 837 2228 teneres.
899 2186 1027 2241 Quid,
1068 2187 1102 2227 si
1127 2188 1278 2226 -eetera
1314 2185 1525 2226 scribam?

185 2248 281 2285 sunt
319 2246 431 2286 enim
473 2246 799 2287 innumerabilia
839 2245 1005 2301 generis
1045 2243 1248 2286 eiusdem·
1290 2258 1395 2297 quae
1436 2243 1525 2298 qui-

1240 2278 1248 2297 7

187 2303 278 2343 dem
312 2318 390 2359 ego
423 2319 506 2345 non
539 2305 710 2358 ferrem,
742 2304 823 2344 nisi
855 2318 922 2345 me
955 2304 998 2344 in
1029 2302 1322 2358 philosophiae
1354 2305 1524 2356 portum
