1659 2552
130 2043 148 2072 μ’.)

168 116 256 156 312
668 112 1007 148 EPISTULARUM

165 213 369 265 quantum
412 211 651 265 persolvere
696 208 867 249 difficile
912 210 984 249 est.
1054 206 1211 261 Scripsi
1256 206 1353 261 tibi,
1398 220 1503 260 quae

164 270 234 311 hic
264 273 521 325 gererentur.
583 268 632 309 In
671 268 820 308 itinere
853 269 916 307 est
947 265 1177 320 Antonius,
1215 265 1267 306 ad
1296 265 1504 319 Lepidum

163 329 464 383 proficiscitur3
504 343 555 368 ne
595 328 643 368 de
681 326 837 366 Planco
877 325 1046 379 quidem
1079 339 1194 379 spem
1227 324 1363 365 adhuc
1394 323 1504 364 abie—

165 388 234 442 cit,
266 390 314 428 ut
345 402 395 428 ex
433 387 589 427 libellis
623 386 711 426 eius
743 383 1041 438 animadverti,
1074 384 1145 437 qui
1178 383 1221 424 in
1253 397 1320 424 me
1352 382 1504 423 incide-

166 449 282 501 runt3
315 446 357 486 in
390 446 560 499 quibus,
599 458 704 498 quos
736 443 788 483 ad
821 442 1034 496 Asinium,
1067 456 1172 496 quos
1204 441 1256 482 ad
1286 441 1505 495 Lepidum,
1542 453 1559 478 5

166 519 272 560 quos
299 504 350 545 ad
376 504 578 545 Plancum
603 503 805 555 mitteret,
838 501 1059 542 scribebat.
1121 500 1216 556 Ego
1248 503 1388 541 tamen
1420 513 1505 540 non

164 563 295 605 habui
328 563 576 618 ambiguum
608 564 649 602 et
681 561 825 601 statim
857 560 909 601 ad
940 560 1143 600 Plancum
1174 559 1270 599 misi
1303 561 1344 599 et
1375 558 1505 599 biduo

166 623 219 663 ab
240 622 548 676 Allobrogibus
575 623 616 661 et
641 620 774 661 totius
801 618 961 660 Galliae
987 619 1150 674 legatos
1176 620 1368 672 expecto3
1401 631 1506 671 quos

167 683 439 722 confirmatos
484 680 655 720 domum
700 678 925 719 remittam.
987 677 1071 732 Tu,
1116 691 1221 731 quae
1265 676 1361 717 istic
1402 690 1508 730 opus

167 743 291 781 erunt
323 738 621 792 administrari,
653 737 895 792 prospicies,
927 739 974 777 ut
1006 750 1057 777 ex
1087 738 1161 776 tua
1185 735 1403 776 voluntate
1431 735 1507 775 rei·
1528 748 1561 771 10

167 814 247 853 que
278 798 472 853 publicae
505 796 726 838 commodo
757 798 872 837 fiant.
933 794 1255 835 Malevolentiae
1287 793 1508 834 hominum

167 858 210 898 in
242 871 326 911 me,
359 857 393 897 si
424 856 602 910 poteris,
641 869 854 910 occurres3
886 854 920 894 si
952 868 1038 895 non
1069 853 1270 908 potueris,
1301 852 1382 893 hoc
1414 866 1509 893 con-

168 916 368 969 solabere,
402 915 515 969 quod
546 929 613 955 me
640 914 689 955 de
719 916 831 954 statu
863 927 956 954 meo
988 912 1117 953 nullis
1149 911 1425 953 contumeliis.
1443 911 1509 951 de-

167 978 324 1015 terrere
356 976 545 1027 possunt.
606 972 674 1014 Pr.
699 972 809 1014 Non.
842 971 940 1012 Mai.
973 986 1024 1012 ex
1057 971 1204 1012 castris
1235 970 1392 1011 finibus
1419 968 1510 1011 Sta-

168 1033 437 1074 tiellensium.
1530 1040 1563 1065 15

796 1135 888 1178 XII.

390 1217 465 1253 Ser.
486 1217 623 1252 Romae
648 1218 731 1252 circ.
758 1218 831 1250 III
851 1217 907 1251 Id.
936 1216 1022 1251 Mai
1048 1228 1080 1250 a.
1110 1218 1177 1250 711
1201 1217 1290 1259 (43).

334 1299 382 1334 M.
410 1298 578 1333 CICERO
612 1298 645 1333 S.
672 1298 714 1332 D.
741 1298 782 1332 D.
811 1297 970 1332 BRUTO
997 1296 1092 1331 IMP.
1121 1296 1216 1330 COS.
1244 1295 1344 1330 DES.

259 1383 362 1425 Tres
399 1396 483 1423 uno
517 1382 582 1422 die
615 1396 638 1422 a
670 1383 710 1422 te
743 1382 881 1435 accepi
914 1380 1132 1434 epistulaS,
1170 1394 1297 1420 unam
1329 1378 1511 1432 brevem,

171 1458 298 1497 quam
329 1441 479 1482 Flacco
510 1440 742 1481 Volumnio
783 1440 970 1492 dederas,
1013 1439 1114 1479 duas
1145 1438 1372 1492 pleniores,
1414 1451 1512 1491 qua·
1532 1450 1566 1476 20

172 1517 265 1542 rum
309 1500 485 1541 alteram
529 1498 774 1539 tabellarius
823 1498 868 1538 T.
909 1497 952 1538 V
955 1498 1014 1538 ibi
1054 1497 1215 1550 attulit,
1254 1496 1429 1536 alteram
1461 1495 1514 1536 ad

172 1575 238 1601 me
275 1559 393 1600 misit
429 1558 584 1612 Lupus.
647 1556 712 1597 Ex
750 1557 835 1597 tuis
875 1556 1030 1597 litteris
1062 1558 1103 1596 et
1135 1570 1186 1596 ex
1219 1554 1390 1596 Graecei
1424 1568 1514 1595 ora-

171 1619 287 1660 tione
318 1632 404 1658 non
434 1617 560 1658 modo
592 1630 677 1656 non
709 1616 956 1656 restinctum
990 1614 1159 1668 bellum,
1191 1614 1264 1654 sed
1295 1613 1422 1654 etiam
1454 1613 1515 1654 in-

172 1678 436 1718 flammatum
474 1675 650 1715 videtur.
712 1674 810 1715 Non
850 1674 998 1714 dubito
1031 1676 1188 1727 autem,
1220 1686 1297 1726 pro
1329 1674 1402 1712 tua
1434 1671 1515 1712 sin-

173 1736 311 1792 gulari
349 1734 573 1789 prudentia
610 1733 712 1787 quin
750 1733 994 1787 perspicias,
1036 1733 1070 1772 si
1109 1731 1270 1785 aliquid
1300 1730 1515 1771 firmitatis
1533 1742 1568 1767 25

174 1797 321 1835 nactus
360 1794 415 1834 sit
452 1792 683 1846 Antonius,
721 1792 862 1832 omnia
899 1794 972 1832 tua
1004 1791 1075 1831 illa
1107 1789 1320 1844 praeclara
1351 1790 1395 1829 in
1427 1803 1515 1830 rem

174 1869 212 1908 p.
245 1853 396 1894 merita
427 1852 479 1892 ad
510 1851 692 1892 nihilum
724 1864 812 1891 esse
844 1853 1030 1891 ventura.
1092 1848 1157 1890 Ita
1193 1848 1304 1889 enim
1335 1847 1515 1888 Romam

176 1915 265 1953 erat
285 1911 538 1963 nuntiatum,
559 1910 617 1950 ita
636 1924 882 1963 persuasum
903 1908 1111 1961 omnibus,
1132 1921 1226 1948 cum
1245 1906 1389 1961 paucis
1409 1906 1515 1946 iner-

175 1971 267 2025 mis,
300 1969 537 2025 perterritis
568 1972 702 2021 metu,
741 1968 874 2008 fracto
907 1967 1047 2008 animo
1080 1966 1238 2021 fugisse
1268 1964 1515 2005 Antonium.

177 2030 258 2078 Qui
292 2030 325 2069 si
360 2029 417 2069 ita
449 2042 492 2068 se
524 2027 663 2080 habet,
696 2029 754 2080 ut,
787 2040 911 2080 quem
943 2026 995 2066 ad
1019 2025 1193 2066 modum
1219 2023 1439 2064 audiebam
1467 2022 1516 2063 de
1536 2035 1571 2060 30

179 2088 390 2140 Graeceio,
424 2086 595 2141 confligi
622 2100 717 2126 cum
744 2100 792 2126 eo
819 2085 907 2126 sine
933 2084 1120 2138 periculo
1146 2097 1231 2123 non
1255 2081 1400 2136 possit,
1432 2095 1517 2121 non

180 2147 249 2187 ille
290 2146 394 2187 mihi
436 2145 595 2200 fugisse
637 2159 660 2184 a
699 2143 865 2184 Mutina
902 2143 1085 2196 videtur,
1126 2141 1198 2182 sed
1236 2140 1376 2181 locum
1417 2139 1518 2180 belli

179 2205 350 2259 gerendi
383 2207 578 2245 mutasse.
640 2202 789 2256 Itaque
821 2201 1014 2243 homines
1046 2201 1117 2241 alii
1145 2199 1247 2240 'facti
1281 2201 1395 2252 sunt3
1434 2212 1519 2239 non

180 2264 284 2303 nulli
328 2263 455 2303 etiam
497 2263 751 2316 queruntur,
793 2260 907 2314 quod
942 2258 1151 2314 persecuti
1182 2272 1266 2298 non
1299 2257 1409 2311 sitis3
1450 2271 1521 2311 op-

180 2322 305 2376 primi
340 2321 544 2375 potuisse,
583 2320 618 2360 si
651 2319 842 2361 celeritas
881 2318 1071 2360 adhibita
1102 2319 1230 2371 esset,
1266 2315 1519 2357 existimant.
1538 2325 1573 2352 35
