1659 2552
48 568 51 571 y
80 533 95 558 5

65 826 98 850 10

66 1412 100 1437 20

68 1996 103 2020 30

68 2286 103 2312 35

600 75 742 109 LIBER
768 75 852 109 XIII
879 80 980 110 1-4,
1367 76 1452 117 369

747 216 822 258 IV.

290 295 363 331 Ser.
391 296 526 332 Romae
550 308 625 332 11011
651 301 733 332 ante
758 298 845 332 med.
873 309 916 332 m.
948 297 1010 332 Oct
1035 308 1067 331 a.
1099 299 1168 331 709
1196 299 1284 340 (45).

161 377 209 412 M.
239 377 407 412 CICERO
442 377 475 413 S.
502 377 543 413 D.
579 377 618 420 Q.
650 378 859 460 [3153ssss
891 378 930 420 Q.
958 378 996 413 F.
1031 377 1186 413 ORCAE
1219 378 1409 413 LEGATO

205 518 312 560 Cum
343 519 629 573 municipibus
661 519 952 560 Volaterranis
983 519 1089 560 mihi
1124 534 1288 560 summa
1318 534 1456 560 neces-

116 578 256 619 situdo
283 581 364 632 est,
397 593 551 633 magno
579 579 691 619 enim
722 593 816 620 meo
850 579 1053 619 beneficio
1087 578 1240 619 adfecti
1273 578 1455 619 cumula-

115 637 277 678 tissime
309 636 413 677 mihi
452 637 633 692 gratiam
666 637 937 691 rettulerunt,
976 652 1073 677 nam
1104 650 1181 677 nec
1213 637 1256 677 in
1287 637 1456 677 honori-

116 696 196 736 bus
227 695 332 736 meis
369 710 443 736 nec
482 697 527 736 vin
563 696 781 736 laboribus
819 710 1019 749 umquam
1053 695 1286 736 defuerunt.
1350 694 1455 735 Cum

117 754 272 808 quibus
304 754 338 795 si
370 754 476 794 mihi
507 754 624 794 nulla
657 768 779 794 causa
814 754 1106 808 intercederet,
1144 756 1305 807 tamen,
1344 754 1456 807 quod

117 816 159 854 te
199 812 566 853 vehementissime
609 813 760 867 diligo,
805 812 1000 866 quodque
1038 826 1104 852 me
1142 827 1165 852 a
1202 815 1243 852 te
1283 812 1456 865 plurimi

117 872 209 912 fieri
242 872 463 925 50111510,οὺ
494 886 708 912 monerem
740 874 781 911 te
813 874 855 911 et
885 871 1167 924 1101111101,υῇ
1197 884 1343 911 eorum
1374 871 1456 911 for

118 930 233 971 tunis
278 930 535 983 consuleres,
585 929 831 995 praesertim
876 944 971 969 011111
1014 943 1144 982 prope
1187 929 1455 982 praecipuam

119 1003 285 1029 causam
328 989 533 1029 haberent
575 988 628 1028 ad
670 988 735 1028 ius
779 987 1075 1042 optinendum,
1117 987 1302 1041 primum
1344 987 1456 1040 quod

119 1046 282 1088 Sullani
313 1047 516 1101 tempoiis
548 1047 820 1087 acerbitatem
846 1046 1019 1087 deorum
1051 1045 1355 1085 immortalium
1387 1045 1456 1085 be-

84 1118 99 1143 5
118 1106 327 1162 nignitate
367 1106 731 1161 supterfugerunt,
775 1105 923 1145 deinde
961 1104 1075 1158 quod
1111 1118 1274 1144 summo
1316 1103 1454 1143 studio

117 1180 156 1219 Ρ
164 1141 238 1205 t>R
271 1179 294 1205 a
325 1178 392 1205 me
423 1164 468 1204 in
499 1164 719 1205 consulatu
756 1178 850 1204 meo
884 1163 1042 1203 defensi
1075 1165 1182 1203 sunt.
1246 1162 1352 1203 Cum
1382 1162 1454 1201 tri-

118 1223 222 1264 buni
261 1222 377 1277 plebi
416 1222 554 1278 legem
594 1222 903 1276 iniquissimam
944 1221 993 1261 de
1031 1235 1176 1261 eorum
1217 1221 1330 1275 agris
1350 1234 1455 1284 'pro-

117 1281 440 1337 mulgavissent,
471 1281 593 1321 facile
625 1281 788 1321 senatui
818 1279 1060 1334 populoque
1092 1278 1140 1319 R.
1172 1278 1376 1332 persuasi,
1409 1281 1456 1318 ut

119 1354 190 1381 eos
222 1340 342 1394 civis,
381 1315 535 1393 qiiibus
567 1339 737 1380 fortuna
774 1338 1044 1392 pepercisset,
1086 1337 1222 1377 salvos
1255 1351 1342 1377 esse
1374 1336 1456 1376 vel-

117 1399 217 1440 lent.
278 1398 399 1438 Hanc
431 1398 639 1438 actionem
670 1412 807 1438 meam
834 1396 876 1438 C
905 1395 1055 1436 Caesar
1085 1395 1222 1449 primo
1255 1409 1330 1435 suo
1363 1408 1457 1435 0011

119 1458 259 1498 sulatu
278 1457 371 1512 lege
391 1456 557 1512 agraria
570 1456 864 1510 comprobavit
883 1468 1115 1510 agrumque
1130 1453 1456 1494 Volaterranum

119 1518 161 1557 et
193 1515 396 1570 oppidum
429 1515 544 1555 omni
580 1514 767 1579 periculo
800 1514 844 1554 in
880 1516 1132 1578 perpetuum
1162 1511 1377 1565 liberavit,
1409 1513 1457 1551 ut

119 1574 226 1615 mihi
253 1574 429 1614 dubium
453 1588 539 1614 non
571 1574 638 1627 sit,
670 1573 772 1626 quin
797 1573 844 1627 is,
877 1572 949 1626 qui
974 1585 1104 1612 novas
1129 1545 1458 1611 necessitudines

120 1633 334 1688 adiungat,
366 1634 508 1672 vetera
539 1645 614 1672 sua
644 1631 847 1672 beneficia
879 1629 1116 1670 censer-vali
1148 1629 1260 1669 velit.
1323 1627 1457 1676 Quam

69 1709 83 1727 ι
122 1691 176 1732 ob
209 1705 298 1731 rem
336 1693 399 1730 est
435 1693 531 1730 tuae
568 1689 816 1743 prudentiae
849 1691 921 1728 aut
958 1688 1075 1741 sequi
1113 1687 1202 1727 01115
1234 1686 1457 1727 auctorita-

119 1752 226 1803 tem,
271 1748 388 1789 cuius
431 1751 587 1789 Sectam
628 1751 753 1801 atque
790 1746 1015 1800 imperium
1052 1760 1215 1786 summa
1253 1758 1347 1785 cum
1384 1746 1458 1783 tua

122 1808 328 1863 dignitate
368 1809 535 1847 secutus
576 1820 638 1859 05,
680 1808 752 1846 aut
793 1807 902 1845 certe
941 1804 1004 1844 illi
1042 1804 1250 1859 integram
1290 1816 1457 1842 omnem

121 1881 288 1909 causam
319 1879 551 1919 reser3vare
588 1840 695 1904 iliud
719 1877 818 1904 vero
852 1862 1043 1903 dubitare
1068 1876 1154 1902 non
1186 1860 1322 1913 debes,
1355 1859 1457 1924 quin

120 1928 209 1966 tam
245 1938 390 1980 grave,
434 1926 521 1964 tam
558 1923 745 1976 firmum,
789 1924 876 1962 tam
913 1921 1138 1961 honestum
1177 1918 1457 1971 municipium

121 1984 203 2025 tibi
233 1986 307 2024 tuo
340 1996 503 2023 summo
535 1981 739 2021 beneficio
771 1980 816 2020 in
846 1982 1096 2033 perpetuum
1129 1977 1309 2032 obligari
1342 1976 1456 2016 velis.

211 2040 294 2083 Sed
323 2041 442 2095 haec,
474 2054 579 2094 quae
611 2053 737 2093 supra
769 2038 924 2092 scripta
956 2040 1065 2090 sunt,
1097 2050 1145 2077 eo
1178 2037 1379 2089 spectant,
1411 2036 1459 2074 ut
1485 2044 1504 2074 3

122 2103 164 2141 et
193 2100 340 2142 horter
372 2102 412 2140 et
443 2098 659 2152 suadeam,
691 2097 854 2150 reliqua
886 2098 995 2149 sunt,
1028 2109 1133 2148 quae
1164 2093 1377 2148 pertinent
1409 2091 1462 2132 ad

122 2159 375 2214 rogandum,
407 2160 454 2198 ut
483 2171 570 2198 non
601 2132 738 2197 solum
768 2158 842 2195 tua
874 2168 996 2195 causa
1027 2153 1108 2194 tibi
1141 2151 1362 2193 consilium
1394 2164 1461 2190 me

123 2217 222 2259 dare
257 2220 397 2272 putes,
438 2216 511 2257 sed
549 2215 693 2268 etiam,
727 2213 840 2268 quod
875 2212 982 2253 mihi
1021 2225 1125 2265 opus
1157 2211 1228 2263 sit,
1265 2223 1332 2250 me
1363 2224 1387 2249 a
1418 2211 1460 2249 te

109 2270 264 2330 petere
296 2278 338 2317 et
369 2289 529 2331 rogare.
595 2272 892 2314 Gratissimum
927 2271 1060 2326 igitur
1090 2269 1197 2310 mihi
1228 2267 1392 2321 feceris,
1425 2266 1461 2307 51

193 2351 347 2377 Ciceronis
366 2351 452 2382 epist.
472 2350 494 2375 1.
1203 2340 1247 2370 24
