1659 2552
149 563 168 593 10

194 103 280 145 402
704 102 1044 137 EPISTULARUM

193 213 294 255 erga
333 213 400 240 me
440 197 790 239 benevolentiam.
853 197 899 238 L.
941 196 1104 251 Oppius
1145 196 1200 238 M.
1242 197 1270 239 f.
1310 197 1539 239 Philomeli

192 258 448 314 negotiatur,
479 257 608 298 homo
634 256 740 297 mihi
766 256 999 297 familiaris.
1049 255 1161 297 Eum
1182 256 1262 296 tibi
1283 257 1405 298 unice
1430 271 1542 298 com-

192 316 358 371 mendo,
384 330 517 370 eoque
542 316 690 371 magis,
717 315 831 369 quod
851 329 946 355 cum
972 315 1111 369 ipsum
1139 315 1284 370 diligo,
1315 318 1408 357 tum
1427 316 1542 370 quod

194 375 367 431 negotia
397 378 596 429 procurat
627 374 671 414 L.
706 373 865 429 Egnati
896 373 1012 427 Rufi,
1055 388 1138 428 quo
1171 388 1249 429 ego
1282 388 1366 415 uno
1399 375 1540 429 equite

193 433 242 474 R.
276 434 603 474 familiarissime
636 435 749 486 utor,
791 435 833 473 et
865 432 937 486 qui
976 447 1072 473 cum
1104 433 1407 474 consuetudine
1440 434 1541 474 coti-
1579 443 1596 470 5

195 493 319 533 diana
350 495 441 533 tum
474 492 626 532 officiis
666 491 862 545 plurimis
895 491 1175 545 maximisque
1207 491 1314 532 mihi
1347 492 1542 533 coniunc-

195 554 263 592 tus
295 554 367 592 est.
430 550 615 605 Oppium
646 550 780 605 igitur
810 553 1075 604 praesentem
1107 553 1155 591 ut
1188 550 1351 606 diligas,
1383 550 1542 607 Egnati

196 610 380 664 apsentis
412 624 500 650 rem
533 612 580 649 ut
611 611 767 663 tueare,
799 623 930 662 aeque
956 623 981 649 a
1005 611 1046 649 te
1078 611 1189 664 peto,
1221 623 1269 650 ac
1295 610 1329 650 si
1355 624 1449 651 mea
1473 624 1543 651 ne-

195 669 313 724 gotia
345 670 492 709 essent.
555 667 697 708 Velim
728 667 957 708 memoriae
995 669 1092 708 tuae
1125 682 1248 708 causa
1281 668 1351 709 des
1382 668 1542 710 littera-

196 742 290 768 rum
323 727 494 781 aliquid,
527 741 633 780 quae
665 726 745 767 tibi
778 726 823 767 in
853 726 1074 780 provincia
1106 727 1347 781 reddantur,
1379 727 1453 768 sed
1483 727 1543 768 ita
1562 738 1596 763 10

197 786 453 840 conscribas,
498 787 545 826 ut
584 788 696 839 tum,
742 799 837 826 cum
878 800 946 825 eas
987 785 1102 840 leges
1113 819 1123 839 ,
1167 785 1288 826 facile
1330 785 1543 827 recordari

195 845 331 899 possis
366 844 493 885 huius
530 858 647 885 meae
689 843 1068 885 commendationis
1111 843 1387 899 diligentiam.
1450 844 1544 886 Hoc

196 907 237 944 te
268 906 484 944 vementer
517 903 644 943 etiam
677 905 803 957 atque
836 902 964 943 etiam
997 917 1113 958 rogo.

797 1031 947 1073 XLIV.

197 1112 271 1147 Ser.
293 1113 431 1148 Romae
450 1116 533 1148 ante
553 1124 586 1147 α.
603 1113 676 1147 696
691 1115 771 1156 (58)
792 1123 867 1147 ozon
886 1112 999 1147 nullis
1019 1113 1198 1147 mensibus
1213 1116 1297 1156 post
1315 1123 1366 1157 ep.
1390 1112 1543 1147 XLIII.
1565 1125 1597 1151 15

663 1193 834 1229 CICERO
862 1193 1018 1228 GALLO
1046 1194 1079 1229 S.

285 1278 378 1320 Etsi
412 1293 463 1320 ex
494 1278 580 1319 tuis
612 1281 653 1319 et
685 1292 737 1319 ex
766 1277 812 1318 L.
846 1276 969 1332 Oppi,
1002 1278 1224 1318 familiaris
1256 1277 1357 1331 mei,
1388 1277 1544 1318 litteris

197 1338 377 1393 cognovi
414 1340 456 1378 te
493 1351 725 1378 memorem
757 1337 1136 1377 commendationis
1174 1351 1290 1377 meae
1322 1336 1452 1377 fuisse
1484 1336 1544 1376 id-

198 1411 278 1450 que
303 1411 380 1450 pro
400 1399 474 1436 tua
494 1410 658 1436 summa
678 1410 778 1451 erga
797 1410 864 1436 me
896 1395 1184 1436 benivolentia
1209 1409 1371 1449 proque
1397 1397 1544 1435 nostra

196 1455 504 1496 necessitudine
535 1454 710 1495 minime
742 1468 835 1494 sum
867 1454 1117 1507 admiratus,
1149 1456 1291 1494 tamen
1324 1453 1451 1494 etiam
1483 1456 1543 1494 at·
1563 1466 1597 1490 20

197 1528 277 1567 que
319 1513 446 1554 etiam
486 1512 566 1553 tibi
607 1512 652 1553 L.
686 1511 871 1566 Oppium
912 1515 1177 1566 praesentem
1216 1515 1257 1553 et
1294 1511 1338 1552 L.
1372 1511 1542 1567 Egnati,

196 1572 279 1613 mei
312 1571 643 1625 familiarissimi,
676 1571 861 1625 apsentis
893 1571 1065 1626 negotia
1097 1570 1358 1612 commendo.
1407 1569 1543 1611 Tanta

196 1631 302 1671 mihi
329 1645 424 1671 cum
450 1645 498 1671 eo
524 1629 789 1671 necessitudo
816 1632 879 1670 est-
904 1630 1266 1684 familiaritasque,
1298 1632 1357 1684 ut,
1389 1629 1425 1670 si
1449 1643 1544 1670 mea

197 1704 262 1730 res
294 1692 419 1742 esset,
460 1703 545 1730 non
577 1689 713 1744 magis
745 1688 992 1729 laborarem.
1057 1688 1325 1743 Quapropter
1355 1688 1543 1743 gratissi-

196 1763 313 1788 mum
345 1747 451 1788 mihi
483 1748 649 1802 feceris,
683 1748 716 1788 si
749 1747 926 1801 curariS,
958 1751 1006 1788 ut
1037 1747 1073 1787 is
1105 1747 1326 1803 intellegat
1357 1761 1424 1787 me
1451 1760 1475 1786 a
1499 1750 1541 1787 te
1561 1758 1595 1783 25

197 1809 362 1847 tantum
416 1807 568 1861 amari,
619 1809 825 1860 quantum
875 1806 964 1860 ipse
1014 1806 1222 1847 existimo.
1292 1804 1387 1846 Hoc
1435 1805 1541 1845 mihi

196 1866 359 1921 gratius
391 1866 526 1906 facere
564 1865 673 1906 nihil
710 1868 848 1920 poteS,
890 1865 1016 1919 idque
1054 1868 1101 1905 ut
1138 1865 1285 1919 facias,
1325 1867 1542 1904 vementer

197 1928 237 1965 te
270 1938 386 1980 rogo.

802 2004 931 2046 XLV.

450 2086 522 2121 Scr.
551 2086 687 2121 Romae
712 2087 785 2120 eod.
812 2088 885 2128 fere
912 2098 944 2119 (1.
972 2095 1039 2129 quo
1066 2096 1117 2129 ep.
1147 2083 1291 2118 XLIV.
1560 2097 1595 2122 30

435 2167 603 2202 CICERO
643 2166 881 2202 APPULEIO
919 2163 1299 2207 PROQUAESTORI.

283 2250 327 2291 L.
362 2250 547 2307 Egnatio
587 2265 670 2291 uno
710 2250 851 2304 equite
883 2249 931 2290 R.
966 2250 1032 2290 vel
1070 2247 1398 2290 familiarissime
1431 2250 1538 2289 utor.

195 2308 299 2350 Eius
319 2309 574 2351 Anchialum
596 2323 762 2351 servum
782 2309 1050 2364 negotiaque,
1077 2321 1182 2362 quae
1201 2306 1329 2347 habet
1356 2306 1399 2346 in
1425 2306 1539 2361 Asia,
