1659 2552
626 97 768 132 LIBER
793 97 825 132 V
850 101 906 141 20,
934 100 987 132 21.
1391 97 1472 137 137

128 194 250 247 potes
281 192 541 258 existimare,
575 193 647 247 qui
679 193 788 233 nihil
814 207 1015 246 umquam
1046 206 1140 232 mea
1171 192 1315 245 potius
1348 207 1474 246 quam

128 265 321 292 meorum
354 252 510 293 civium
543 266 666 292 causa
703 251 886 292 fecerim
949 250 1027 291 Cui
1058 250 1142 291 nisi
1174 251 1394 291 invidisset
1427 251 1474 305 is,

130 324 255 364 quem
286 313 333 350 tu
364 325 596 365 numquam
629 311 779 351 amasti
811 308 897 366 (me
929 310 1042 350 enim
1074 308 1276 374 amabas),
1312 312 1353 350 et
1384 310 1474 363 ipse

129 368 278 410 beatus
318 373 426 410 esset
467 373 509 410 et
551 384 695 411 omnes
735 369 848 410 boni.
910 368 1004 425 Ego
1044 383 1157 422 sum,
1202 368 1275 422 qui
1315 369 1474 409 nullius

95 428 217 468 5vim
254 428 349 482 plus
387 428 526 470 valere
564 429 680 469 volui
719 443 845 483 quam
881 427 1109 469 honestum
1148 427 1301 481 otium,
1346 427 1474 468 idem

130 501 222 540 que,
255 501 349 527 cum
381 487 455 528 illa
486 488 577 541 ipsa
608 502 735 541 arma,
768 500 874 541 quae
906 500 1070 541 semper
1101 485 1345 541 timueram,
1376 486 1473 540 plus

128 560 250 599 posse
295 546 405 586 sensi
450 561 576 600 quam
620 546 741 587 illum
785 559 1034 586 consensum
1072 544 1304 599 bonorum,
1349 559 1474 598 quem

129 618 208 659 ego
234 604 347 645 idem
367 605 597 659 effeceram,
630 605 778 659 quavis
804 604 1018 645 tolerabili
1044 603 1291 644 condicione
1327 618 1475 657 pacem

128 663 315 717 accipere
352 663 483 704 malui
522 678 648 718 quam
680 663 843 704 viribus
881 677 977 703 cum
1008 662 1241 704 valentiore
1272 676 1474 718 pugnare.

76 735 109 759 10
130 720 212 762 Sed
250 725 292 762 et
330 721 434 763 haee
473 725 514 763 et
554 723 690 763 multa
730 722 812 762 alia
854 736 995 762 coram
1035 721 1155 762 brevi
1195 723 1386 775 tempore
1427 721 1474 761 li-

130 780 253 821 cebit.
899 827 907 838 .

215 838 365 893 Neque
405 853 472 880 me
512 841 655 880 tamen
693 839 779 879 ulla
816 853 882 879 res
920 839 1002 878 alia
1039 838 1200 879 Romae
1237 840 1354 878 tenet
1390 837 1474 878 nisi
1501 850 1521 879 3

128 898 365 951 expectatio
398 912 540 938 rerum
571 897 887 951 Africanarum3
925 897 1094 938 videtur
1125 897 1238 937 enim
1269 896 1377 937 mihi
1408 911 1475 937 res

128 956 173 997 in
209 957 498 1010 propinquum
536 956 715 997 adducta
755 957 991 996 discrimen.
1052 955 1163 996 Puto
1202 958 1344 996 autem
1381 970 1475 996 mea

75 1027 109 1052 15
128 1029 213 1056 non
244 1015 354 1055 nihil
385 1015 598 1069 interesse,
631 1030 887 1069 quamquam
913 1015 957 1055 id
982 1014 1133 1068 ipsum,
1167 1014 1269 1068 quid
1295 1014 1475 1067 intersit,

127 1088 213 1115 non
245 1088 342 1114 sane
374 1074 590 1129 intellego,
622 1088 769 1115 verum
800 1076 960 1127 tamen,
994 1073 1197 1127 quioquid
1227 1073 1346 1113 1111110
1370 1087 1475 1113 111111-

128 1133 282 1173 tiatum
308 1133 374 1187 sit,
406 1147 492 1173 non
517 1133 644 1188 longe
671 1133 816 1173 abesse
844 1147 867 1172 a
893 1132 1081 1172 consiliis
1108 1132 1352 1172 amicorum.
1396 1130 1476 1171 Est

130 1191 242 1232 enim
274 1206 340 1232 res
377 1191 462 1231 iam
493 1191 537 1231 in
570 1206 666 1232 eum
702 1191 843 1232 locum
876 1191 1073 1244 adducta,
1115 1193 1180 1243 ut,
1219 1204 1476 1244 quamquam

127 1250 311 1290 multum
342 1250 510 1290 intersit
541 1250 653 1291 inter
684 1264 830 1291 eorum
863 1264 1025 1303 causas,
1058 1249 1131 1302 qui
1165 1249 1384 1302 dimicant,
1416 1251 1477 1288 ta-

77 1320 110 1345 20
129 1323 225 1349 men
258 1309 369 1349 inter
399 1308 599 1350 victorias
636 1323 722 1349 non
759 1308 942 1349 multum
980 1307 1287 1348 interfuturum
1317 1310 1476 1361 putem.

220 1366 302 1407 Sed
332 1367 456 1421 plane
488 1367 664 1422 animus,
701 1367 773 1421 qui
807 1367 946 1407 dubiis
978 1366 1105 1407 rebus
1136 1366 1316 1406 forsitan
1347 1366 1478 1406 fuerit

131 1425 360 1480 infirmior,
406 1426 636 1480 desperatis
681 1426 954 1466 confirmatus
998 1427 1061 1465 est
1103 1425 1305 1478 multum,
1350 1438 1476 1478 quem

132 1484 260 1524 etiam
291 1487 388 1525 tuae
421 1485 658 1539 superiores
684 1485 851 1525 litterae
879 1484 1195 1537 confirmarunt,
1229 1483 1383 1537 quibus
1416 1482 1477 1523 in—

130 1543 286 1597 tellexi,
319 1558 444 1597 quam
476 1544 646 1584 fortiter
677 1543 877 1584 iniuriam
902 1543 1051 1597 ferres3
1082 1542 1275 1596 iuvitque
1301 1556 1368 1582 me
1394 1541 1476 1581 tibi

77 1613 110 1638 25
132 1614 226 1641 011111
267 1615 475 1642 summam
514 1602 823 1642 humanitatem
867 1603 959 1641 tum
1000 1601 1128 1641 etiam
1172 1602 1266 1641 tuas
1311 1600 1476 1640 litteras

130 1659 350 1713 profuisse.
388 1659 549 1701 Verum
575 1661 688 1701 enim
714 1660 913 1700 scribam:
946 1659 1173 1700 Teneriore
1199 1659 1307 1699 mihi
1333 1658 1475 1699 animo

130 1717 328 1758 videbare
365 1718 473 1758 sicut
512 1733 656 1759 omnes
694 1719 798 1772 fere,
837 1718 909 1771 qui
940 1718 1029 1758 vita
1061 1718 1245 1772 ingenua
1277 1718 1322 1758 in
1352 1717 1476 1758 beata

131 1776 301 1816 civitate
339 1778 380 1816 et
417 1776 462 1816 in
497 1776 632 1817 libera
667 1791 711 1818 re
747 1791 790 1829 p.
828 1776 1023 1816 viximus.
1088 1775 1187 1830 Sed,
1225 1778 1272 1816 ut
1311 1775 1385 1815 illa
1417 1790 1475 1815 se—
1502 1787 1523 1816 4

131 1834 267 1875 cunda
291 1834 506 1875 moderate
531 1835 719 1888 tulimus,
752 1835 811 1875 sic
835 1835 944 1875 hano
968 1849 1055 1875 non
1081 1835 1219 1875 solum
1245 1834 1476 1887 adversam,

77 1907 111 1931 30
131 1894 204 1934 sed
234 1893 424 1934 funditus
456 1907 643 1933 eversam
675 1893 890 1933 fortunam
921 1893 1091 1933 fortiter
1121 1893 1231 1933 ferre
1265 1892 1477 1946 debemuS,

130 1954 178 1993 ut
215 1951 298 1992 hoc
337 1952 486 1992 saltem
526 1952 571 1991 in
610 1951 807 1991 maximis
848 1951 971 1991 malis
1011 1950 1114 1991 boni
1156 1952 1476 2004 consequamur,

129 2012 177 2051 ut
207 2013 405 2064 mortem,
439 2025 565 2064 quam
597 2010 725 2051 etiam
757 2009 871 2050 beati
904 2011 1172 2050 contemnere
1207 2008 1476 2062 debebamus,

128 2072 352 2123 propterea
393 2069 507 2122 quod
546 2069 712 2109 nullum
753 2082 922 2108 sensum
960 2070 1069 2108 esset
1105 2067 1323 2121 habitura,
1364 2082 1477 2107 nunc

129 2128 189 2168 sie
220 2127 374 2168 adfecti
404 2142 490 2168 non
521 2128 648 2168 modo
682 2129 950 2168 contemnere
978 2126 1216 2179 debeamus,
1249 2125 1322 2166 sed
1347 2126 1476 2166 etiam

77 2198 110 2222 35
132 2188 289 2241 optare.

216 2244 291 2298 Tu,
324 2244 359 2284 si
389 2259 456 2285 me
491 2244 644 2300 diligis,
676 2243 815 2283 fruere
850 2242 931 2283 isto
966 2242 1054 2283 otio
1080 2242 1245 2296 tibique
1269 2241 1474 2296 persuade
1501 2252 1522 2282 5

127 2306 295 2357 praeter
332 2303 498 2357 eulpam
537 2317 584 2343 30
620 2304 856 2357 peecatum,
899 2315 982 2355 qua
1020 2315 1184 2355 semper
1222 2300 1394 2341 caruisti
1433 2303 1474 2341 et
