<?xml version="1.0" encoding="UTF-8"?>
<!DOCTYPE html PUBLIC "-//W3C//DTD XHTML 1.0 Transitional//EN"
    "http://www.w3.org/TR/xhtml1/DTD/xhtml1-transitional.dtd">
<html xmlns="http://www.w3.org/1999/xhtml" xml:lang="en" lang="en">
 <head>
  <title>
</title>
<meta http-equiv="Content-Type" content="text/html;charset=utf-8" />
  <meta name='ocr-system' content='tesseract 3.04.00' />
  <meta name='ocr-capabilities' content='ocr_page ocr_carea ocr_par ocr_line ocrx_word'/>
</head>
<body>
  <div class='ocr_page' id='page_1' title='image "./p1scriptaquaemanse03ciceuoft_0548.png"; bbox 0 0 1659 2552; ppageno 0'>
   <div class='ocr_carea' id='block_1_1' title="bbox 156 1168 173 1198">
    <p class='ocr_par' dir='ltr' id='par_1_1' title="bbox 156 1168 173 1198">
     <span class='ocr_line' id='line_1_1' title="bbox 156 1168 173 1198; baseline 0 0"><span class='ocrx_word' id='word_1_1' title='bbox 156 1168 173 1198; x_wconf 90' lang='lat'>1</span> 
     </span>
    </p>
   </div>
   <div class='ocr_carea' id='block_1_2' title="bbox 394 649 1347 776">
    <p class='ocr_par' dir='ltr' id='par_1_2' title="bbox 394 649 1347 776">
     <span class='ocr_line' id='line_1_2' title="bbox 557 649 1182 692; baseline 0.002 -9"><span class='ocrx_word' id='word_1_2' title='bbox 557 650 700 684; x_wconf 71' lang='lat' dir='ltr'>Lissnn</span> <span class='ocrx_word' id='word_1_3' title='bbox 732 650 940 692; x_wconf 76' lang='lat' dir='ltr'>QUINTUS</span> <span class='ocrx_word' id='word_1_4' title='bbox 972 649 1182 684; x_wconf 75' lang='lat' dir='ltr'>DECIMUS</span> 
     </span>
     <span class='ocr_line' id='line_1_3' title="bbox 394 732 1347 776; baseline 0 -1"><span class='ocrx_word' id='word_1_5' title='bbox 394 733 482 775; x_wconf 90' lang='lat' dir='ltr'>AD</span> <span class='ocrx_word' id='word_1_6' title='bbox 525 732 854 776; x_wconf 84' lang='lat' dir='ltr'>SENATUM</span> <span class='ocrx_word' id='word_1_7' title='bbox 899 734 981 775; x_wconf 85' lang='lat' dir='ltr'>ET</span> <span class='ocrx_word' id='word_1_8' title='bbox 1027 732 1347 775; x_wconf 85' lang='lat' dir='ltr'><strong>CETEROS.</strong></span> 
     </span>
    </p>
   </div>
   <div class='ocr_carea' id='block_1_3' title="bbox 433 849 1313 975">
    <p class='ocr_par' dir='ltr' id='par_1_3' title="bbox 433 849 1313 975">
     <span class='ocr_line' id='line_1_4' title="bbox 853 849 885 893; baseline 0.031 -1"><span class='ocrx_word' id='word_1_9' title='bbox 853 849 885 893; x_wconf 91' lang='lat' dir='ltr'><strong>I.</strong></span> 
     </span>
     <span class='ocr_line' id='line_1_5' title="bbox 433 931 1313 975; baseline -0.001 -9"><span class='ocrx_word' id='word_1_10' title='bbox 433 931 507 966; x_wconf 80' lang='lat' dir='ltr'>Ser.</span> <span class='ocrx_word' id='word_1_11' title='bbox 534 933 575 966; x_wconf 71' lang='lat' dir='ltr'>in</span> <span class='ocrx_word' id='word_1_12' title='bbox 603 931 731 966; x_wconf 74' lang='lat' dir='ltr'>Cilicia</span> <span class='ocrx_word' id='word_1_13' title='bbox 760 931 864 966; x_wconf 89' lang='lat' dir='ltr'>XIV</span> <span class='ocrx_word' id='word_1_14' title='bbox 886 931 934 966; x_wconf 89' lang='lat' dir='ltr'>K.</span> <span class='ocrx_word' id='word_1_15' title='bbox 966 931 1037 966; x_wconf 79' lang='lat' dir='ltr'>Oct.</span> <span class='ocrx_word' id='word_1_16' title='bbox 1065 943 1098 966; x_wconf 87' lang='grc' dir='ltr'>α.</span> <span class='ocrx_word' id='word_1_17' title='bbox 1128 934 1195 966; x_wconf 83' lang='grc'>703</span> <span class='ocrx_word' id='word_1_18' title='bbox 1224 933 1313 975; x_wconf 89' lang='lat'><em>(51).</em></span> 
     </span>
    </p>
   </div>
   <div class='ocr_carea' id='block_1_4' title="bbox 259 1011 1483 1114">
    <p class='ocr_par' dir='ltr' id='par_1_4' title="bbox 259 1011 1483 1114">
     <span class='ocr_line' id='line_1_6' title="bbox 259 1011 1483 1056; baseline -0.001 -8"><span class='ocrx_word' id='word_1_19' title='bbox 259 1013 308 1049; x_wconf 89' lang='lat' dir='ltr'>M.</span> <span class='ocrx_word' id='word_1_20' title='bbox 335 1012 533 1048; x_wconf 84' lang='lat' dir='ltr'>TULLIUS</span> <span class='ocrx_word' id='word_1_21' title='bbox 566 1013 614 1048; x_wconf 87' lang='lat' dir='ltr'>M.</span> <span class='ocrx_word' id='word_1_22' title='bbox 640 1012 679 1048; x_wconf 88' lang='lat' dir='ltr'>F.</span> <span class='ocrx_word' id='word_1_23' title='bbox 707 1012 875 1047; x_wconf 81' lang='lat' dir='ltr'>CICERO</span> <span class='ocrx_word' id='word_1_24' title='bbox 908 1012 1101 1048; x_wconf 81' lang='lat' dir='ltr'><strong>PROCOS.</strong></span> <span class='ocrx_word' id='word_1_25' title='bbox 1135 1012 1168 1047; x_wconf 80' lang='lat' dir='ltr'><strong>S.</strong></span> <span class='ocrx_word' id='word_1_26' title='bbox 1195 1012 1237 1047; x_wconf 93' lang='lat' dir='ltr'>D.</span> <span class='ocrx_word' id='word_1_27' title='bbox 1265 1012 1372 1056; x_wconf 88' lang='lat' dir='ltr'><strong>COS.‚</strong></span> <span class='ocrx_word' id='word_1_28' title='bbox 1398 1011 1483 1056; x_wconf 72' lang='lat' dir='ltr'>PR,</span> 
     </span>
     <span class='ocr_line' id='line_1_7' title="bbox 667 1071 1092 1114; baseline 0 -9"><span class='ocrx_word' id='word_1_29' title='bbox 667 1071 739 1105; x_wconf 76' lang='grc' dir='ltr'>ΤΒ.</span> <span class='ocrx_word' id='word_1_30' title='bbox 767 1071 847 1114; x_wconf 63' lang='lat' dir='ltr'>PL„</span> <span class='ocrx_word' id='word_1_31' title='bbox 875 1071 1092 1105; x_wconf 84' lang='lat' dir='ltr'><strong>SENATUI.</strong></span> 
     </span>
    </p>
   </div>
   <div class='ocr_carea' id='block_1_5' title="bbox 198 1154 1659 2378">
    <p class='ocr_par' dir='ltr' id='par_1_5' title="bbox 199 1154 1596 1853">
     <span class='ocr_line' id='line_1_8' title="bbox 291 1154 1544 1208; baseline -0.002 -12"><span class='ocrx_word' id='word_1_32' title='bbox 291 1154 330 1196; x_wconf 82' lang='lat' dir='ltr'><strong>S.</strong></span> <span class='ocrx_word' id='word_1_33' title='bbox 362 1170 399 1196; x_wconf 86' lang='lat' dir='ltr'><strong>v.</strong></span> <span class='ocrx_word' id='word_1_34' title='bbox 432 1170 469 1196; x_wconf 84' lang='lat' dir='ltr'><strong>V.</strong></span> <span class='ocrx_word' id='word_1_35' title='bbox 502 1155 540 1195; x_wconf 90' lang='lat' dir='ltr'>b.</span> <span class='ocrx_word' id='word_1_36' title='bbox 574 1169 606 1196; x_wconf 90' lang='lat' dir='ltr'>e.</span> <span class='ocrx_word' id='word_1_37' title='bbox 639 1169 671 1196; x_wconf 93' lang='lat' dir='ltr'>e.</span> <span class='ocrx_word' id='word_1_38' title='bbox 705 1170 742 1208; x_wconf 89' lang='lat' dir='ltr'><strong>q.</strong></span> <span class='ocrx_word' id='word_1_39' title='bbox 775 1170 811 1195; x_wconf 85' lang='lat' dir='ltr'><strong>v.</strong></span> <span class='ocrx_word' id='word_1_40' title='bbox 874 1154 968 1195; x_wconf 89' lang='lat' dir='ltr'>Etsi</span> <span class='ocrx_word' id='word_1_41' title='bbox 1005 1169 1092 1195; x_wconf 87' lang='lat' dir='ltr'>non</span> <span class='ocrx_word' id='word_1_42' title='bbox 1130 1155 1256 1195; x_wconf 91' lang='lat' dir='ltr'>dubie</span> <span class='ocrx_word' id='word_1_43' title='bbox 1296 1154 1403 1195; x_wconf 85' lang='lat' dir='ltr'>mihi</span> <span class='ocrx_word' id='word_1_44' title='bbox 1440 1168 1544 1194; x_wconf 90' lang='lat' dir='ltr'>nun-</span> 
     </span>
     <span class='ocr_line' id='line_1_9' title="bbox 200 1212 1544 1267; baseline -0.001 -12"><span class='ocrx_word' id='word_1_45' title='bbox 200 1214 389 1255; x_wconf 86' lang='lat' dir='ltr'>tiabatur</span> <span class='ocrx_word' id='word_1_46' title='bbox 430 1213 613 1254; x_wconf 85' lang='lat' dir='ltr'>Parthos</span> <span class='ocrx_word' id='word_1_47' title='bbox 655 1213 855 1254; x_wconf 74' lang='lat' dir='ltr'>transisse</span> <span class='ocrx_word' id='word_1_48' title='bbox 898 1213 1162 1267; x_wconf 86' lang='lat' dir='ltr'>Euphratem</span> <span class='ocrx_word' id='word_1_49' title='bbox 1206 1227 1301 1254; x_wconf 92' lang='lat' dir='ltr'>cum</span> <span class='ocrx_word' id='word_1_50' title='bbox 1346 1212 1544 1254; x_wconf 88' lang='lat' dir='ltr'>omnibus</span> 
     </span>
     <span class='ocr_line' id='line_1_10' title="bbox 200 1270 1542 1327; baseline -0.002 -13"><span class='ocrx_word' id='word_1_51' title='bbox 200 1273 287 1314; x_wconf 87' lang='lat' dir='ltr'>fere</span> <span class='ocrx_word' id='word_1_52' title='bbox 320 1273 406 1313; x_wconf 91' lang='lat' dir='ltr'>suis</span> <span class='ocrx_word' id='word_1_53' title='bbox 438 1272 587 1326; x_wconf 87' lang='lat' dir='ltr'>copiis,</span> <span class='ocrx_word' id='word_1_54' title='bbox 626 1275 783 1327; x_wconf 85' lang='lat' dir='ltr'>tamen,</span> <span class='ocrx_word' id='word_1_55' title='bbox 817 1272 931 1325; x_wconf 93' lang='lat' dir='ltr'>quod</span> <span class='ocrx_word' id='word_1_56' title='bbox 968 1272 1207 1313; x_wconf 87' lang='lat' dir='ltr'>arbitrabar</span> <span class='ocrx_word' id='word_1_57' title='bbox 1244 1286 1267 1312; x_wconf 87' lang='lat' dir='ltr'>a</span> <span class='ocrx_word' id='word_1_58' title='bbox 1298 1270 1353 1311; x_wconf 92' lang='lat' dir='ltr'><strong>M.</strong></span> <span class='ocrx_word' id='word_1_59' title='bbox 1386 1270 1542 1311; x_wconf 90' lang='lat' dir='ltr'>Bibulo</span> 
     </span>
     <span class='ocr_line' id='line_1_11' title="bbox 199 1330 1596 1386; baseline -0.002 -14"><span class='ocrx_word' id='word_1_60' title='bbox 199 1345 362 1386; x_wconf 87' lang='lat' dir='ltr'>procos.</span> <span class='ocrx_word' id='word_1_61' title='bbox 390 1331 570 1372; x_wconf 91' lang='lat' dir='ltr'>certiora</span> <span class='ocrx_word' id='word_1_62' title='bbox 602 1330 651 1371; x_wconf 88' lang='lat' dir='ltr'>de</span> <span class='ocrx_word' id='word_1_63' title='bbox 682 1331 749 1371; x_wconf 93' lang='lat' dir='ltr'>his</span> <span class='ocrx_word' id='word_1_64' title='bbox 781 1330 992 1371; x_wconf 78' lang='lat' dir='ltr'>rebusad</span> <span class='ocrx_word' id='word_1_65' title='bbox 1016 1344 1091 1371; x_wconf 81' lang='lat' dir='ltr'>vos</span> <span class='ocrx_word' id='word_1_66' title='bbox 1124 1330 1252 1370; x_wconf 82' lang='lat' dir='ltr'>scribi</span> <span class='ocrx_word' id='word_1_67' title='bbox 1283 1343 1423 1383; x_wconf 88' lang='lat' dir='ltr'>posse,</span> <span class='ocrx_word' id='word_1_68' title='bbox 1462 1332 1542 1370; x_wconf 87' lang='lat' dir='ltr'>sta·</span> <span class='ocrx_word' id='word_1_69' title='bbox 1562 1345 1596 1368; x_wconf 91' lang='lat'>10</span> 
     </span>
     <span class='ocr_line' id='line_1_12' title="bbox 200 1388 1542 1442; baseline -0.001 -12"><span class='ocrx_word' id='word_1_70' title='bbox 200 1390 373 1431; x_wconf 88' lang='lat' dir='ltr'>tuebam</span> <span class='ocrx_word' id='word_1_71' title='bbox 415 1389 521 1429; x_wconf 90' lang='lat' dir='ltr'>mihi</span> <span class='ocrx_word' id='word_1_72' title='bbox 564 1403 650 1429; x_wconf 89' lang='lat' dir='ltr'>non</span> <span class='ocrx_word' id='word_1_73' title='bbox 694 1403 860 1429; x_wconf 86' lang='lat' dir='ltr'>necesse</span> <span class='ocrx_word' id='word_1_74' title='bbox 910 1403 998 1429; x_wconf 91' lang='lat' dir='ltr'>esse</span> <span class='ocrx_word' id='word_1_75' title='bbox 1043 1388 1213 1442; x_wconf 89' lang='lat' dir='ltr'>publice</span> <span class='ocrx_word' id='word_1_76' title='bbox 1257 1388 1439 1428; x_wconf 81' lang='lat' dir='ltr'>scribere</span> <span class='ocrx_word' id='word_1_77' title='bbox 1484 1402 1542 1441; x_wconf 89' lang='lat' dir='ltr'>ea,</span> 
     </span>
     <span class='ocr_line' id='line_1_13' title="bbox 201 1445 1542 1502; baseline -0.002 -13"><span class='ocrx_word' id='word_1_78' title='bbox 201 1462 307 1502; x_wconf 82' lang='lat' dir='ltr'>quae</span> <span class='ocrx_word' id='word_1_79' title='bbox 340 1448 390 1488; x_wconf 89' lang='lat' dir='ltr'>de</span> <span class='ocrx_word' id='word_1_80' title='bbox 422 1447 595 1488; x_wconf 89' lang='lat' dir='ltr'>alterius</span> <span class='ocrx_word' id='word_1_81' title='bbox 632 1447 851 1501; x_wconf 81' lang='lat' dir='ltr'>provincia</span> <span class='ocrx_word' id='word_1_82' title='bbox 887 1447 1195 1487; x_wconf 79' lang='lat' dir='ltr'>nuntiarentur.</span> <span class='ocrx_word' id='word_1_83' title='bbox 1258 1445 1411 1487; x_wconf 81' lang='lat' dir='ltr'>Postea</span> <span class='ocrx_word' id='word_1_84' title='bbox 1442 1460 1542 1486; x_wconf 84' lang='lat' dir='ltr'>vero</span> 
     </span>
     <span class='ocr_line' id='line_1_14' title="bbox 201 1505 1543 1561; baseline -0.001 -14"><span class='ocrx_word' id='word_1_85' title='bbox 201 1521 328 1561; x_wconf 89' lang='lat' dir='ltr'>quam</span> <span class='ocrx_word' id='word_1_86' title='bbox 366 1505 611 1546; x_wconf 81' lang='lat' dir='ltr'>certissimis</span> <span class='ocrx_word' id='word_1_87' title='bbox 649 1505 910 1559; x_wconf 79' lang='lat' dir='ltr'>auctoribus,</span> <span class='ocrx_word' id='word_1_88' title='bbox 950 1505 1118 1560; x_wconf 80' lang='lat' dir='ltr'>legatis,</span> <span class='ocrx_word' id='word_1_89' title='bbox 1157 1505 1336 1559; x_wconf 86' lang='lat' dir='ltr'>nuntiis,</span> <span class='ocrx_word' id='word_1_90' title='bbox 1375 1505 1543 1558; x_wconf 85' lang='lat' dir='ltr'>litteris,</span> 
     </span>
     <span class='ocr_line' id='line_1_15' title="bbox 201 1563 1544 1617; baseline -0.001 -12"><span class='ocrx_word' id='word_1_91' title='bbox 201 1580 294 1605; x_wconf 88' lang='lat' dir='ltr'>sum</span> <span class='ocrx_word' id='word_1_92' title='bbox 326 1565 481 1605; x_wconf 89' lang='lat' dir='ltr'>certior</span> <span class='ocrx_word' id='word_1_93' title='bbox 511 1564 665 1617; x_wconf 83' lang='lat' dir='ltr'>factuS,</span> <span class='ocrx_word' id='word_1_94' title='bbox 696 1564 763 1604; x_wconf 83' lang='lat' dir='ltr'>vel</span> <span class='ocrx_word' id='word_1_95' title='bbox 795 1564 909 1617; x_wconf 91' lang='lat' dir='ltr'>quod</span> <span class='ocrx_word' id='word_1_96' title='bbox 939 1566 1056 1604; x_wconf 85' lang='lat' dir='ltr'>tanta</span> <span class='ocrx_word' id='word_1_97' title='bbox 1089 1578 1154 1604; x_wconf 76' lang='lat' dir='ltr'>res</span> <span class='ocrx_word' id='word_1_98' title='bbox 1187 1567 1292 1617; x_wconf 82' lang='lat' dir='ltr'>erat,</span> <span class='ocrx_word' id='word_1_99' title='bbox 1331 1563 1398 1604; x_wconf 85' lang='lat' dir='ltr'>vel</span> <span class='ocrx_word' id='word_1_100' title='bbox 1429 1563 1544 1617; x_wconf 87' lang='lat' dir='ltr'>quod</span> 
     </span>
     <span class='ocr_line' id='line_1_16' title="bbox 199 1621 1596 1676; baseline -0.003 -12"><span class='ocrx_word' id='word_1_101' title='bbox 199 1623 388 1664; x_wconf 89' lang='lat' dir='ltr'>nondum</span> <span class='ocrx_word' id='word_1_102' title='bbox 426 1622 692 1663; x_wconf 78' lang='lat' dir='ltr'>audieramus</span> <span class='ocrx_word' id='word_1_103' title='bbox 729 1622 931 1662; x_wconf 78' lang='lat' dir='ltr'>Bibulum</span> <span class='ocrx_word' id='word_1_104' title='bbox 970 1623 1013 1662; x_wconf 89' lang='lat' dir='ltr'>in</span> <span class='ocrx_word' id='word_1_105' title='bbox 1052 1621 1219 1676; x_wconf 77' lang='lat' dir='ltr'>Syriam</span> <span class='ocrx_word' id='word_1_106' title='bbox 1257 1622 1438 1676; x_wconf 84' lang='lat' dir='ltr'>venisse,</span> <span class='ocrx_word' id='word_1_107' title='bbox 1475 1621 1543 1662; x_wconf 88' lang='lat' dir='ltr'>vel</span> <span class='ocrx_word' id='word_1_108' title='bbox 1562 1635 1596 1660; x_wconf 87' lang='lat'>15</span> 
     </span>
     <span class='ocr_line' id='line_1_17' title="bbox 201 1679 1543 1736; baseline -0.001 -14"><span class='ocrx_word' id='word_1_109' title='bbox 201 1682 300 1736; x_wconf 86' lang='lat' dir='ltr'>quia</span> <span class='ocrx_word' id='word_1_110' title='bbox 331 1681 642 1722; x_wconf 83' lang='lat' dir='ltr'>administratio</span> <span class='ocrx_word' id='word_1_111' title='bbox 673 1681 799 1721; x_wconf 91' lang='lat' dir='ltr'>huius</span> <span class='ocrx_word' id='word_1_112' title='bbox 832 1681 932 1721; x_wconf 89' lang='lat' dir='ltr'>belli</span> <span class='ocrx_word' id='word_1_113' title='bbox 964 1681 1070 1721; x_wconf 86' lang='lat' dir='ltr'>mihi</span> <span class='ocrx_word' id='word_1_114' title='bbox 1097 1695 1191 1721; x_wconf 83' lang='lat' dir='ltr'>cum</span> <span class='ocrx_word' id='word_1_115' title='bbox 1224 1679 1380 1721; x_wconf 89' lang='lat' dir='ltr'>Bibulo</span> <span class='ocrx_word' id='word_1_116' title='bbox 1411 1694 1543 1734; x_wconf 88' lang='lat' dir='ltr'>paene</span> 
     </span>
     <span class='ocr_line' id='line_1_18' title="bbox 200 1739 1544 1794; baseline -0.001 -13"><span class='ocrx_word' id='word_1_117' title='bbox 200 1744 263 1781; x_wconf 91' lang='lat' dir='ltr'>est</span> <span class='ocrx_word' id='word_1_118' title='bbox 295 1740 541 1793; x_wconf 88' lang='lat' dir='ltr'>communis,</span> <span class='ocrx_word' id='word_1_119' title='bbox 574 1754 679 1794; x_wconf 85' lang='lat' dir='ltr'>quae</span> <span class='ocrx_word' id='word_1_120' title='bbox 712 1739 764 1780; x_wconf 86' lang='lat' dir='ltr'>ad</span> <span class='ocrx_word' id='word_1_121' title='bbox 794 1754 861 1780; x_wconf 92' lang='lat' dir='ltr'>me</span> <span class='ocrx_word' id='word_1_122' title='bbox 894 1740 1031 1780; x_wconf 84' lang='lat' dir='ltr'>delata</span> <span class='ocrx_word' id='word_1_123' title='bbox 1063 1742 1212 1793; x_wconf 77' lang='lat' dir='ltr'>essent,</span> <span class='ocrx_word' id='word_1_124' title='bbox 1245 1739 1466 1780; x_wconf 89' lang='lat' dir='ltr'>scribenda</span> <span class='ocrx_word' id='word_1_125' title='bbox 1491 1739 1544 1779; x_wconf 86' lang='lat' dir='ltr'>ad</span> 
     </span>
     <span class='ocr_line' id='line_1_19' title="bbox 201 1799 466 1853; baseline -0.004 -13"><span class='ocrx_word' id='word_1_126' title='bbox 201 1814 276 1840; x_wconf 80' lang='lat' dir='ltr'>vos</span> <span class='ocrx_word' id='word_1_127' title='bbox 308 1799 466 1853; x_wconf 82' lang='lat' dir='ltr'>putavi.</span> 
     </span>
    </p>

    <p class='ocr_par' dir='ltr' id='par_1_6' title="bbox 198 1855 1659 2378">
     <span class='ocr_line' id='line_1_20' title="bbox 287 1855 1544 1913; baseline -0.002 -15"><span class='ocrx_word' id='word_1_128' title='bbox 287 1857 418 1913; x_wconf 83' lang='lat' dir='ltr'>Regis</span> <span class='ocrx_word' id='word_1_129' title='bbox 449 1855 653 1897; x_wconf 85' lang='lat' dir='ltr'>Antiochi</span> <span class='ocrx_word' id='word_1_130' title='bbox 680 1855 955 1912; x_wconf 82' lang='lat' dir='ltr'>Commageni</span> <span class='ocrx_word' id='word_1_131' title='bbox 987 1856 1117 1912; x_wconf 82' lang='lat' dir='ltr'>legati</span> <span class='ocrx_word' id='word_1_132' title='bbox 1148 1856 1277 1910; x_wconf 86' lang='lat' dir='ltr'>primi</span> <span class='ocrx_word' id='word_1_133' title='bbox 1302 1855 1408 1896; x_wconf 87' lang='lat' dir='ltr'>mihi</span> <span class='ocrx_word' id='word_1_134' title='bbox 1439 1870 1544 1896; x_wconf 89' lang='lat' dir='ltr'>nun-</span> 
     </span>
     <span class='ocr_line' id='line_1_21' title="bbox 199 1914 1596 1970; baseline -0.002 -13"><span class='ocrx_word' id='word_1_135' title='bbox 199 1917 361 1957; x_wconf 90' lang='lat' dir='ltr'>tiarunt</span> <span class='ocrx_word' id='word_1_136' title='bbox 391 1915 648 1956; x_wconf 75' lang='lat' dir='ltr'>Parthorum</span> <span class='ocrx_word' id='word_1_137' title='bbox 679 1929 856 1970; x_wconf 84' lang='lat' dir='ltr'>magnas</span> <span class='ocrx_word' id='word_1_138' title='bbox 894 1915 1035 1969; x_wconf 86' lang='lat' dir='ltr'>copias</span> <span class='ocrx_word' id='word_1_139' title='bbox 1067 1914 1331 1969; x_wconf 88' lang='lat' dir='ltr'>Euphratem</span> <span class='ocrx_word' id='word_1_140' title='bbox 1361 1914 1541 1955; x_wconf 88' lang='lat' dir='ltr'>transire</span> <span class='ocrx_word' id='word_1_141' title='bbox 1562 1927 1596 1952; x_wconf 77' lang='lat'>20</span> 
     </span>
     <span class='ocr_line' id='line_1_22' title="bbox 199 1951 1542 2040; baseline -0.002 -24"><span class='ocrx_word' id='word_1_142' title='bbox 199 1975 395 2040; x_wconf 83' lang='lat' dir='ltr'>coepisse.</span> <span class='ocrx_word' id='word_1_143' title='bbox 455 1973 552 2039; x_wconf 84' lang='lat' dir='ltr'>Quo</span> <span class='ocrx_word' id='word_1_144' title='bbox 592 1951 776 2014; x_wconf 57' lang='grc' dir='ltr'>111111110ὃ</span> <span class='ocrx_word' id='word_1_145' title='bbox 785 1974 933 2027; x_wconf 85' lang='lat' dir='ltr'>allato,</span> <span class='ocrx_word' id='word_1_146' title='bbox 983 1987 1078 2013; x_wconf 90' lang='lat' dir='ltr'>cum</span> <span class='ocrx_word' id='word_1_147' title='bbox 1119 1976 1258 2014; x_wconf 83' lang='lat' dir='ltr'>essent</span> <span class='ocrx_word' id='word_1_148' title='bbox 1297 1986 1383 2013; x_wconf 91' lang='lat' dir='ltr'>non</span> <span class='ocrx_word' id='word_1_149' title='bbox 1422 1972 1542 2026; x_wconf 74' lang='lat' dir='ltr'>nuni,</span> 
     </span>
     <span class='ocr_line' id='line_1_23' title="bbox 199 2006 1542 2088; baseline -0.002 -14"><span class='ocrx_word' id='word_1_150' title='bbox 199 2034 272 2088; x_wconf 90' lang='lat' dir='ltr'>qui</span> <span class='ocrx_word' id='word_1_151' title='bbox 305 2034 342 2074; x_wconf 91' lang='lat' dir='ltr'>ei</span> <span class='ocrx_word' id='word_1_152' title='bbox 375 2032 464 2088; x_wconf 85' lang='lat' dir='ltr'>regi</span> <span class='ocrx_word' id='word_1_153' title='bbox 497 2032 705 2073; x_wconf 88' lang='lat' dir='ltr'>minorem</span> <span class='ocrx_word' id='word_1_154' title='bbox 736 2031 864 2072; x_wconf 90' lang='lat' dir='ltr'>fidem</span> <span class='ocrx_word' id='word_1_155' title='bbox 894 2025 1140 2072; x_wconf 88' lang='lat' dir='ltr'>habendam</span> <span class='ocrx_word' id='word_1_156' title='bbox 1163 2032 1381 2085; x_wconf 89' lang='lat' dir='ltr'>putarent,</span> <span class='ocrx_word' id='word_1_157' title='bbox 1413 2006 1542 2072; x_wconf 85' lang='lat' dir='ltr'>statui</span> 
     </span>
     <span class='ocr_line' id='line_1_24' title="bbox 199 2087 1659 2162; baseline -0.002 -30"><span class='ocrx_word' id='word_1_158' title='bbox 199 2091 526 2146; x_wconf 78' lang='lat' dir='ltr'>exspectandum</span> <span class='ocrx_word' id='word_1_159' title='bbox 565 2105 673 2144; x_wconf 90' lang='lat' dir='ltr'>esse,</span> <span class='ocrx_word' id='word_1_160' title='bbox 714 2090 749 2130; x_wconf 91' lang='lat' dir='ltr'>si</span> <span class='ocrx_word' id='word_1_161' title='bbox 788 2090 890 2143; x_wconf 91' lang='lat' dir='ltr'>quid</span> <span class='ocrx_word' id='word_1_162' title='bbox 919 2089 1083 2130; x_wconf 89' lang='lat' dir='ltr'>certius</span> <span class='ocrx_word' id='word_1_163' title='bbox 1120 2089 1366 2130; x_wconf 58' lang='lat' dir='ltr'>aelfw-m</span> <span class='ocrx_word' id='word_1_164' title='bbox 1426 2089 1477 2130; x_wconf 93' lang='lat' dir='ltr'><strong>A.</strong></span> <span class='ocrx_word' id='word_1_165' title='bbox 1506 2089 1542 2130; x_wconf 90' lang='lat' dir='ltr'>d.</span> <span class='ocrx_word' id='word_1_166' title='bbox 1639 2087 1659 2162; x_wconf 50' lang='grc' dir='ltr'>ι</span> 
     </span>
     <span class='ocr_line' id='line_1_25' title="bbox 198 2146 1542 2202; baseline -0.001 -12"><span class='ocrx_word' id='word_1_167' title='bbox 198 2162 281 2190; x_wconf 77' lang='lat' dir='ltr'>XIII</span> <span class='ocrx_word' id='word_1_168' title='bbox 313 2149 362 2190; x_wconf 87' lang='grc' dir='ltr'>Κ.</span> <span class='ocrx_word' id='word_1_169' title='bbox 397 2148 505 2202; x_wconf 76' lang='lat' dir='ltr'>Oct,</span> <span class='ocrx_word' id='word_1_170' title='bbox 544 2163 638 2189; x_wconf 89' lang='lat' dir='ltr'>cum</span> <span class='ocrx_word' id='word_1_171' title='bbox 676 2148 908 2189; x_wconf 82' lang='lat' dir='ltr'>exercitum</span> <span class='ocrx_word' id='word_1_172' title='bbox 946 2149 990 2188; x_wconf 91' lang='lat' dir='ltr'>in</span> <span class='ocrx_word' id='word_1_173' title='bbox 1024 2146 1217 2189; x_wconf 79' lang='lat' dir='ltr'>Ciliciam</span> <span class='ocrx_word' id='word_1_174' title='bbox 1250 2147 1461 2202; x_wconf 81' lang='lat' dir='ltr'>ducerem,</span> <span class='ocrx_word' id='word_1_175' title='bbox 1498 2148 1542 2188; x_wconf 92' lang='lat' dir='ltr'>in</span> 
     </span>
     <span class='ocr_line' id='line_1_26' title="bbox 199 2205 1596 2261; baseline -0.004 -13"><span class='ocrx_word' id='word_1_176' title='bbox 199 2208 356 2249; x_wconf 89' lang='lat' dir='ltr'>finibus</span> <span class='ocrx_word' id='word_1_177' title='bbox 386 2207 622 2261; x_wconf 81' lang='lat' dir='ltr'>Lycaoniae</span> <span class='ocrx_word' id='word_1_178' title='bbox 662 2209 703 2247; x_wconf 90' lang='lat' dir='ltr'>et</span> <span class='ocrx_word' id='word_1_179' title='bbox 737 2205 1025 2260; x_wconf 84' lang='lat' dir='ltr'>Cappadociae</span> <span class='ocrx_word' id='word_1_180' title='bbox 1062 2206 1168 2247; x_wconf 87' lang='lat' dir='ltr'>mihi</span> <span class='ocrx_word' id='word_1_181' title='bbox 1205 2206 1371 2246; x_wconf 87' lang='lat' dir='ltr'>litterae</span> <span class='ocrx_word' id='word_1_182' title='bbox 1409 2206 1543 2247; x_wconf 90' lang='lat' dir='ltr'>reddi·</span> <span class='ocrx_word' id='word_1_183' title='bbox 1563 2219 1596 2244; x_wconf 76' lang='lat'>25</span> 
     </span>
     <span class='ocr_line' id='line_1_27' title="bbox 198 2264 1566 2319; baseline -0.001 -13"><span class='ocrx_word' id='word_1_184' title='bbox 198 2269 264 2306; x_wconf 80' lang='lat' dir='ltr'>tae</span> <span class='ocrx_word' id='word_1_185' title='bbox 298 2269 396 2307; x_wconf 91' lang='lat' dir='ltr'>sunt</span> <span class='ocrx_word' id='word_1_186' title='bbox 427 2281 451 2306; x_wconf 85' lang='lat' dir='ltr'>a</span> <span class='ocrx_word' id='word_1_187' title='bbox 482 2265 823 2318; x_wconf 84' lang='lat' dir='ltr'>Tarcondimoto,</span> <span class='ocrx_word' id='word_1_188' title='bbox 857 2265 927 2319; x_wconf 87' lang='lat' dir='ltr'>qui</span> <span class='ocrx_word' id='word_1_189' title='bbox 960 2264 1231 2305; x_wconf 82' lang='lat' dir='ltr'>fidelissimus</span> <span class='ocrx_word' id='word_1_190' title='bbox 1262 2264 1400 2304; x_wconf 88' lang='lat' dir='ltr'>socius</span> <span class='ocrx_word' id='word_1_191' title='bbox 1426 2267 1566 2305; x_wconf 88' lang='lat' dir='ltr'>trans·</span> 
     </span>
     <span class='ocr_line' id='line_1_28' title="bbox 199 2321 1543 2378; baseline 0 -14"><span class='ocrx_word' id='word_1_192' title='bbox 199 2324 384 2365; x_wconf 88' lang='lat' dir='ltr'>Taurum</span> <span class='ocrx_word' id='word_1_193' title='bbox 427 2324 790 2377; x_wconf 86' lang='lat' dir='ltr'>amicissimusque</span> <span class='ocrx_word' id='word_1_194' title='bbox 831 2338 869 2377; x_wconf 92' lang='lat' dir='ltr'>p.</span> <span class='ocrx_word' id='word_1_195' title='bbox 908 2322 956 2363; x_wconf 82' lang='lat' dir='ltr'><strong>R.</strong></span> <span class='ocrx_word' id='word_1_196' title='bbox 1000 2323 1282 2376; x_wconf 81' lang='lat' dir='ltr'>existimatur,</span> <span class='ocrx_word' id='word_1_197' title='bbox 1324 2321 1543 2378; x_wconf 86' lang='lat' dir='ltr'>Pacorum,</span> 
     </span>
    </p>
   </div>
  </div>
 </body>
</html>
