1659 2552
180 89 266 131 394
677 89 1019 124 EPISTULARUM

269 183 313 226 C.
345 184 472 226 Ateio
506 184 712 240 Capitone
744 187 843 225 utor
874 185 1214 227 familiarissime.
1277 185 1415 227 Notae
1447 186 1526 227 tibi

179 246 279 285 sunt
315 244 541 285 varietates
582 258 774 285 meorum
815 246 1068 298 temporum.
1129 243 1180 285 In
1218 245 1333 286 omni
1374 260 1527 301 genere

179 305 221 344 et
251 303 464 344 honorum
503 306 544 344 et
581 303 776 343 laborum
813 317 1006 343 meorum
1045 306 1086 344 et
1117 303 1283 345 animus
1322 306 1363 344 et
1401 318 1528 358 opera

180 364 222 403 et
248 363 479 403 auctoritas
500 365 541 402 et
566 362 716 416 gratia,
749 361 876 402 etiam
903 376 969 402 res
995 362 1217 403 familiaris
1244 361 1287 403 C.
1309 361 1528 417 Capitonis

178 424 347 475 praesto
381 421 462 461 fuit
494 424 535 461 et
566 420 709 474 paruit
735 423 776 460 et
802 421 1068 474 temporibus
1100 425 1141 461 et
1172 422 1368 463 fortunae
1399 436 1526 463 meae.

178 479 319 520 Huius
363 480 628 534 propinquus
666 479 748 520 fuit
787 479 831 519 T.
864 478 1089 520 Antistius,
1152 479 1233 529 Qui
1279 495 1374 521 cum
1415 483 1527 521 sorte

180 541 379 592 quaestor
418 538 710 579 Macedoniam
753 538 983 593 optineret,
1034 553 1169 593 neque
1212 539 1249 579 ei
1291 553 1528 580 successum

180 600 300 652 esset,
332 597 561 651 Pompeius
588 597 630 637 in
657 612 748 638 eam
774 597 1038 651 provinciam
1066 612 1160 638 cum
1187 598 1374 639 exercitu
1400 599 1526 639 venit.

179 655 333 697 Facere
366 655 580 696 Antistius
611 656 721 696 nihil
752 656 915 711 potuit,
945 671 1061 710 nam,
1095 657 1129 697 si
1161 657 1387 711 potuisset,
1419 657 1529 698 nihil

180 715 218 755 ei
250 715 400 755 fuisset
433 714 649 768 antiquius
682 729 808 769 quam
841 715 893 754 ad
926 714 1189 770 Capitonem,
1223 730 1348 770 quem
1380 718 1427 756 ut
1457 731 1526 770 pa-

180 776 343 814 rentem
371 773 588 829 diligebat,
621 774 787 828 reverti,
818 775 1067 827 praesertim
1094 788 1184 815 cum
1209 775 1346 829 sciret,
1379 775 1525 828 quanti

181 833 216 873 is
243 832 463 873 Caesarem
495 833 652 873 faceret
678 847 926 887 semperque
952 833 1130 874 fecisset.
1194 832 1275 874 Sed
1302 848 1527 887 oppressus

180 894 347 932 tantum
386 891 532 946 attigit
569 892 750 947 negotii,
789 894 995 945 quantum
1033 906 1225 933 recusare
1256 906 1342 933 non
1373 893 1525 946 potuit.

182 950 288 991 Cum
321 950 562 1006 signaretur
593 953 816 1005 argentum
847 949 1113 1005 Apolloniae,
1146 965 1231 992 non
1262 966 1436 1006 possum
1468 951 1527 992 di-

180 1022 272 1049 cere
316 1023 412 1050 eum
455 1009 688 1063 praefuisse
731 1023 867 1063 neque
916 1024 1088 1063 possum
1132 1024 1287 1065 negare
1331 1010 1526 1064 adfuisse,

179 1068 252 1108 sed
294 1082 380 1109 non
423 1068 519 1121 plus
564 1068 729 1109 duobus
778 1083 831 1108 an
880 1068 1019 1109 tribus
1067 1069 1295 1109 mensibus.
1362 1068 1526 1110 Deinde

179 1127 288 1167 afuit
324 1142 347 1167 a
385 1127 551 1181 castris3
593 1127 705 1183 fugit
747 1141 870 1168 omne
909 1127 1142 1183 negotium.
1203 1127 1298 1168 Hoc
1334 1127 1441 1168 mihi
1479 1131 1527 1168 ut

179 1185 278 1226 testi
310 1185 438 1226 velim
470 1186 630 1240 credas3
667 1200 805 1226 meam
838 1186 951 1226 enim
983 1186 1054 1226 ille
1085 1186 1343 1227 maestitiam
1374 1186 1419 1227 in
1451 1186 1525 1227 illo

179 1244 292 1285 bello
336 1244 526 1298 videbat,
573 1259 738 1285 mecum
779 1245 921 1285 omnia
963 1245 1314 1286 communicabat.
1375 1244 1525 1300 Itaque

178 1303 343 1344 abdidit
374 1317 417 1344 se
448 1303 493 1343 in
524 1303 719 1344 intimam
744 1302 1048 1358 Macedoniam,
1081 1318 1164 1358 quo
1196 1304 1338 1358 potuit
1367 1303 1525 1360 longis-

178 1362 282 1402 sime
310 1377 332 1402 a
359 1362 518 1416 castris,
549 1377 635 1402 non
661 1362 788 1402 modo
814 1365 861 1402 ut
886 1376 971 1402 non
998 1365 1211 1416 praeesset
1235 1363 1312 1403 ulli
1338 1363 1524 1418 negotio,

178 1421 251 1461 sed
286 1421 414 1461 etiam
446 1423 494 1461 ut
524 1435 576 1461 ne
614 1421 836 1461 interesset
871 1421 1052 1474 quidem.
1113 1419 1155 1461 Is
1185 1423 1283 1475 post
1314 1421 1524 1475 proelium

177 1493 220 1519 se
253 1479 305 1519 ad
344 1479 562 1519 hominem
599 1479 902 1535 necessarium,
942 1478 991 1519 A.
1018 1478 1252 1533 Plautium,
1295 1479 1338 1520 in
1376 1479 1524 1534 Bithy-

176 1537 292 1578 niam
334 1538 524 1578 contulit.
591 1536 657 1578 Ibi
703 1552 798 1578 eum
843 1537 995 1578 Caesar
1039 1552 1134 1578 cum
1177 1538 1371 1593 vidisset,
1415 1538 1525 1580 nihil

177 1611 341 1651 aspere,
378 1596 487 1637 nihil
519 1596 667 1637 acerbe
701 1597 824 1649 dixit,
862 1596 1042 1637 Romam
1077 1597 1200 1637 iussit
1231 1597 1384 1638 venire.
1445 1596 1523 1639 Ille

178 1655 221 1695 in
262 1655 460 1696 morbum
501 1655 703 1696 continuo
745 1655 915 1710 incidit,
956 1670 1007 1696 ex
1049 1670 1131 1709 quo
1173 1670 1258 1697 non
1297 1656 1523 1697 convaluit.

176 1713 318 1769 Aeger
350 1712 578 1768 Corcyram
611 1714 743 1763 venit;
782 1714 842 1754 ibi
876 1717 938 1755 est
973 1717 1178 1755 mortuus.
1241 1714 1523 1770 Testamento,

178 1773 291 1827 quod
311 1772 471 1813 Romae
490 1772 624 1813 Paulo
651 1775 692 1814 et
711 1772 912 1814 Marcello
939 1773 1184 1814 consulibus
1209 1774 1377 1828 fecerat,
1402 1774 1524 1815 heres

177 1846 227 1873 ex
258 1834 378 1886 parte
412 1832 585 1872 dimidia
617 1834 658 1872 et
689 1832 815 1872 tertia
848 1834 911 1872 est
938 1831 1106 1887 Capito,
1139 1832 1182 1872 in
1209 1835 1399 1873 sextante
1425 1835 1523 1873 sunt

1548 731 1581 755 10

1548 1024 1580 1049 15

1545 1318 1579 1343 20

1544 1611 1577 1636 25

176 1891 224 1945 ii,
263 1905 443 1945 quorum
479 1905 578 1945 pars
611 1891 700 1931 sine
738 1891 825 1931 ulla
862 1891 1110 1944 cuiusquam
1143 1891 1313 1945 querela
1351 1891 1521 1945 publica
1542 1904 1576 1929 30

174 1952 316 2004 potest
349 1964 454 2004 esse,
487 1964 534 1990 ea
566 1952 628 1990 est
660 1949 712 1990 ad
743 1948 817 1990 HS
851 1949 997 1992 ’ῗῖΧᾉ
1062 1948 1143 1990 Sed
1177 1949 1226 1989 de
1257 1949 1338 1990 hoc
1370 1948 1524 1990 Caesar

174 2008 340 2049 viderit.

265 2067 335 2122 Te,
360 2067 419 2108 mi
439 2066 606 2120 Plance,
631 2080 709 2121 pro
729 2068 906 2120 paterna
925 2065 1246 2120 necessitudine,
1271 2080 1349 2120 pro
1375 2069 1521 2108 nostro

176 2140 336 2180 amore,
376 2140 454 2180 pro
493 2125 645 2166 studiis
682 2127 724 2166 et
757 2125 872 2166 omni
905 2139 1029 2166 cursu
1068 2128 1214 2166 nostro
1246 2125 1378 2165 totius
1410 2125 1521 2167 vitae

176 2185 394 2226 simillimo
421 2199 527 2239 rogo
554 2186 596 2225 et
621 2199 645 2224 a
669 2186 711 2224 te
739 2183 799 2224 ita
824 2186 935 2238 peto,
962 2186 1009 2224 ut
1034 2184 1194 2224 maiore
1220 2197 1329 2237 cura,
1361 2184 1521 2225 maiore
1540 2195 1574 2221 35

176 2244 316 2284 studio
355 2243 515 2284 nullam
553 2242 735 2297 possim,
777 2245 824 2283 ut
860 2242 969 2287 hanc
1001 2257 1089 2283 rem
1121 2241 1343 2295 suscipias,
1383 2257 1521 2284 meam

175 2305 296 2354 putes
335 2316 444 2356 esse,
483 2301 663 2356 enitare,
705 2301 952 2355 contendas,
990 2301 1166 2355 efficias,
1203 2303 1249 2340 ut
1287 2315 1379 2341 mea
1411 2316 1521 2343 com-
