1659 2552
152 1301 194 1332 16

215 78 300 118 512
699 77 1046 112 EPISTULARUM

213 176 256 214 et
295 173 366 227 qui
404 175 495 214 tum
528 171 708 214 Athenis
746 174 900 228 fuerat,
939 188 1033 214 011111
1070 173 1242 215 Licinus
1280 189 1329 216 eo
1362 174 1556 231 venisset,

215 247 310 273 cum
343 247 439 273 eum
470 232 700 288 fugitivum
732 246 820 273 esse
854 235 1001 286 postea
1033 247 1083 273 ex
1115 232 1272 287 Aesopi
1304 233 1460 274 litteris
1492 247 1558 275 00-

214 293 398 347 gnosset,
429 291 645 331 hominem
673 291 992 344 comprehendit
1012 294 1053 332 et
1079 291 1122 331 in
1143 292 1377 333 custodiam
1397 291 1555 347 Ephesi

214 349 407 403 tradidit,
445 350 534 403 sed,
572 350 615 390 in
652 349 867 403 publicam
899 365 952 390 an
984 350 1027 391 in
1058 350 1306 405 pistrinum,
1339 365 1424 392 non
1456 351 1558 392 satis

215 424 267 450 ex
293 408 447 449 litteris
473 409 562 448 01113
588 408 833 464 intellegere
859 409 1088 463 potuimus.
1132 409 1207 463 Tu,
1234 424 1405 464 quoquo
1430 410 1557 451 modo

215 470 290 522 est,
317 467 515 521 quoniam
538 466 694 521 Ephesi
716 469 790 521 est,
815 467 1032 508 hominem
1051 468 1280 524 investiges
1300 469 1427 510 velim
1448 483 1559 510 sum-

213 540 367 580 maque
409 525 629 581 diligentia
668 526 735 566 vel
775 529 915 566 tecum
957 526 1145 567 deducas.
1212 526 1314 568 Noli
1359 530 1558 582 spectare,

217 585 363 639 quanti
395 585 524 625 homo
557 584 629 639 sit3
660 585 780 638 parvi
807 585 918 625 enim
949 585 1075 639 pretii
1102 588 1176 639 est,
1209 586 1281 640 qui
1314 588 1402 627 tam
1433 586 1558 627 nihili

216 644 281 684 sit.
327 642 409 684 Sed
433 645 553 683 tanto
580 643 723 684 dolore
743 642 936 697 Aesopus
956 647 1018 684 est
1044 643 1231 685 adfectus
1255 647 1430 699 propter
1449 644 1560 686 servi

217 702 351 743 scelus
390 704 430 742 et
468 702 702 756 audaciam,
741 704 788 742 ut
824 702 934 742 nihil
972 702 1009 743 ei
1047 703 1210 759 gratius
1242 704 1378 744 facere
1409 704 1558 758 possis,

218 776 344 815 quam
377 760 411 800 si
443 760 565 801 illum
596 775 672 815 per
701 763 743 801 te
775 761 1042 815 recuperarit.

304 819 430 860 Nunc
456 834 504 859 ea
529 833 747 875 cognosce,
779 834 884 873 quae
909 820 1092 860 maxime
1119 822 1303 874 exoptas.
1347 819 1455 861 Rem
1486 835 1561 875 pu-

218 878 373 919 blicam
414 878 605 918 funditus
642 878 876 933 amisimus,
921 878 1024 919 adeo
1065 881 1112 919 ut
1151 878 1276 933 Cato,
1318 879 1561 920 adulescens

217 937 376 977 nullius
408 937 585 991 consilii,
619 937 691 978 sed
721 940 864 978 tamen
890 937 992 978 civis
1023 936 1240 978 Romanus
1273 940 1314 978 et
1340 936 1457 992 Cato,
1489 937 1560 979 vix

218 997 340 1037 vivus
372 995 585 1051 effugerit,
618 996 742 1050 quod,
775 1010 870 1036 011111
904 995 1132 1037 Gabinium
1164 996 1214 1037 de
1245 996 1408 1038 ambitu
1433 996 1561 1038 vellet

218 1054 445 1109 postulare,
477 1069 612 1108 neque
643 1057 859 1108 praetores
886 1055 1032 1096 diebus
1064 1055 1227 1109 aliquot
1252 1055 1358 1096 adiri
1388 1058 1562 1110 possent

218 1114 286 1154 vel
316 1116 571 1167 potestatem
604 1114 668 1154 sui
700 1113 902 1168 facerent,
940 1114 984 1154 in
1022 1114 1263 1155 contionem
1301 1114 1487 1155 escendit
1518 1117 1561 1155 et

218 1172 470 1226 Pompeium
508 1172 742 1225 ‘privatum
776 1172 1045 1213 dictatorem’
1078 1172 1317 1226 appellavit.
1378 1172 1561 1227 Propius

219 1231 328 1271 nihil
366 1233 428 1271 est
459 1231 635 1285 factum,
675 1245 800 1284 quam
838 1233 886 1271 ut
924 1231 1193 1272 occideretur.
1255 1231 1322 1272 Ex
1351 1231 1450 1285 hoc,
1488 1231 1560 1286 qui

221 1290 276 1330 sit
313 1292 447 1330 status
484 1290 616 1330 totius
654 1290 713 1330 rei
751 1289 979 1343 publicae,¹
1003 1290 1145 1330 videre
1184 1293 1315 1343 potes.
1376 1289 1560 1331 Nostrae

220 1352 361 1389 tamen
400 1362 546 1388 causae
583 1362 669 1388 non
700 1348 898 1388 videntur
933 1348 1126 1388 homines
1164 1348 1366 1402 defuturi3
1406 1348 1560 1389 miran-

222 1407 322 1447 dum
359 1407 402 1446 in
439 1406 613 1447 modum
648 1406 923 1460 profitentur,
969 1407 1151 1447 offerunt
1188 1420 1250 1471 30,
1294 1406 1559 1472 pollicentur.

220 1465 431 1519 Equidem
458 1479 553 1505 011111
585 1479 656 1529 spe
689 1479 782 1505 sum
807 1465 991 1505 maxima
1019 1467 1110 1505 tum
1135 1465 1295 1506 maiore
1321 1465 1449 1506 etiam
1475 1465 1561 1506 ani-

219 1538 308 1577 mo,
341 1538 431 1578 spe,
464 1523 701 1577 superiores
732 1523 822 1563 fore
849 1537 937 1577 nos,
969 1523 1122 1577 animo,
1155 1526 1201 1563 ut
1233 1524 1276 1564 in
1307 1523 1387 1564 hae
1417 1538 1461 1565 re
1486 1538 1562 1578 pu-

220 1582 331 1623 blica
363 1596 414 1622 ne
441 1596 582 1622 casum
609 1581 779 1635 quidem
805 1581 939 1622 ullum
964 1582 1268 1636 pertimescam.
1312 1581 1394 1623 Sed
1418 1585 1561 1624 tamen

221 1655 264 1682 se
302 1655 367 1681 res
406 1641 465 1681 310
502 1640 646 1681 habet:
699 1638 743 1680 Si
782 1640 892 1681 diem
932 1640 1056 1681 nobis
1097 1641 1267 1695 dixerit,
1310 1643 1401 1682 tota
1437 1640 1561 1682 Italia

221 1702 453 1753 concurret,
480 1702 526 1739 ut
552 1699 834 1753 multiplicata
858 1699 995 1755 gloria
1021 1699 1298 1753 discedamus3
1330 1700 1395 1740 sin
1420 1702 1562 1741 autem

220 1759 262 1799 vi
295 1772 418 1814 agere
451 1758 685 1811 conabitur,
717 1772 838 1812 spero
871 1758 961 1799 fore
994 1758 1144 1799 studiis
1174 1772 1260 1799 non
1292 1759 1429 1799 solum
1461 1758 1563 1799 ami-

221 1831 379 1871 corum,
412 1816 483 1857 sed
515 1817 643 1857 etiam
675 1816 909 1857 alienorum
941 1819 988 1857 ut
1019 1817 1061 1858 vi
1097 1817 1350 1858 resistamus.
1406 1815 1562 1858 Omnes

222 1879 262 1917 et
295 1890 337 1917 se
370 1878 411 1916 et
443 1889 540 1916 suos
572 1875 745 1929 amicos,
784 1875 974 1929 clienteS,
1011 1875 1204 1930 libertos,
1243 1889 1402 1930 servos,
1439 1889 1561 1930 pecu—

220 1935 312 1975 nias
345 1934 524 1987 denique
562 1948 657 1974 suas
688 1933 953 1987 pollicentur.
1014 1933 1173 1975 Nostra
1208 1934 1382 1988 antiqua
1412 1949 1562 1975 manus

221 1993 433 2034 bonorum
453 1992 571 2033 ardet
597 1992 737 2033 studio
763 1993 899 2033 nostri
920 1995 1046 2046 atque
1072 2007 1224 2034 amore.
1271 1991 1314 2033 Si
1341 1992 1413 2046 qui
1440 1995 1564 2034 antea

221 2055 294 2092 aut
332 2051 554 2092 alieniores
598 2051 765 2091 fuerant
802 2054 875 2091 aut
910 2050 1218 2106 languidiores,
1258 2065 1370 2091 nunc
1408 2050 1563 2092 horum

221 2125 370 2166 regum
403 2109 499 2150 odio
533 2123 575 2150 se
608 2123 701 2150 eum
733 2108 856 2149 bonis
883 2109 1156 2165 coniungunt.
1217 2108 1444 2163 Pompeius
1477 2124 1564 2150 om-

220 2169 291 2210 nia
322 2168 548 2222 pollicetur
573 2170 614 2208 et
641 2167 812 2222 Caesar,
845 2168 999 2222 quibus
1024 2182 1102 2223 ego
1129 2168 1189 2208 ita
1214 2167 1348 2221 eredo,
1381 2170 1428 2208 ut
1453 2168 1564 2209 nihil

223 2227 271 2268 de
304 2241 396 2268 mea
429 2226 741 2280 comparatione
774 2226 1024 2267 deminuam.
1069 2226 1247 2267 Tribuni
1271 2225 1327 2280 pl.
1355 2225 1563 2283 designati

222 2289 320 2327 sunt
351 2284 475 2326 nobis
507 2285 648 2340 amici,
681 2285 873 2326 eonsules
905 2299 948 2326 se
981 2285 1139 2339 optime
1172 2284 1415 2339 ostendunt3
1446 2291 1563 2339 prae*

1579 715 1612 740 10

1580 1008 1614 1034 15

1580 1302 1614 1327 20

1580 1593 1614 1619 25

1582 2180 1616 2206 35
