1659 2552
405 99 470 133 AD
498 97 654 140 QUINT.
680 98 850 135 FRATR.
878 99 1019 133 LIBER
1044 100 1060 134 Ι
1087 104 1118 144 3,
1145 104 1176 134 4.
1401 100 1484 141 517

150 198 212 236 est
243 209 383 235 meum
420 197 658 249 peccatum,
698 194 779 235 nisi
818 195 931 249 quod
968 195 1020 236 iis
1058 195 1237 250 credidi,
1279 211 1302 236 a
1334 195 1488 250 quibus

149 256 266 295 nefis
296 257 490 307 putaram
522 268 610 294 esse
641 268 708 294 me
741 254 886 308 decipi,
919 257 991 294 aut
1023 255 1150 295 etiam
1183 255 1336 308 quibus
1368 269 1419 295 ne
1446 254 1490 295 id

150 313 346 367 expedire
373 312 542 377 quidem
573 311 1075 368 arbitraba1.Intimus,
1107 314 1337 367 proximus,
1371 313 1490 354 fami-

149 372 399 413 liarissimus
425 371 601 425 quisque
627 374 699 411 rut
725 371 806 412 sibi
837 372 1058 425 pertimuit
1083 375 1155 412 aut
1186 372 1292 412 mihi
1324 372 1487 412 invidit.

115 444 130 469 5
150 429 214 472 Ita
246 430 351 471 mihi
382 430 490 470 nihil
521 430 675 470 misero
712 445 774 483 pr
765 433 878 470 aeter
914 430 1040 471 fidem
1072 431 1304 471 amicorum
1335 431 1364 482 ἦ·
1397 445 1489 471 cau-

149 493 241 531 tum
272 503 413 529 meum
445 489 667 529 consilium
699 489 789 529 suit.
852 488 1011 538 Quodsi
1042 491 1083 530 te
1115 490 1216 530 satis
1248 490 1489 530 innocentia
1515 501 1535 531 2

149 552 223 589 tua
255 551 295 588 et
326 547 615 588 misericordia
650 547 872 588 hominum
904 548 1090 588 vindicat
1125 548 1207 589 hoc
1244 551 1434 602 tempore
1467 563 1490 589 a

150 607 364 659 molestia,
395 606 598 660 perspicis
629 606 831 660 profecto,
864 621 1117 660 ecquaenam
1148 607 1272 648 nobis
1304 622 1397 661 spes
1429 622 1490 648 sa-

150 666 252 706 lutis
290 665 563 719 relinquatur.
625 664 736 706 Nam
774 679 839 705 me
877 664 1138 719 Pomponius
1177 669 1217 706 et
1256 665 1417 707 Sestius
1449 668 1491 706 et

99 739 131 763 10
150 724 249 765 Piso
281 726 424 764 noster
456 723 592 764 adhuc
619 722 940 764 Thessalonicae
973 725 1249 779 retinuerunt,
1281 739 1376 765 cum
1401 725 1490 765 lon—

150 784 246 839 gius
290 783 500 823 discedere
544 785 717 836 propter
759 783 899 823 nescio
950 797 1055 837 quos
1104 786 1245 824 motus
1288 786 1490 824 vetarent.

150 841 311 883 Verum
352 856 430 897 ego
471 841 607 896 magis
647 841 808 882 exitum
848 841 1019 882 illorum
1059 842 1214 882 litteris
1255 857 1380 895 quam
1419 856 1491 896 spe

152 904 265 941 certa
291 900 602 954 exspectabam,
634 915 731 940 nam
764 900 866 954 quid
897 915 1060 954 sperem
1092 901 1387 954 potentissimo
1414 901 1492 941 ini-

150 960 281 1013 mico,
327 959 613 999 dominatione
654 958 1006 1013 obtrectatorum,
1051 959 1293 1000 infidelibus
1333 959 1490 1014 amicis,

99 1031 132 1057 15
150 1018 346 1073 plurimis
378 1017 560 1058 invidis?
611 1017 673 1057 De
705 1017 825 1058 novis
857 1021 997 1058 autem
1029 1018 1212 1058 tribunis
1244 1018 1298 1072 pl.
1326 1021 1388 1059 est
1418 1018 1490 1059 ille
1516 1029 1536 1059 3

152 1077 323 1131 quidem
355 1076 398 1116 111
429 1091 495 1117 1110
522 1076 855 1116 officiosissimus
882 1075 1043 1117 Sestius
1075 1079 1127 1131 et,
1159 1091 1293 1130 spero,
1327 1076 1490 1131 Curius,

151 1135 274 1189 Milo,
312 1134 483 1187 Fadius,
521 1134 755 1187 Fabricius,
795 1135 866 1175 sed
897 1135 1017 1175 valde
1050 1135 1295 1176 adversante
1329 1134 1490 1190 Clodio,

153 1195 226 1248 qui
257 1194 383 1234 etiam
415 1194 605 1247 privatus
631 1193 774 1234 eadem
806 1209 933 1234 manu
964 1194 1122 1247 poterit
1148 1195 1364 1235 contiones
1397 1208 1491 1235 con-

153 1253 298 1307 citare3
332 1252 480 1293 deinde
512 1252 638 1292 etiam
670 1252 921 1293 intercessor
951 1252 1181 1306 parabitur.
1242 1252 1357 1293 Haec
1385 1253 1491 1293 mihi
1516 1264 1538 1294 4

100 1324 133 1349 ρο
151 1311 434 1366 proficiscenti
461 1325 545 1351 11011
570 1311 928 1364 proponebantur,
960 1311 1032 1352 sed
1063 1326 1183 1366 saepe
1214 1312 1356 1352 triduo
1382 1326 1492 1352 sum-

152 1385 221 1411 ma
259 1384 353 1411 cum
391 1370 527 1425 gloria
565 1369 734 1410 dicebar
771 1384 859 1410 esse
895 1370 1117 1410 rediturus.
1179 1369 1306 1419 <Quid
1336 1373 1383 1410 tu
1414 1370 1492 1426 igi—

152 1429 271 1470 tur?’
304 1429 478 1482 inquies.
524 1427 661 1476 Quid?
694 1428 828 1469 multa
853 1431 1149 1482 convenerunt,
1176 1444 1280 1482 quae
1307 1431 1491 1469 mentem

154 1487 427 1528 exturbarent
463 1501 620 1540 meam,
662 1487 802 1527 subita
840 1487 1018 1528 defectio
1055 1487 1252 1541 Pompei,
1293 1488 1490 1528 alienat-io

155 1546 386 1599 consulum,
412 1546 539 1586 etiam
563 1548 818 1599 praetorum,
844 1546 973 1586 timor
998 1546 1332 1600 publicanorum,
1365 1561 1491 1586 arma.

102 1616 135 1641 25
154 1604 370 1645 Lacrimae
410 1618 601 1645 meorum
640 1618 707 1644 me
749 1604 801 1644 ad
839 1607 1020 1645 mortem
1061 1605 1121 1645 ire
1160 1605 1491 1659 prohibuerunt3

156 1663 269 1716 quod
310 1665 419 1702 certe
458 1665 498 1703 et
535 1662 587 1702 ad
622 1662 888 1702 honestatem
926 1665 966 1702 et
1004 1663 1056 1702 ad
1087 1663 1348 1718 effugiendos
1386 1663 1493 1703 into-

154 1721 351 1762 lerabiles
384 1720 548 1761 dolores
586 1720 667 1760 fuit
699 1721 975 1774 aptissimum.
1039 1719 1121 1761 Sed
1153 1722 1201 1761 de
1232 1721 1314 1761 hoc
1345 1721 1492 1775 scripsi

155 1780 208 1820 ad
239 1783 280 1820 te
313 1779 356 1819 in
389 1794 436 1819 ea
468 1778 656 1832 epistola,
690 1793 815 1832 quam
841 1778 1097 1819 Phaethonti
1124 1779 1229 1819 dedi.
1278 1778 1403 1820 Nunc
1433 1782 1492 1833 tu,

156 1838 356 1892 quoniam
399 1837 442 1877 in
485 1840 651 1877 tantum
692 1837 854 1877 luctum
894 1837 1166 1891 laboremque
1208 1837 1400 1878 detrusus
1438 1852 1493 1892 es,

103 1910 136 1934 30
157 1899 362 1950 quantum
398 1910 521 1936 nemo
555 1910 771 1949 umquam,
810 1896 845 1936 si
882 1896 1019 1936 levare
1056 1898 1195 1949 potest
1227 1910 1493 1936 communem

157 1969 298 1996 casum
330 1954 617 1995 misericordia
648 1954 880 2007 hominum,
912 1954 1072 1995 scilicet
1103 1954 1349 1995 incredibile
1375 1954 1494 2008 quid-

158 2014 253 2054 dam
279 2013 536 2066 adsequeris,
568 2012 633 2052 sin
658 2012 780 2066 plane
807 2013 1047 2067 occidimus,
1072 2027 1139 2053 me
1164 2013 1382 2054 miserum!
1414 2027 1492 2068 ego

157 2072 353 2113 omnibus
385 2071 489 2111 meis
521 2071 650 2111 exitio
689 2071 824 2125 fuero,
864 2071 1017 2125 quibus
1055 2074 1150 2112 ante
1184 2071 1375 2112 dedecori
1407 2086 1493 2112 non

157 2145 281 2171 eram.
344 2129 426 2171 Sed
456 2132 514 2183 tu,
546 2132 593 2169 ut
625 2132 720 2169 ante
752 2129 804 2170 ad
834 2132 875 2170 te
908 2129 1072 2183 scripsi,
1110 2130 1298 2183 perspice
1331 2144 1419 2170 rem
1452 2132 1492 2170 et
1518 2139 1539 2170 5
1596 2131 1600 2134 ’

103 2201 137 2225 35
156 2191 394 2243 pertempta
425 2190 465 2228 et
497 2187 549 2228 ad
579 2202 664 2241 me,
695 2190 742 2228 ut
772 2190 964 2241 tempora
994 2191 1150 2242 nostra,
1181 2202 1267 2228 non
1298 2190 1345 2228 ut
1376 2203 1494 2229 amor

157 2250 254 2288 tuus
291 2248 391 2301 fert,
428 2260 524 2287 vere
560 2246 783 2299 perscribe.
845 2246 938 2301 Ego
970 2246 1119 2300 vitam,
1158 2246 1297 2299 quoad
1332 2247 1492 2300 putabo

156 2308 230 2346 tua
268 2305 469 2346 interesse
510 2307 582 2345 aut
619 2304 672 2344 ad
708 2318 825 2358 spem
865 2305 1111 2345 servandam
1143 2319 1248 2359 esse,
1289 2305 1493 2346 retinebo.
