1659 2552
102 323 120 352 10

148 97 235 138 244
650 93 990 129 EPISTULARUM

148 208 236 234 esse
269 194 546 245 commotum,
579 194 620 231 et
652 205 730 245 ego
763 190 842 230 tibi
876 188 1413 242 accuraterescripseram,
1445 190 1493 229 ut

148 266 232 306 quo
264 251 391 292 modo
431 250 474 290 in
511 250 586 290 tali
619 264 663 289 re
697 252 822 302 atque
861 250 1052 301 tempore
1084 249 1157 287 aut
1193 247 1419 288 liberarem
1451 250 1492 288 te

149 311 230 351 ista
261 324 360 351 cura
397 311 470 349 aut
508 311 619 349 certe
651 308 844 348 levarem.
908 305 1007 359 Sed,
1049 305 1249 359 quoniam
1286 305 1493 359 proximis
1531 349 1533 351 ,

149 383 317 423 quoque
349 368 503 409 litteris
535 366 737 420 ostendis,
771 368 951 419 quantae
983 364 1064 405 tibi
1096 378 1219 405 curae
1251 364 1306 405 sit
1337 379 1385 405 ea
1416 378 1493 419 res,

148 429 219 482 sic,
250 427 309 468 mi
334 426 473 477 Paete,
505 426 671 479 habeto,
704 424 906 478 quiequid
931 426 1020 464 arte
1046 423 1138 464 fieri
1170 423 1358 477 potuerit
1389 421 1493 478 (non

150 487 262 528 enim
300 486 383 526 iam
422 485 523 525 satis·
556 487 617 524 est
650 483 826 523 001181110
858 496 1066 538 pugnare3
1104 482 1332 522 artificium
1364 481 1494 536 quod-

150 546 246 586 dam
279 544 604 599 excogitandum
637 540 730 598 est),
763 541 836 582 sed
866 544 1020 595 tamen,
1052 541 1255 594 quicquid
1286 540 1493 581 elaborari

150 607 223 645 aut
254 603 364 644 effici
397 602 584 657 potuerit
611 601 662 641 ad
688 601 868 641 istorum
900 600 1239 641 benevolentiam
1271 599 1494 640 concilian—

151 663 247 703 dam
289 665 329 702 et
373 660 686 714 conligendum,
728 673 893 700 summo
935 659 1075 699 studio
1115 673 1183 699 me
1224 661 1494 700 consecutum

151 736 258 775 esse,
291 735 365 761 nee
398 715 571 773 frustra,
604 721 651 759 ut
683 718 886 772 arbitror,
925 718 984 758 sic
1015 717 1128 758 enim
1161 718 1293 771 color,
1332 717 1392 758 810
1423 717 1494 758 ob-

151 794 296 821 servor
332 779 384 819 ab
424 778 621 819 omnibus
659 777 728 831 iis,
767 777 839 830 qui
877 791 901 817 a
939 776 1115 817 Caesare
1153 776 1407 832 diliguntur,
1447 779 1495 816 ut

153 839 204 879 ab
233 838 283 878 iis
309 852 375 878 me
402 837 533 877 amari
559 838 716 890 putem.
756 835 942 876 Tametsi
968 850 1053 875 non
1085 835 1208 876 facile
1241 835 1497 876 diiudicatur

153 912 272 937 amor
308 911 431 937 verus
469 899 510 936 et
547 896 688 949 fietus,
730 895 811 935 nisi
853 894 1026 948 aliquod
1065 894 1214 934 incidit
1252 894 1341 934 eius
1380 893 1495 935 modi

153 959 336 1009 tempus,
374 958 421 995 ut
459 954 578 1008 quasi
616 968 765 994 aurum
803 953 893 1008 igni
934 953 994 994 810
1037 952 1324 994 benivolentia
1360 952 1496 993 fidelis

152 1014 340 1069 periculo
373 1014 515 1067 aliquo
546 1013 728 1067 perspici
760 1012 911 1067 possit3
944 1014 1080 1053 cetera
1105 1014 1203 1052 sunt
1234 1012 1356 1067 signa
1386 1025 1496 1052 com-

153 1073 314 1127 munia,
356 1073 428 1113 sed
466 1086 543 1128 ego
582 1086 666 1112 11110
699 1074 797 1112 utor
835 1074 1102 1126 argumento,
1144 1085 1270 1124 quam
1311 1070 1366 1111 ob
1407 1084 1495 1111 rem

154 1147 220 1173 me
259 1147 310 1172 ex
347 1131 488 1172 animo
526 1144 706 1184 vereque
745 1130 928 1170 arbitrer
965 1129 1103 1185 diligi,
1143 1129 1242 1183 quia
1273 1132 1314 1170 et
1350 1132 1496 1170 nostra

155 1193 326 1231 fortuna
359 1205 405 1231 ea
437 1192 499 1230 est
532 1192 573 1230 et
604 1189 787 1242 illorum,
820 1192 867 1229 ut
899 1188 1126 1229 simulandi
1159 1202 1282 1228 causa
1312 1202 1398 1229 non
1429 1188 1495 1229 sit.

108 1262 127 1291 3
154 1249 217 1290 De
250 1249 324 1289 illo
357 1251 515 1297 autem,
557 1262 682 1301 quem
719 1262 847 1302 penes
885 1250 947 1288 est
979 1247 1116 1288 omnis
1146 1250 1350 1301 potestas,
1389 1247 1496 1287 nihil

156 1308 276 1348 video
328 1307 442 1360 quod
486 1307 680 1360 timeam,
728 1306 811 1347 nisi
852 1306 966 1359 quod
1006 1305 1148 1345 omnia
1187 1308 1284 1345 sunt
1324 1306 1495 1359 incerta,

156 1381 251 1407 cum
282 1381 305 1406 a
336 1366 427 1406 iure
459 1365 686 1406 discessum
718 1367 791 1419 est,
822 1379 900 1405 1100
923 1364 1128 1418 praestari
1155 1364 1379 1418 quiequam
1404 1366 1496 1418 pot-

156 1428 218 1465 est
265 1425 388 1478 quale
425 1425 617 1464 futurum
655 1424 726 1477 sit,
777 1423 890 1476 quod
927 1423 1114 1476 positum
1152 1425 1215 1463 est
1247 1423 1290 1463 in
1322 1423 1495 1463 alterius

156 1484 390 1536 voluntate,
427 1497 479 1523 ne
518 1482 653 1523 dicam
690 1482 888 1522 libidine:
947 1480 1029 1522 Sed
1065 1484 1206 1522 tamen
1244 1482 1332 1522 eius
1364 1482 1496 1535 ipsius

156 1542 271 1582 nulla
303 1556 347 1582 re
380 1557 403 1582 a
434 1555 500 1581 me
533 1542 715 1582 offensus
747 1544 809 1581 est
847 1541 1029 1595 animus3
1067 1542 1130 1581 est
1161 1540 1274 1580 enim
1307 1540 1497 1581 adhibita

158 1602 199 1641 111
241 1615 287 1641 ea
327 1615 371 1641 re
414 1601 504 1653 ipsa
543 1614 707 1640 summa
747 1614 770 1640 a
809 1599 933 1640 nobis
970 1599 1216 1640 moderatio.
1283 1598 1344 1640 Ut
1384 1599 1496 1640 enim

157 1659 259 1700 olim
296 1659 535 1699 arbitrabar
572 1673 660 1699 esse
697 1673 839 1699 meum
876 1658 1008 1698 libere
1046 1657 1181 1712 loqui,
1220 1658 1338 1698 0111118
1371 1672 1497 1712 opera

157 1721 265 1759 esset
296 1718 340 1758 in
373 1717 542 1758 civitate
574 1717 765 1771 libertas,
804 1717 863 1757 810
895 1731 941 1757 ea
972 1731 1085 1757 1111110
1116 1716 1268 1757 amissa
1299 1716 1406 1757 nihil
1438 1716 1496 1758 10-

158 1777 246 1831 qui,
289 1776 402 1830 quod
439 1776 623 1817 offendat
661 1778 733 1816 aut
772 1775 886 1816 illius
924 1778 996 1816 aut
1028 1790 1191 1830 eorum,
1233 1775 1305 1829 qui
1337 1775 1389 1816 ab
1422 1775 1495 1816 illo

157 1836 409 1890 diliguntur,
447 1835 719 1875 voluntatem.
782 1833 982 1889 Effugere
1014 1837 1155 1875 autem
1187 1833 1221 1874 si
1253 1833 1380 1874 velim
1411 1848 1496 1875 non

156 1895 370 1935 nullorum
411 1897 530 1934 acute
569 1896 640 1934 aut
678 1894 810 1934 facete
850 1893 1059 1934 dictorum
1092 1892 1352 1946 opinionem,
1385 1893 1496 1933 fama

159 1953 316 2009 ingenii
349 1952 455 1993 mihi
489 1953 543 1993 sit
581 1952 816 2007 abieienda3
858 1952 972 2006 quod
1003 1952 1038 1992 si
1072 1951 1163 2005 [id]
1196 1965 1379 2005 possem,
1410 1965 1495 1991 non

158 2026 402 2053 recusarem.
449 2010 530 2052 Sed
562 2014 702 2051 tamen
735 2011 823 2065 ipse
851 2010 1002 2051 Caesar
1031 2010 1160 2050 habet
1190 2023 1360 2063 peracre
1391 2009 1496 2050 iudi-

158 2071 280 2124 cium,
313 2073 365 2124 et,
398 2072 445 2110 ut
472 2069 654 2123 Servius,
686 2070 817 2110 frater
842 2073 952 2121 tuus,
985 2083 1109 2122 quem
1140 2067 1496 2108 litteratissimum

158 2130 285 2169 fuisse
327 2129 486 2183 iudico,
527 2129 648 2169 facile
691 2128 864 2169 diceret:
906 2127 1009 2168 ‘Hie
1049 2141 1193 2168 versus
1229 2126 1370 2166 Plauti
1411 2141 1495 2168 non

159 2190 231 2241 est,
263 2187 333 2227 hio
364 2188 459 2241 est',
498 2187 611 2241 quod
642 2187 764 2227 tritas
797 2187 909 2227 auris
939 2186 1115 2227 haberet
1142 2185 1342 2226 notandis
1374 2199 1495 2241 gene—

160 2246 275 2286 ribus
306 2249 527 2299 poetarum
553 2248 595 2286 et
621 2244 1126 2300 consuetudine-legendi,
1159 2244 1217 2284 sie
1246 2243 1370 2284 audio
1398 2243 1496 2285 Cae-

160 2318 310 2357 sarem,
355 2318 448 2345 cum
486 2304 703 2345 volumina
740 2305 823 2345 iam
862 2303 1089 2345 confecerit
1131 2302 1496 2356 ἀποφθεγμάτων,

1515 729 1548 753 10

1516 1022 1548 1047 15

1516 1317 1549 1341 20

1517 1609 1549 1634 25

1515 1903 1548 1928 30

1515 2195 1548 2220 35
