1659 2552
139 423 158 453 [ὗ

136 2128 157 2157 4

185 81 269 121 528
694 82 1032 117 EPISTULARUM

185 175 339 218 Postea
382 179 481 218 sunt
523 177 626 219 haec
669 180 783 218 acta:
827 177 938 219 Non.
979 177 1080 232 Apr.
1124 179 1293 219 senatus
1337 178 1530 220 consulto

184 235 388 291 Pompeio
420 237 598 290 pecunia
631 236 796 277 decreta
828 237 871 277 in
905 251 992 278 rem
1025 237 1347 278 frumentariam
1379 237 1432 278 ad
1455 236 1529 279 HS

187 294 354 350 (dcccv,
389 294 471 336 Sed
491 295 637 336 eodem
665 296 730 336 die
751 295 1022 336 vehementer
1043 298 1183 337 actum
1204 296 1253 336 de
1280 310 1382 352 agro
1411 295 1530 337 Cam-

184 368 295 407 pano
322 354 503 394 clamore
535 356 703 395 senatus
734 368 866 408 prope
899 354 1140 395 contionali.
1190 354 1411 396 Acriorem
1437 369 1530 396 cau-

187 427 275 453 sam
306 413 451 467 inopia
481 413 682 466 pecuniae
714 413 896 454 faciebat
928 416 970 454 et
1001 428 1190 454 annonae
1223 414 1385 454 caritas,
1429 413 1530 455 Non

185 472 521 526 paneteimittam
559 486 610 512 ne
649 472 755 512 illud
793 471 980 526 quidem:
1017 471 1073 512 M.
1105 471 1282 513 Furium
1320 471 1529 526 Flaccum,

186 530 371 584 equitem
412 530 671 585 Romanum,
719 530 935 572 hominem
972 545 1174 585 nequam
1220 529 1450 585 Capitolini
1489 534 1531 572 et

188 588 460 630 Mercuriiles
493 589 542 629 de
569 589 748 645 collegio
781 590 994 630 eiecerunt
1024 592 1288 643 piaesentem
1320 590 1372 631 ad
1402 589 1530 645 pedes

187 648 311 688 unius
344 648 545 701 cuiusque
579 648 799 690 iacentem.
851 647 1056 688 Exiturus

276 706 356 761 [VI
391 707 522 761 1—3]
565 723 604 749 a.
639 707 674 748 d.
707 719 789 748 VIII
826 706 926 748 Idus
957 707 1126 762 Apriles
1164 707 1378 761 sponsalia
1410 706 1529 748 Cras-
1551 722 1583 745 10
1644 728 1646 754 ς

186 766 320 819 sipedi
352 765 539 819 praebui.
601 766 713 807 Huic
746 766 940 807 convivio
971 781 1077 821 puer
1109 767 1312 820 optimus,
1345 766 1528 815 Quintus

186 827 284 865 tuus
309 839 522 879 meusque,
555 825 669 879 quod
693 825 920 879 perleviter
946 828 1182 866 commotus
1208 826 1356 879 fuerat,
1383 825 1528 866 defuit.

186 882 235 924 A.
270 883 305 924 d.
338 895 403 924 VII
434 882 534 924 Idus
564 884 735 938 Apriles
766 885 862 925 veni
901 884 953 925 ad
985 883 1191 933 Quintum
1228 898 1408 938 eumque
1439 884 1528 924 vidi

186 943 308 996 plane
346 942 578 997 integrum,
619 943 885 997 multumque
918 943 953 983 is
992 957 1157 984 mecum
1190 957 1426 984 sermonem
1457 942 1528 984 ha-

186 1001 280 1041 buit
306 1004 347 1042 et
370 1002 680 1055 perhumanum
707 1002 756 1043 de
777 1002 997 1043 discordiis
1022 1002 1249 1042 mulierum
1274 1005 1527 1043 nostrarum.
1548 1014 1581 1039 15
1619 998 1629 1058 ,ἶ

187 1060 298 1108 Quid
329 1061 524 1114 quaeris?
556 1061 664 1101 nihil
695 1061 898 1102 festivius.
960 1060 1195 1115 Pomponia
1227 1063 1367 1102 autem
1399 1061 1528 1102 etiam

188 1119 236 1160 de
274 1122 315 1160 te
354 1123 501 1173 questa
539 1123 618 1174 est3
659 1120 731 1160 sed
768 1120 871 1161 haec
902 1134 1043 1160 coram
1081 1134 1263 1175 agemus.
1325 1119 1365 1160 A
1395 1133 1527 1174 puero

186 1181 233 1218 ut
267 1178 449 1231 discessi,
481 1179 525 1218 in
557 1193 697 1219 aream
728 1181 846 1219 tuam
872 1179 978 1219 veni.
1035 1178 1118 1219 Res
1151 1178 1356 1234 agebatur
1379 1178 1527 1219 multis

187 1237 479 1277 structoribus.
529 1237 776 1293 Longilium
808 1238 1118 1291 redemptorem
1145 1237 1390 1278 cohortatus
1421 1251 1527 1278 sum.

188 1295 333 1337 Fidem
370 1296 476 1336 mihi
515 1296 697 1337 faciebat
734 1310 776 1337 se
815 1297 921 1337 velle
962 1296 1085 1337 nobis
1125 1297 1301 1350 placere.
1363 1295 1526 1336 Domus
1546 1308 1580 1333 20

186 1355 266 1395 erit
309 1355 500 1410 egregia3
549 1355 684 1410 magis
728 1355 840 1395 enim
885 1355 998 1395 cerni
1042 1355 1125 1395 iam
1168 1357 1355 1408 poterat,
1399 1369 1525 1408 quam

186 1416 391 1467 quantum
424 1428 474 1453 ex
513 1414 648 1453 forma
686 1413 992 1467 iudicabamus3
1030 1413 1215 1467 itemque
1246 1415 1392 1453 nostra
1423 1412 1526 1454 cele-

185 1472 288 1512 riter
320 1471 630 1512 aedificabatur.
692 1471 757 1512 Eo
790 1472 855 1512 die
889 1471 1031 1512 cenavi
1073 1471 1185 1525 apud
1217 1470 1525 1525 Crassipedem3

186 1533 355 1571 cenatus
382 1530 426 1570 in
451 1530 598 1571 hortos
624 1530 676 1570 ad
700 1530 951 1584 Pompeium
976 1530 1123 1571 lectica
1149 1530 1259 1570 latus
1285 1545 1389 1571 sum.
1420 1529 1525 1571 Luci

185 1603 280 1629 eum
307 1589 530 1629 convenire
556 1603 641 1629 non
672 1592 905 1643 potueram,
939 1589 1052 1643 quod
1077 1590 1256 1643 afuerat3
1289 1588 1429 1629 videre
1456 1603 1526 1629 au-
1545 1601 1578 1626 25
1612 1591 1613 1595 ’

184 1650 270 1688 tem
303 1647 497 1688 volebam
508 1682 518 1701 ,
551 1648 663 1701 quod
695 1663 809 1689 eram
840 1648 1044 1702 postridie
1075 1647 1213 1689 Roma
1244 1648 1451 1701 exiturus,
1484 1649 1526 1688 et

185 1706 298 1760 quod
336 1707 406 1747 ille
445 1707 488 1747 in
521 1705 758 1747 Sardiniam
796 1707 878 1748 iter
913 1707 1108 1747 habebat.
1169 1706 1399 1747 Hominem
1431 1720 1526 1747 con-

184 1765 278 1806 veni
312 1768 353 1806 et
385 1765 437 1805 ab
471 1780 519 1806 eo
551 1766 700 1819 petivi,
742 1768 789 1806 ut
821 1780 947 1820 quam
984 1766 1169 1820 primum
1207 1767 1249 1806 te
1279 1765 1403 1806 nobis
1435 1765 1524 1806 red-

185 1824 311 1864 deret.
376 1823 529 1865 Statim
575 1825 692 1865 dixit.
755 1824 860 1866 Erat
904 1827 1044 1865 autem
1085 1825 1241 1878 iturus,
1286 1826 1333 1864 ut
1373 1823 1523 1878 aiebat,

183 1898 216 1923 a.
251 1883 286 1923 d.
319 1894 368 1923 111
399 1881 459 1923 Id.
492 1882 643 1937 April„
677 1885 723 1923 ut
755 1886 827 1924 ant
858 1883 1052 1924 Labrone
1085 1885 1158 1923 aut
1188 1882 1298 1923 Pisis
1329 1896 1523 1923 001180011-
1542 1894 1577 1919 30

184 1942 310 1982 deret.
372 1940 454 1995 Tu,
495 1942 552 1982 mi
592 1942 738 1995 frater,
779 1942 906 1982 simul
937 1944 984 1982 ut
1016 1942 1087 1982 ille
1119 1941 1302 1995 venerit,
1342 1941 1523 1995 primam

183 2000 518 2065 navigationem,
570 2000 668 2041 dum
713 2001 838 2041 modo
884 2000 1033 2041 idonea
1082 2003 1310 2054 tempestas
1353 1999 1428 2053 sit,
1470 2013 1523 2040 ne

185 2059 385 2099 omiseris

272 2116 393 2171 [VII]
427 2116 476 2158 A.
514 2117 549 2157 d.
588 2129 635 2157 vl
665 2116 765 2158 Idus
803 2117 937 2171 April.
976 2120 1072 2158 ante
1113 2117 1249 2157 lucem
1288 2115 1397 2156 hanc
1438 2117 1522 2170 epi-

183 2176 335 2216 stolam
374 2176 603 2230 conscripsi
642 2190 838 2230 eramque
871 2176 914 2216 in
946 2176 1114 2229 itinere,
1153 2177 1200 2215 ut
1231 2189 1280 2215 eo
1313 2174 1379 2215 die
1411 2175 1522 2229 apud
1542 2185 1586 2219 3⁵.
1645 2170 1651 2178 ”

183 2234 227 2274 T.
260 2234 420 2275 Titium
454 2235 496 2275 in
528 2235 755 2290 Anagnino
787 2249 1020 2288 manerem⁷
1058 2233 1261 2288 postridie
1299 2235 1439 2274 autem
1478 2233 1522 2274 in

181 2292 351 2334 Laterio
378 2293 631 2348 cogitabam,
663 2293 771 2346 inde,
804 2307 898 2334 cum
930 2294 973 2334 in
999 2291 1197 2347 Arpinati
1222 2291 1408 2345 quinque
1435 2291 1522 2333 dies
