1659 2552
355 628 444 670 AD
488 628 808 678 QUINTUM
851 628 1185 670 FRATREM

575 721 715 754 LIBER
747 721 960 756 TERTIUS.

746 827 777 869 I.

499 909 573 944 Ser.
600 921 644 944 m.
672 908 767 953 Sept.
794 921 827 944 α.
855 912 927 944 700
954 911 1043 953 (54).

61 1006 78 1031 5
331 990 523 1025 MARCUS
551 989 730 1032 QUINTO
762 990 941 1024 FRATRI
967 990 1201 1025 SALUTEM.

186 1075 280 1131 Ego
322 1089 373 1116 ex
413 1074 578 1130 magnis
620 1074 830 1115 caloribus
872 1072 976 1130 (non
1017 1074 1129 1114 enim
1168 1073 1480 1114 meminimus1

97 1132 298 1189 maiores)
330 1133 374 1173 in
404 1133 603 1187 Arpinati
645 1148 808 1173 summa
840 1147 934 1173 cum
967 1133 1220 1173 amoenitate
1251 1131 1440 1172 fluminis

98 1207 166 1233 me
203 1192 331 1233 refeci
367 1192 564 1232 ludorum
603 1191 750 1232 diebus
786 1191 1020 1232 Philotimo
1061 1191 1292 1232 tribulibus
1330 1204 1440 1230 com-

99 1250 316 1292 mendatis.
378 1249 428 1290 In
464 1250 631 1291 Arcano
671 1265 703 1290 a.
737 1250 772 1289 d.
811 1262 879 1290 1111
915 1248 1014 1290 Idus
1055 1248 1325 1304 Septembres
1365 1248 1438 1288 fui.

47 1323 80 1346 10
99 1309 166 1350 Ibi
196 1309 447 1350 Mescidium
480 1323 573 1349 cum
598 1308 834 1349 Philoxeno
868 1323 1115 1363 aquamque,
1147 1323 1273 1362 quam
1305 1307 1335 1347 ii
1368 1307 1440 1347 du-

100 1368 250 1409 cebant
290 1381 376 1408 non
415 1367 542 1422 longe
583 1382 606 1407 a
646 1367 764 1420 villa,
808 1367 917 1408 belle
958 1382 1056 1408 sane
1098 1367 1300 1408 fluentem
1341 1365 1440 1419 vidi,

99 1426 347 1481 praesertim
386 1426 571 1466 maxima
612 1426 816 1481 siccitate,
860 1426 1183 1480 uberioremque
1221 1425 1439 1478 aliquanto

100 1499 189 1525 sese
209 1485 472 1525 conlecturos
498 1499 585 1525 esse
613 1484 817 1525 dicebant.
861 1484 989 1538 Apud
1013 1483 1176 1525 Herum
1202 1486 1313 1524 recte
1340 1485 1439 1523 erat.

99 1542 150 1584 In
174 1542 406 1583 Maniliano
440 1543 595 1583 offendi
626 1543 849 1596 Diphilum
881 1543 1057 1597 Diphilo
1089 1543 1336 1595 tardiorem3
1369 1541 1441 1581 sed

50 1614 82 1638 15
101 1604 242 1642 tamen
279 1601 387 1641 nihil
426 1601 463 1641 ei
502 1601 687 1641 restabat
723 1605 890 1655 praeter
927 1601 1142 1641 balnearia
1173 1604 1214 1641 et
1255 1600 1442 1640 ambula—

101 1660 261 1700 tionem
282 1661 323 1699 et
342 1659 557 1699 aviarium.
600 1659 717 1699 Villa-
741 1659 846 1699 mihi
872 1660 992 1700 valde
1017 1660 1187 1713 placuit,
1217 1661 1441 1712 propterea

103 1718 217 1772 quod
260 1732 466 1758 summam
511 1717 761 1772 dignitatem
809 1718 1097 1770 pavimentata
1139 1716 1442 1771 porticus—ha-

103 1776 242 1829 bebat,
281 1776 394 1829 quod
423 1775 530 1815 mihi
561 1790 672 1815 nunc
711 1775 889 1828 denique
922 1775 1134 1829 apparuit,
1165 1778 1441 1829 posteaquam

104 1837 145 1875 et
177 1835 267 1888 ipsa
303 1836 394 1874 tota
424 1836 557 1887 patet,
599 1836 640 1874 et
673 1833 889 1874 columnae
926 1834 1083 1887 politae
1116 1836 1223 1873 sunt.
1286 1832 1441 1873 Totum

51 1905 84 1930 20
105 1893 148 1933 in
181 1907 229 1933 eo
262 1895 341 1946 est,
374 1892 487 1945 quod
517 1891 623 1932 mihi
656 1892 735 1932 erit
767 1906 910 1945 curae,
941 1892 1167 1932 tectorium
1199 1894 1245 1932 ut
1278 1891 1442 1931 concin-

103 1966 206 1992 num
247 1951 311 1991 sit.
373 1949 620 1990 Pavimenta
660 1952 771 1990 recte
812 1951 904 1991 fieri
943 1950 1216 2005 videbantur3
1257 1963 1442 1990 cameras

105 2009 306 2063 quasdam
343 2023 428 2049 non
468 2008 645 2062 probavi
682 2009 921 2062 mutarique
961 2009 1074 2049 iussi.
1137 2008 1228 2057 Quo
1266 2009 1359 2049 loco
1397 2007 1441 2048 in
1468 2019 1487 2048 ‘2

103 2068 271 2122 porticu
296 2070 337 2108 te
364 2067 545 2107 scribere
573 2067 690 2107 aiunt
720 2069 767 2107 ut
799 2067 998 2108 atriolum
1029 2068 1115 2121 fiat,
1145 2067 1264 2120 mihi,
1295 2069 1342 2106 ut
1368 2069 1442 2120 est,

104 2127 240 2181 magis
270 2125 474 2180 placebat.
534 2125 683 2179 Neque
715 2126 826 2166 enim
855 2126 956 2166 satis
986 2126 1069 2166 loci
1099 2125 1323 2166 videbatur
1354 2139 1441 2166 esse

54 2196 86 2221 25
106 2184 276 2238 atriolo,
314 2198 438 2236 neque
474 2184 560 2224 fere
598 2183 705 2224 solet
740 2184 823 2224 nisi
860 2184 904 2224 in
940 2184 992 2224 iis
1025 2184 1225 2224 aedificiis
1256 2183 1364 2237 fieri,
1397 2183 1442 2224 in

106 2243 260 2296 quibus
291 2246 354 2283 est
385 2242 540 2283 atrium
570 2242 705 2282 maius
715 2275 726 2295 7
756 2256 833 2282 nec
862 2242 1018 2282 habere
1047 2244 1215 2296 poterat
1246 2242 1442 2282 adiuncta

107 2301 299 2342 cubicula
331 2304 371 2342 et
404 2300 492 2342 eius
523 2300 639 2340 modi
670 2300 868 2341 membra.
900 2300 1025 2341 Nunc
1050 2301 1080 2354 †
1105 2300 1186 2341 hoc
1216 2300 1284 2340 vel
1313 2300 1441 2341 hone-
