1659 2552
597 83 740 118 LIBER
765 83 815 118 IV
841 87 966 119 9—11.
1401 84 1456 124 97

116 180 266 236 ipsum,
298 182 452 234 tamen,
485 193 580 220 cum
606 179 867 234 Theophilus
892 180 1242 234 proficisceretur,
1272 194 1358 220 non
1389 194 1462 234 po-

116 239 180 280 tui
219 238 329 280 nihil
369 239 407 279 ei
447 238 688 280 litterarum
730 239 838 280 dare.
902 237 1013 279 Cura
1052 239 1205 294 igitur,
1246 241 1294 278 ut
1335 252 1461 292 quam

115 298 302 353 primum
339 297 501 352 venias3
544 297 687 338 venies
720 297 852 351 enim,
889 297 997 338 mihi
1029 297 1167 351 crede,
1206 300 1462 351 expectatus,

115 371 252 411 neque
284 356 421 397 solum
453 356 595 410 nobis,
633 356 677 396 id
715 358 777 397 est
807 356 913 411 tuis,
945 356 1019 407 sed
1047 370 1221 410 prorsus
1253 356 1461 397 omnibus.

80 426 97 452 5
116 414 248 456 Venit
285 415 398 456 enim
435 414 543 455 mihi
580 415 624 455 in
661 417 847 456 mentem
884 414 1102 456 subvereri
1139 415 1370 470 interdum,
1410 429 1463 455 ne

116 477 158 515 te
191 474 369 515 delectet
401 473 521 514 tarda
553 473 747 514 decessio.
799 473 957 522 Quodsi
982 473 1147 514 nullum
1172 473 1349 515 haberes
1375 488 1464 514 sen-

117 547 210 573 sum
242 532 325 573 nisi
358 532 595 585 oculorum,
633 546 806 586 prorsus
837 532 918 573 tibi
956 532 1236 588 ignoscerem,
1274 532 1310 573 si
1342 546 1464 586 quos-

119 591 216 632 dam
248 591 383 632 nolles
414 591 575 644 videre3
607 591 690 645 sed,
723 605 819 631 cum
849 591 1010 632 leviora
1039 606 1126 632 non
1151 591 1287 632 multo
1314 593 1464 645 essent,

120 664 227 704 quae
259 650 517 703 audirentur,
550 663 676 703 quam
709 664 815 703 quae
846 650 1102 705 viderentur,
1134 650 1370 705 suspicarer
1395 664 1464 690 au-

68 720 100 745 10
120 711 206 749 tem
238 709 421 749 multum
453 708 654 749 interesse
686 708 747 749 rei
778 708 1000 750 familiaris
1028 711 1125 750 tuae
1155 712 1198 750 te
1230 723 1356 763 quam
1381 708 1465 763 pri-

118 782 239 808 mum
270 767 431 821 venire,
463 766 590 820 idque
622 766 665 807 in
699 767 836 808 omnis
867 768 1001 821 partis
1031 768 1208 822 valeret,
1238 768 1386 822 putavi
1418 782 1466 808 ea

122 826 172 866 de
205 839 249 867 re
281 828 323 867 te
355 840 442 867 esse
469 825 791 866 admonendum.
855 825 949 880 Sed,
981 827 1193 881 quoniam,
1225 826 1329 880 quid
1358 826 1466 867 mihi

118 884 321 939 placeret,
360 884 542 939 ostendi,
580 884 743 938 reliqua
779 887 827 925 tu
863 899 941 939 pro
973 888 1047 926 tua
1076 885 1302 939 prudentia
1334 885 1467 926 consi-

122 943 307 998 derabis3
338 957 405 984 me
437 945 579 984 tamen
610 943 750 998 velim,
783 944 897 998 quod
928 944 981 985 ad
1011 947 1177 999 tempus
1208 946 1251 985 te
1277 946 1466 998 expecte-

66 1012 99 1038 15
121 1016 228 1057 mus,
261 1002 485 1043 certiorem
516 1001 656 1043 facias.

754 1129 826 1173 XI.

415 1223 489 1258 Ser.
517 1223 712 1268 Mytilenis
737 1235 782 1257 m.
813 1223 886 1258 Oct.
916 1235 950 1258 a.
979 1226 1052 1258 708
1079 1226 1169 1267 (46).

497 1316 782 1351 MARCELLUS
816 1316 1040 1351 CICERONI
1066 1316 1100 1352 S.

209 1411 449 1453 Plurimum
481 1413 663 1454 valuisse
695 1412 808 1467 apud
836 1427 904 1453 me
942 1415 1059 1453 tuam
1091 1427 1257 1467 semper
1288 1413 1467 1454 auctori-

69 1483 102 1508 20
121 1474 254 1513 tatem
286 1485 381 1512 cum
420 1471 464 1512 in
504 1471 619 1512 omni
656 1486 701 1512 re
741 1474 833 1512 tum
874 1471 918 1511 in
954 1471 1037 1512 hoc
1072 1472 1257 1512 maxime
1293 1472 1467 1528 negotio

122 1533 244 1584 potes
270 1530 522 1571 existimare.
574 1529 681 1571 Cum
706 1530 814 1570 mihi
840 1528 883 1570 C.
904 1529 1140 1584 Marcellus,
1172 1531 1304 1571 frater
1329 1546 1469 1571 aman—

123 1588 312 1629 tissimus
343 1589 438 1643 mei,
470 1603 556 1630 non
587 1589 725 1630 solum
752 1588 975 1629 consilium
1009 1589 1137 1643 daret,
1169 1589 1242 1630 sed
1271 1589 1468 1643 precibus

125 1661 292 1700 quoque
322 1661 390 1687 me
423 1647 679 1701 obsecraret,
710 1661 797 1688 non
827 1647 945 1701 prius
976 1647 1084 1688 mihi
1114 1648 1366 1702 persuadere
1396 1663 1469 1702 po-

125 1705 226 1758 tuit,
264 1719 391 1758 quam
427 1706 512 1746 tuis
544 1709 606 1747 est
639 1706 834 1747 effectum
865 1706 1037 1761 litteris,
1076 1709 1123 1746 ut
1154 1709 1296 1747 uterer
1326 1710 1467 1748 vestro

73 1774 106 1799 25
126 1763 395 1817 potissimum
432 1764 618 1805 consilio.
686 1763 769 1805 Res
808 1778 933 1818 quem
972 1765 1025 1804 ad
1059 1765 1234 1805 modum
1272 1765 1327 1806 sit
1365 1768 1469 1820 acta,

126 1824 289 1863 vestrae
319 1821 486 1862 litterae
516 1822 624 1862 mihi
657 1822 879 1863 declarant.
938 1821 1176 1864 Gratulatio
1202 1826 1276 1864 tua
1302 1824 1381 1864 etsi
1407 1827 1470 1864 est

126 1880 233 1921 mihi
264 1880 585 1934 probatissima,
625 1881 738 1934 quod
769 1880 820 1921 ab
854 1881 1016 1934 optimo
1047 1882 1097 1922 fit
1135 1881 1294 1939 animo,
1319 1884 1469 1922 -tamen

126 1939 207 1980 hoc
249 1939 357 1979 mihi
399 1939 534 1979 multo
579 1939 801 1979 iucundius
845 1941 908 1979 est
951 1942 992 1980 et
1035 1940 1217 1994 gratius,
1269 1940 1383 1993 quod
1424 1940 1469 1980 in

128 2012 291 2038 summa
321 1998 533 2052 paucitate
565 1997 808 2050 amicorum,
839 1997 1176 2050 propinquorum
1208 2012 1256 2038 ac
1284 2012 1470 2039 necessa-

75 2067 109 2092 30
130 2056 303 2110 riorum,
336 2056 409 2110 qui
436 2070 533 2096 vere
557 2069 674 2096 meae
700 2055 826 2095 saluti
851 2056 1051 2109 faverent,
1082 2058 1124 2096 te
1151 2056 1469 2110 cupidissimum

128 2115 213 2156 mei
244 2115 586 2170 singularemque
617 2113 724 2154 mihi
749 2113 1088 2154 benevolentiam
1112 2114 1372 2168 praestitisse
1404 2129 1470 2156 co-

129 2173 268 2228 gnovi.
330 2172 510 2227 Reliqua
542 2175 639 2213 sunt
671 2172 759 2213 eius
790 2172 926 2226 modi,
959 2172 1113 2226 quibus
1145 2187 1235 2228 ego,
1268 2173 1468 2227 quoniam

128 2231 231 2272 haec
271 2234 390 2272 erant
429 2235 637 2286 tempora,
678 2230 799 2271 facile
832 2233 872 2271 et
904 2245 1037 2284 aequo
1075 2231 1215 2272 animo
1257 2232 1467 2287 carebam3

128 2289 211 2330 hoc
234 2305 333 2331 vero
367 2290 454 2331 eius
485 2290 601 2332 modi
628 2303 715 2331 esse
741 2291 892 2343 statuo,
925 2292 971 2330 ut
997 2290 1085 2331 sine
1111 2290 1260 2331 talium
1279 2291 1468 2332 virorum

201 2365 358 2390 Ciceronis
377 2365 463 2396 epist.
482 2366 505 2391 Ι.
1231 2361 1250 2392 7
