1659 2552
174 131 201 173 6
675 129 1015 166 EPISTULARUM

173 226 424 269 meritorum
454 229 626 269 tuorum
663 226 900 281 adsecutus,
942 228 1015 268 aut
1053 225 1103 267 de
1135 226 1315 269 aliorum
1347 226 1514 269 iniuriis

175 301 344 341 querar,
383 285 497 340 quod
533 285 622 327 sine
653 300 818 327 summo
852 285 996 326 dolore
1028 285 1164 326 facere
1195 300 1281 327 non
1311 286 1513 341 possum?

174 344 269 402 Ego
306 344 387 386 tibi
418 359 442 386 a
472 344 531 399 vi,
563 344 642 386 hac
678 344 926 399 praesertim
964 343 1256 386 imbecillitate
1293 344 1514 401 magistra-

173 406 307 458 tuum,
338 405 550 458 praestare
581 403 690 444 nihil
719 417 909 458 possum3
941 402 982 443 vi
1016 405 1190 457 excepta
1220 417 1393 457 possum
1418 417 1513 445 con-

172 462 342 504 firmare
373 464 415 503 te
447 465 488 503 et
518 465 687 503 senatus
718 465 759 503 et
789 461 936 516 populi
962 460 1145 502 Romani
1176 475 1341 504 summo
1373 462 1513 504 studio
1531 473 1550 500 5

174 521 497 576 amplitudinem
528 523 645 562 tuam
677 523 950 562 retenturum.

797 683 884 726 Va.

314 765 390 802 Ser.
425 765 560 800 Romae
595 765 737 800 circiter
771 765 866 800 Non.
896 765 1072 801 Februar.
1105 777 1138 800 α.
1173 768 1246 800 698
1280 767 1371 809 (56).

362 847 417 882 M.
442 847 632 882 CICERO
651 846 685 882 S.
707 847 756 881 D.
779 847 820 882 P.
843 847 1100 883 LENTULO
1120 847 1324 883 PROCOS.

261 930 447 972 Tametsi
478 931 585 972 mihi
616 931 726 972 nihil
750 931 831 972 fuit
858 931 1056 987 optatiuS,
1089 945 1216 986 quam
1247 933 1294 972 ut
1324 930 1511 986 primum
1532 945 1566 971 ιο

173 990 248 1031 abs
285 993 326 1031 te
364 990 473 1044 ipso,
513 990 662 1031 deinde
694 1005 717 1030 a
750 989 898 1031 ceteris
936 989 1133 1031 omnibus
1166 1004 1293 1044 quam
1323 989 1514 1046 gratissi-

171 1063 266 1090 mus
303 1063 403 1104 erga
441 1051 483 1090 te
515 1063 603 1090 esse
635 1062 926 1105 cognoscerer,
970 1051 1111 1090 tamen
1143 1048 1318 1090 adficior
1347 1062 1512 1090 summo

172 1108 317 1149 dolore
343 1108 432 1148 eius
457 1107 574 1149 modi
599 1110 792 1162 tempora
821 1110 918 1162 post
943 1109 1060 1148 tuam
1085 1107 1392 1162 profectionem
1417 1121 1513 1148 con-

171 1169 314 1207 secuta
351 1181 456 1221 esse,
495 1169 543 1207 ut
581 1169 622 1207 et
659 1181 796 1207 meam
834 1169 875 1207 et
916 1168 1151 1207 ceterorum
1184 1181 1283 1222 erga
1313 1168 1355 1208 te
1386 1165 1513 1207 fidem

171 1227 213 1266 et
244 1224 583 1266 benevolentiam
620 1224 769 1266 absens
802 1225 1055 1280 experirere3
1097 1227 1138 1266 te
1176 1225 1318 1266 videre
1350 1227 1391 1266 et
1422 1239 1512 1266 sen·
1531 1236 1565 1263 15

170 1283 252 1325 tire
295 1283 471 1325 eandem
513 1283 640 1324 fidem
684 1298 772 1324 esse
820 1283 1042 1324 hominum
1090 1283 1135 1324 in
1177 1286 1251 1324 tua
1294 1283 1512 1340 dignitate,

172 1357 299 1396 quam
331 1356 409 1398 ego
442 1342 486 1383 in
517 1356 609 1383 mea
641 1342 774 1382 salute
806 1356 900 1383 sum
931 1344 1139 1397 expertus,
1172 1356 1223 1383 ex
1248 1342 1333 1383 tuis
1357 1341 1512 1383 litteris

172 1400 374 1441 intellexi.
434 1399 526 1441 Nos
564 1415 658 1441 cum
695 1401 878 1441 maxime
919 1400 1112 1454 consilio,
1154 1400 1312 1455 studio,
1354 1400 1511 1455 labore,

170 1459 309 1514 gratia
341 1458 391 1500 de
423 1473 546 1499 causa
577 1459 693 1515 regia
723 1459 966 1513 niteremur,
998 1459 1139 1500 subito
1172 1461 1318 1500 exorta
1349 1461 1412 1500 est
1442 1473 1512 1500 ne-

171 1518 278 1558 faria
319 1516 492 1558 Catonis
531 1518 839 1573 promulgatio,
881 1531 987 1572 quae
1024 1519 1169 1558 nostra
1206 1517 1345 1558 studia
1383 1517 1511 1572 impe-
1531 1529 1565 1555 20

171 1576 281 1618 diret
319 1578 360 1617 et
398 1576 561 1617 animos
593 1591 615 1617 a
647 1576 811 1617 minore
850 1590 949 1616 cura
987 1575 1039 1616 ad
1070 1590 1282 1617 summum
1313 1576 1512 1617 timorem

170 1634 426 1689 traduceret,
465 1635 537 1676 sed
568 1637 726 1688 tamen,
765 1635 808 1676 in
840 1634 928 1676 eius
959 1635 1070 1676 modi
1099 1634 1419 1689 perturbatione
1450 1649 1512 1676 re-

170 1708 266 1734 rum
310 1708 565 1748 quamquam
610 1693 752 1735 omnia
801 1695 899 1734 sunt
940 1693 1181 1748 metuenda,
1224 1693 1334 1734 nihil
1375 1693 1512 1750 magis

171 1766 298 1806 quam
337 1752 559 1806 perfidiam
599 1753 797 1793 timemus
838 1754 878 1793 et
918 1751 1068 1793 Catoni
1108 1751 1298 1806 quidem,
1340 1766 1510 1806 quoquo

170 1810 296 1852 modo
335 1825 378 1851 se
409 1825 475 1852 res
512 1810 657 1866 habet,
698 1810 888 1865 profecto
921 1811 1174 1852 resistemus.
1235 1810 1299 1852 De
1329 1809 1511 1852 Alexan·
1531 1821 1564 1848 25

171 1869 292 1910 drina
331 1884 375 1910 re
416 1883 622 1924 causaque
663 1869 779 1925 regia
820 1872 985 1910 tantum
1025 1869 1162 1911 habeo
1193 1869 1402 1924 polliceri,
1443 1883 1510 1910 me

169 1927 251 1969 tibi
283 1927 447 1969 absenti
479 1929 647 1983 tuisque
678 1928 970 1983 praesentibus
1003 1928 1213 1969 cumulate
1249 1927 1348 1969 satis
1379 1927 1511 1968 factu-

169 2000 281 2042 rum,
323 1987 395 2028 sed
426 2001 589 2042 vereor,
631 2001 682 2028 ne
722 1989 795 2028 aut
832 1987 1037 2042 eripiatur
1074 2001 1197 2028 causa
1233 1985 1349 2042 regia
1385 1985 1510 2027 nobis

169 2048 243 2086 aut
275 2045 507 2101 deseratur3
540 2061 722 2101 quorum
754 2048 899 2087 utrum
929 2046 1070 2087 minus
1101 2045 1240 2100 velim,
1270 2058 1356 2085 non
1387 2044 1510 2086 facile

169 2118 343 2158 possum
375 2104 627 2146 existimare.
661 2103 754 2158 Sed,
786 2104 821 2145 si
847 2119 913 2146 res
945 2107 1078 2160 coget,
1111 2106 1173 2145 est
1204 2102 1404 2157 quiddam
1428 2105 1510 2144 ter-
1529 2115 1564 2141 so

171 2162 290 2217 tium,
323 2163 437 2216 quod
467 2178 603 2218 neque
636 2162 789 2204 Selicio
821 2177 898 2204 nec
927 2163 1035 2204 mihi
1066 2158 1331 2216 displicebat,
1362 2163 1410 2202 ut
1440 2175 1510 2203 ne-

171 2234 252 2274 que
284 2221 418 2263 iacere
449 2223 629 2278 †regem
660 2224 902 2276 pateremur
925 2235 1001 2262 nec
1025 2220 1149 2262 nobis
1174 2219 1511 2276 repugnantibus

170 2278 223 2319 ad
261 2293 355 2319 eum
395 2280 564 2334 deferri,
603 2280 655 2321 ad
692 2294 818 2334 quem
854 2293 986 2334 prope
1024 2279 1108 2320 iam
1146 2278 1332 2320 delatum
1369 2278 1511 2320 existi-

169 2338 322 2378 matur.
382 2337 422 2379 A
458 2339 582 2380 nobis
619 2341 799 2395 agentur
831 2338 972 2379 omnia
1004 2337 1245 2394 diligenter,
1282 2339 1330 2378 ut
1361 2351 1509 2392 neque,
