1659 2552
185 133 242 173 54
682 133 1020 168 EPISTULARUM

186 228 328 283 officii,
358 229 534 270 mirifice
566 228 654 283 ipse
687 243 762 270 suo
788 243 978 270 sermone
1010 229 1257 270 subsecutus
1288 232 1351 271 est
1375 229 1519 271 huma-

184 287 361 329 nitatem
391 287 629 329 litterarum
668 291 847 328 tuarum.
908 286 1096 328 Iucunda
1126 287 1231 328 mihi
1263 288 1352 329 eius
1384 289 1518 330 oratio

185 346 284 401 fuit,
322 360 416 387 cum
449 346 498 387 de
530 347 670 387 animo
703 350 796 400 tuo,
835 346 883 386 de
916 346 1197 400 sermonibus,
1235 360 1341 400 quos
1372 347 1421 388 de
1452 362 1518 389 me

185 404 361 446 haberes
402 405 572 459 cotidie,
615 405 719 445 mihi
761 407 966 459 narraret3
1011 404 1112 459 quid
1153 405 1346 459 quaeris?
1390 405 1519 447 biduo

185 463 320 504 factus
346 466 408 504 est
433 463 539 504 mihi
565 463 797 517 familiaris,
829 463 889 503 ita
913 465 1065 517 tamen,
1098 466 1144 504 ut
1168 463 1374 505 Phaniam
1399 464 1518 505 valde
1556 474 1572 500 ⁵

185 522 265 562 sim
297 522 616 563 desideraturus.
679 522 811 570 Quem
838 536 932 562 cum
957 520 1137 563 Romam
1163 522 1363 577 remittes,
1395 523 1519 576 quod,

185 583 232 621 ut
262 581 531 634 putabamus,
570 580 760 622 celeriter
797 595 888 621 eras
925 580 1129 634 facturus,
1167 581 1363 622 omnibus
1400 582 1437 622 ei
1469 581 1519 623 de

185 639 326 694 rebus,
359 654 462 693 quas
493 639 581 696 agi,
615 654 717 693 quas
750 639 885 679 curari
917 654 942 680 a
971 654 1038 680 me
1063 640 1190 693 voles,
1221 639 1418 681 mandata
1449 639 1519 682 des

185 698 322 738 velim.

136 768 158 798 3
271 756 316 797 L.
348 755 566 797 Valerium
607 755 939 797 iureconsultum
979 755 1098 797 valde
1139 756 1219 797 tibi
1260 757 1518 810 commendo,
1540 769 1572 794 ιο

185 815 255 855 sed
287 815 347 855 ita
378 815 521 869 etiam,
559 815 594 855 si
626 829 711 855 non
743 817 805 856 est
836 814 926 855 iure
961 815 1194 869 consultus3
1226 815 1376 856 melius
1407 816 1519 857 enim

184 873 221 914 ei
254 888 397 914 cavere
429 874 538 928 volo,
570 888 696 927 quam
728 873 816 927 ipse
848 873 942 914 aliis
973 873 1090 915 solet.
1145 873 1279 915 Valde
1304 874 1518 916 hominem

185 932 334 987 diligo3
372 935 434 973 est
471 946 522 973 ex
559 932 663 973 meis
702 932 943 973 domesticis
980 935 1106 987 atque
1144 932 1306 974 intimis
1342 933 1518 974 familia-

183 991 310 1031 ribus.
367 990 548 1031 Omnino
574 991 654 1032 tibi
680 991 769 1047 agit
793 991 963 1046 gratias,
995 991 1067 1032 sed
1091 990 1203 1032 idem
1234 991 1381 1033 scribit
1406 1007 1519 1033 meas

182 1049 344 1089 litteras
375 1050 607 1091 maximum
637 1050 750 1104 apud
779 1052 820 1090 te
852 1050 1016 1104 pondus
1053 1049 1282 1091 habituras.
1342 1049 1392 1092 Id
1423 1065 1518 1092 eum
1539 1062 1571 1086 15

182 1122 234 1148 ne
266 1108 402 1163 fallat,
434 1109 561 1149 etiam
593 1111 718 1163 atque
750 1108 877 1149 etiam
909 1123 1025 1164 rogo.
1063 1107 1179 1150 Vale.

820 1259 872 1301 II.

393 1340 467 1375 Ser.
494 1340 630 1375 Romae
661 1342 763 1375 tertio
790 1345 958 1386 Ψιανίουε
983 1353 1027 1375 m.
1055 1353 1089 1375 a.
1118 1343 1188 1375 703
1215 1343 1304 1384 (51).

287 1420 335 1455 M.
363 1420 531 1456 CICERO
558 1421 749 1456 PROCOS.
777 1422 810 1457 S.
837 1422 880 1457 D.
906 1421 1047 1456 APPIO
1074 1421 1294 1456 PULCHRO
1321 1420 1416 1457 ΙΜΡ.

137 1529 154 1559 1
271 1515 377 1558 Cum
415 1519 456 1557 et
493 1519 638 1558 contra
675 1517 936 1558 voluntatem
976 1532 1112 1558 meam
1149 1520 1190 1558 et
1227 1520 1393 1571 praeter
1431 1517 1516 1571 opi·
1538 1532 1569 1554 ε.)

182 1575 351 1616 nionem
382 1575 611 1630 accidisset,
643 1578 689 1616 ut
720 1576 826 1617 mihi
858 1590 952 1617 cum
984 1576 1161 1630 imperio
1188 1575 1231 1616 in
1256 1576 1517 1630 provinciam

180 1634 390 1688 proficisci
428 1649 593 1675 necesse
632 1637 756 1688 esset,
797 1635 841 1675 in
878 1635 1023 1675 multis
1065 1637 1105 1675 et
1143 1634 1272 1675 variis
1312 1634 1518 1676 molestiis

182 1692 595 1748 cogitationibusque
627 1693 731 1734 meis
762 1693 865 1735 haec
893 1708 976 1734 una
1001 1693 1233 1734 consolatio
1261 1693 1517 1746 occurrebat,

182 1751 294 1805 quod
331 1766 465 1805 neque
505 1752 585 1792 tibi
626 1752 816 1806 amicior,
861 1767 987 1806 quam
1025 1766 1103 1807 ego
1142 1767 1251 1806 sum,
1296 1752 1517 1806 quisquam

180 1813 323 1864 posset
362 1810 581 1851 succedere
622 1825 756 1865 neque
795 1825 873 1866 ego
912 1811 964 1851 ab
1003 1811 1090 1851 ullo
1122 1810 1383 1865 provinciam
1414 1811 1515 1851 acci<
1537 1821 1570 1847 25

180 1883 296 1922 pere,
338 1869 409 1922 qui
448 1869 592 1910 mallet
628 1883 720 1910 eam
758 1884 884 1923 quam
921 1870 1103 1910 maxime
1141 1869 1247 1910 mihi
1278 1871 1420 1923 aptam
1451 1883 1516 1909 ex-

181 1927 464 1981 plicatamque
504 1928 680 1969 tradere.
753 1927 910 1977 Quodsi
952 1931 999 1969 tu
1043 1942 1210 1982 quoque
1254 1927 1427 1968 eandem
1467 1927 1516 1967 de

180 2000 273 2026 mea
298 1986 516 2028 voluntate
542 2002 642 2043 erga
665 1989 707 2028 te
733 2001 850 2040 spem
875 1986 1016 2041 habes,
1048 2001 1095 2027 ea
1119 1989 1161 2027 te
1186 1986 1375 2041 profecto
1399 1999 1518 2026 num-

184 2059 309 2098 quam
341 2045 468 2086 faUet.
529 2044 569 2086 A
605 2048 646 2086 te
684 2046 869 2086 maximo
908 2060 1033 2100 opere
1072 2059 1149 2099 pro
1181 2047 1325 2085 nostra
1355 2058 1518 2084 summa

184 2103 478 2145 coniunctione
509 2107 664 2158 tuaque
697 2104 900 2160 singulari
940 2104 1202 2159 humanitate
1234 2102 1359 2143 etiam
1391 2105 1518 2156 atque
1537 2114 1570 2138 3ο

183 2161 309 2202 etiam
347 2177 501 2216 quaeso
534 2166 576 2203 et
606 2165 717 2217 peto,
749 2166 807 2217 ut,
839 2162 1173 2217 quibuscumque
1204 2160 1328 2201 rebus
1359 2161 1518 2214 poteris

184 2218 360 2271 (poteris
385 2224 526 2262 autem
551 2219 778 2276 plurimis),
808 2220 1039 2275 prospicias
1065 2223 1105 2260 et
1131 2219 1322 2260 consulas
1349 2219 1519 2260 rationi-

136 2287 156 2317 2
184 2276 261 2317 bus
294 2279 407 2319 meis.
469 2279 600 2320 Vides
632 2294 682 2320 ex
714 2283 882 2320 senatus
914 2277 1105 2320 consulto
1136 2277 1398 2332 provinciam
1430 2292 1518 2319 esse

182 2334 427 2377 habendam.
493 2336 536 2378 Si
569 2352 677 2391 eam,
717 2337 830 2391 quod
861 2337 950 2378 eius
988 2337 1123 2378 facere
1154 2336 1359 2390 potueriS,
1393 2351 1516 2390 quam
