1659 2552
25 712 59 736 10

25 1001 58 1027 15

24 1294 58 1319 20

24 1876 58 1902 30

22 2167 56 2192 35

376 77 441 111 AD
470 76 628 119 QUINT.
655 77 824 113 FRATR.
851 77 994 111 LIBER
1019 78 1035 112 I
1062 82 1092 112 2.
1329 78 1414 120 509

77 171 213 226 bium,
245 174 292 213 ut
323 174 365 213 et
396 175 559 226 patrem
592 175 632 213 et
665 173 800 213 filium
831 173 950 214 vivos
983 173 1223 228 comburat,
1256 173 1291 214 si
1322 188 1415 227 pos-

78 231 150 285 sit3
191 230 225 270 si
257 230 417 284 minus,
458 231 509 271 ad
540 235 582 272 te
613 231 775 285 mittat,
816 232 879 272 uti
911 232 1067 272 iudicio
1100 232 1413 273 comburantur.

78 288 164 329 Eae
200 289 366 330 litterae
403 289 478 330 abs
515 292 556 330 te
592 304 668 343 per
699 290 838 331 iocum
874 291 1025 333 missae
1063 291 1116 331 ad
1148 290 1190 331 O.
1223 290 1414 344 Fabium,

78 348 113 388 si
145 348 270 389 modo
303 350 400 389 sunt
432 351 547 401 tuae,
589 362 683 389 cum
719 349 936 404 leguntur,
974 349 1226 390 invidiosam
1264 350 1414 390 atroci-

78 408 209 446 tatem
257 406 483 447 verborum
532 407 700 447 habent.
772 407 857 461 Ac,
906 408 941 448 si
983 408 1172 448 omnium
1220 422 1410 448 mearum

77 468 300 518 praecepta
330 465 568 505 litterarum
601 467 774 519 repeteS,
806 466 1026 521 intelleges
1052 481 1139 507 esse
1164 467 1273 507 nihil
1299 481 1322 506 a
1347 481 1413 506 me

77 523 159 563 nisi
198 523 401 564 orationis
438 523 711 564 acerbitatem
750 527 791 564 et
828 525 1087 565 iracundiam
1124 528 1185 580 et,
1225 525 1261 565 si
1291 525 1414 579 forte,

78 595 173 622 raro
213 582 452 622 litterarum
492 582 715 623 missarum
755 583 1066 638 indiligentiam
1106 583 1413 638 reprehensam.

79 639 241 688 Quibus
285 640 455 694 quidem
496 641 539 680 in
580 641 705 681 rebus
745 641 780 682 si
818 642 929 695 apud
968 644 1010 682 te
1049 642 1144 696 plus
1184 642 1413 683 auctoritas

78 712 171 739 mea
202 713 328 752 quam
358 702 432 739 tua
463 699 550 740 sive
582 702 732 740 natura
762 701 888 753 paulo
922 700 1058 741 acrior
1089 701 1175 741 sive
1208 701 1414 755 quaedam

80 757 254 798 dulcedo
286 757 525 798 iracundiae
564 757 650 798 sive
683 758 846 799 dicendi
882 759 942 799 sal
973 759 1231 813 facetiaeque
1262 759 1414 800 valuis-

78 818 187 870 sent,
218 816 327 856 nihil
358 830 455 856 sane
487 819 606 870 esset,
639 817 751 869 quod
776 832 852 858 nos
883 818 1125 871 paeniteret.
1176 817 1233 858 Et
1257 818 1415 859 medio-

79 874 139 915 cri
169 889 236 915 me
263 874 406 915 dolore
437 877 561 928 putas
587 875 720 929 adfici,
753 889 847 916 cum
873 876 1051 930 audiam,
1085 891 1167 930 qua
1192 877 1247 916 sit
1273 876 1414 917 existi-

77 933 263 973 matione
302 932 344 974 C.
377 932 613 988 Vergilius,
652 948 731 987 qua
764 937 862 975 tuus
892 935 1067 988 vicinus,
1106 934 1148 975 C.
1182 934 1413 976 Octavius?

77 990 205 1044 Nam,
244 991 279 1031 si
316 994 357 1032 te
389 992 663 1032 interioribus
694 992 843 1033 vicinis
880 993 980 1047 tuis,
1021 992 1234 1034 Ciliciensi
1266 996 1307 1034 et
1339 992 1414 1047 Sy-

78 1050 209 1103 riaco,
250 1050 490 1104 anteponis,
527 1050 647 1091 valde
684 1051 828 1106 magni
865 1051 984 1092 facis!
1044 1051 1186 1106 Atque
1223 1052 1260 1092 is
1293 1052 1415 1093 dolor

78 1110 157 1162 est,
196 1108 325 1161 quod,
364 1122 458 1148 cum
490 1109 531 1161 ii,
564 1123 668 1162 quos
705 1110 938 1164 nominavi,
976 1113 1017 1151 te
1055 1110 1297 1151 innocentia
1327 1125 1413 1151 non

77 1167 258 1220 vincant,
290 1167 463 1207 vincunt
495 1170 635 1207 tamen
667 1168 845 1208 artificio
871 1168 1188 1210 benevolentiae
1215 1169 1414 1224 colligen-

78 1224 170 1278 dae,
205 1225 276 1278 qui
313 1239 447 1278 neque
480 1224 638 1278 Cyrum
668 1225 963 1280 Xenophontis
999 1242 1134 1281 neque
1165 1227 1414 1283 Agesilaum

77 1283 284 1338 noverint,
310 1298 490 1336 quorum
515 1298 662 1339 regum
683 1299 847 1326 summo
870 1285 1048 1340 imperio
1067 1300 1191 1327 nemo
1211 1301 1414 1340 umquam

77 1341 253 1383 verbum
284 1342 419 1382 ullum
450 1343 638 1396 asperius
670 1343 842 1384 audivit.

165 1399 258 1454 Sed,
287 1400 391 1441 haec
416 1415 439 1441 a
462 1401 671 1455 principio
697 1402 777 1442 tibi
802 1402 1062 1456 praecipiens
1088 1405 1294 1456 quantum
1319 1417 1413 1456 pro-

76 1458 264 1512 fecerim,
303 1473 389 1499 non
425 1459 593 1514 ignoro3
632 1474 744 1500 nunc
780 1463 921 1501 tamen
960 1461 1177 1515 decedens,
1219 1461 1262 1502 id
1301 1461 1414 1515 quod

77 1516 181 1556 mihi
214 1517 297 1557 iam
322 1518 457 1558 facere
482 1518 648 1572 videris,
679 1519 881 1573 relinque,
913 1534 1079 1573 quaeso,
1113 1535 1238 1573 quam
1270 1520 1414 1560 iucun-

79 1574 293 1615 dissimam
323 1576 570 1616 memoriam
601 1576 674 1616 tui.
738 1576 1029 1618 Successorem
1060 1578 1190 1619 habes
1220 1578 1414 1632 perblan-

78 1632 194 1687 dum3
233 1635 369 1674 cetera
398 1634 519 1674 valde
556 1634 669 1675 illius
705 1635 887 1676 adventu
918 1638 992 1676 tua
1022 1637 1302 1690 requirentur.
1363 1636 1413 1677 In

75 1691 231 1732 litteris
267 1692 504 1745 mittendis,
544 1696 591 1733 ut
625 1707 746 1745 saepe
784 1694 837 1733 ad
872 1696 914 1734 te
952 1694 1119 1748 scripsi,
1160 1695 1340 1735 nimium
1371 1697 1413 1735 te

76 1749 334 1790 exorabilem
364 1750 607 1804 praebuisti.
669 1751 787 1791 Tolle
818 1765 973 1805 omnes,
1005 1752 1040 1792 si
1070 1755 1202 1806 potes,
1234 1753 1412 1806 iniquas,

75 1808 178 1848 tolle
211 1808 443 1862 inusitatas,
475 1808 576 1849 tolle
603 1809 843 1849 contrarias.
896 1808 1055 1850 Statius
1086 1810 1192 1850 mihi
1224 1811 1412 1851 narravit

77 1867 254 1920 scriptas
286 1867 338 1906 ad
368 1868 410 1907 te
441 1867 574 1907 solere
606 1867 764 1921 afferri,
796 1867 848 1907 ab
881 1882 923 1908 se
955 1868 1057 1923 legi,
1090 1872 1142 1923 et,
1176 1869 1210 1908 si
1242 1869 1412 1922 iniquae

76 1924 177 1978 sint,
220 1925 312 1965 fieri
358 1927 399 1965 te
446 1925 688 1979 certiorem,
731 1928 956 1979 antequam
1000 1941 1099 1967 vero
1143 1927 1233 1980 ipse
1277 1927 1329 1967 ad
1371 1930 1412 1968 te

75 1983 268 2037 venisset,
299 1982 463 2023 nullum
496 1983 702 2023 delectum
732 1983 971 2025 litterarum
996 1985 1141 2039 fuisse3
1173 1999 1224 2026 ex
1250 1999 1298 2026 eo
1325 1999 1413 2026 esse

75 2041 291 2082 volumina
323 2041 571 2081 selectarum
603 2041 892 2096 epistolarum,
931 2057 1036 2096 quae
1068 2043 1317 2097 reprehendi
1350 2057 1413 2084 so-

74 2098 219 2140 lerent.
280 2099 375 2140 Hoc
413 2100 461 2140 de
498 2113 650 2154 genere
687 2100 795 2140 nihil
832 2103 873 2141 te
910 2115 1022 2142 nunc
1059 2101 1229 2155 quidem
1259 2116 1411 2142 moneo

75 2155 187 2213 (sero
225 2160 288 2198 est
326 2156 478 2213 enim),
519 2172 566 2198 ac
604 2158 707 2198 scire
745 2161 866 2212 potes
902 2160 1037 2200 multa
1075 2174 1143 2201 me
1174 2160 1288 2200 varie
1321 2160 1414 2200 dili-

73 2218 305 2270 genterque
349 2216 581 2269 monuisse,
626 2216 732 2256 illud
774 2219 935 2271 tamen,
980 2218 1094 2271 quod
1136 2218 1412 2273 Theopompo

73 2274 287 2328 mandavi,
321 2289 415 2315 cum
449 2289 580 2315 essem
612 2274 852 2315 admonitus
883 2276 935 2316 ab
968 2276 1077 2330 ipso,
1108 2276 1203 2317 vide
1234 2291 1310 2330 per
1339 2277 1413 2318 ho-

1441 1436 1466 1476 3

1440 1496 1459 1526 e

1439 2113 1458 2143 9
