1659 2552
82 901 116 926 10

84 1193 117 1218 15

86 1487 119 1511 20

87 1779 120 1803 25

90 2189 122 2213 30

585 89 729 124 L1BER
753 89 838 123 xm
862 91 1012 124 20—23.
1394 64 1485 130 387*

131 187 181 226 ut
218 198 315 226 eum
352 184 660 226 Hammonium
701 187 742 226 et
782 185 826 226 in
864 184 1035 240 patroni
1076 184 1165 226 eius
1206 184 1379 240 negotio
1421 185 1481 225 sic

132 247 278 285 tueare
310 247 357 285 ut
390 244 479 285 eius
510 247 842 299 procuratorem,
875 258 1000 298 quem
1031 243 1112 284 tibi
1145 244 1406 297 commendo,
1439 246 1481 283 et

132 302 272 356 ipsum
311 317 386 344 suo
425 303 595 344 nomine
635 303 787 359 diligas
826 302 1066 356 habeasque
1104 301 1149 343 in
1179 316 1357 343 numero
1389 305 1482 343 tuo-

133 375 238 402 rum.
308 360 540 403 Hominem
572 362 801 416 pudent-em
833 363 875 402 et
908 361 1146 413 officiosum
1180 374 1407 417 cognosces
1440 363 1482 401 et

135 419 322 476 dignum,
356 421 428 474 qui
461 435 485 461 a
516 423 557 461 te
592 421 805 476 diligatur.
855 419 973 461 Vale.

738 570 873 612 XXII.

418 652 491 687 Scr.
519 652 675 695 Romae,
700 656 742 686 ut
765 653 918 694 videtur,
944 663 976 687 a.
1007 654 1080 687 708
1108 654 1198 696 (46).

595 733 764 769 CICERO
792 733 963 769 SERVIO
991 733 1025 768 S.

222 830 267 871 T.
287 829 507 884 Manlium,
534 830 607 884 qui
627 829 872 886 negotiatur
892 827 1098 883 Thespiis,
1124 829 1397 870 vehementer
1423 829 1481 870 di-

134 889 240 944 ligo,
277 904 376 929 nam
414 891 456 930 et
493 902 658 942 semper
693 902 760 929 me
799 888 931 929 coluit
968 888 1377 944 diligentissimeque
1410 888 1481 930 ob-

136 948 318 989 servavit
350 950 391 988 et
423 962 446 988 a
478 947 629 988 studiis
659 947 817 988 nostris
848 961 934 988 non
960 947 1171 988 abhorret.
1217 945 1394 987 Accedit
1419 961 1481 1001 eo,

136 1006 250 1060 quod
274 1005 412 1047 Varro
431 1005 609 1046 Murena
628 1019 784 1061 magno
806 1020 931 1060 opere
952 1006 1042 1046 eius
1063 1019 1186 1046 causa
1206 1006 1298 1046 vult
1319 1005 1481 1059 omnia3

136 1066 209 1119 qui
246 1068 388 1106 tamen
425 1064 705 1118 existimavit,
747 1064 825 1105 etsi
864 1065 950 1105 suis
991 1064 1166 1119 litteris,
1209 1064 1363 1118 quibus
1400 1064 1481 1104 tibi

135 1123 342 1164 Manh'um
381 1123 719 1178 commendabat,
757 1123 877 1164 valde
916 1123 1163 1177 confideret,
1208 1126 1349 1163 tamen
1389 1137 1483 1163 mea

138 1182 502 1223 commendatione
546 1181 707 1236 aliquid
751 1182 1000 1223 accessionis
1040 1182 1142 1223 fore.
1204 1181 1273 1222 Me
1311 1181 1482 1235 quidem

138 1256 233 1281 cum
262 1240 395 1281 Manli
426 1240 693 1281 familiaritas
724 1243 816 1281 tum
842 1240 1048 1282 Varronis
1080 1240 1268 1282 studium
1301 1254 1483 1281 commo-

138 1300 211 1354 vit,
243 1303 290 1340 ut
323 1299 376 1340 ad
406 1302 448 1341 te
480 1314 608 1353 quam
639 1299 952 1340 accuratissime
984 1298 1223 1340 scriberem.
1288 1298 1483 1339 Gratissi-

137 1373 254 1399 mum
286 1358 420 1414 igitur
449 1357 557 1398 mihi
588 1358 748 1412 feceris,
781 1358 816 1399 si
847 1358 948 1399 huic
979 1358 1336 1399 commendationi
1366 1372 1484 1399 meae

137 1419 305 1457 tantum
336 1416 556 1471 tribueris,
599 1420 805 1471 quantum
838 1417 904 1457 cui
936 1417 1128 1457 tribuisti
1159 1416 1410 1471 plurimum,
1441 1416 1487 1457 id

139 1478 213 1529 est,
245 1475 279 1516 si
306 1475 350 1515 T.
377 1475 585 1516 Manlium
611 1490 738 1530 quam
768 1476 963 1530 maxime,
997 1475 1333 1541 quibuscumque
1359 1475 1485 1516 rebus

138 1534 312 1574 honeste
345 1548 391 1574 ac
422 1548 500 1588 pro
532 1537 606 1575 tua
638 1534 845 1590 dignitate
875 1535 1047 1588 poteris,
1078 1534 1236 1575 iuveris
1263 1536 1388 1588 atque
1422 1548 1486 1574 or-

138 1592 323 1646 naveris3
367 1606 417 1632 ex
458 1592 675 1646 ipsiusque
715 1595 932 1647 praeterea
969 1592 1225 1649 gratissimis
1263 1595 1304 1633 et
1340 1593 1486 1633 huma-

140 1650 325 1691 nissimis
368 1651 559 1691 moribus
603 1651 808 1692 confirmo
852 1651 934 1692 tibi
973 1654 1015 1692 te
1053 1665 1167 1705 eum,
1212 1665 1337 1705 quem
1378 1652 1487 1692 soles

139 1710 325 1749 fructum
363 1723 385 1748 a
423 1709 633 1750 bonorum
670 1710 861 1750 virorum
903 1710 1056 1750 officiis
1096 1712 1358 1764 exspectare,
1399 1724 1487 1750 esse

141 1770 373 1821 capturum.

737 1872 892 1913 XXIII.

425 1952 497 1986 Ser.
525 1952 678 1993 Romae,
706 1957 744 1986 ut
768 1953 920 1995 videtur,
947 1965 980 1987 α.
1011 1956 1082 1987 708
1111 1955 1203 1996 (46).

602 2032 770 2068 CICERO
799 2033 970 2068 SERVIO
1000 2034 1032 2068 S.

228 2117 273 2158 L.
303 2116 506 2171 Cossinio,
540 2117 675 2158 amico
702 2120 743 2158 et
767 2117 917 2158 tribuli
949 2121 1037 2172 tuo,
1069 2117 1190 2159 valde
1222 2117 1490 2159 famih'aritei·

142 2179 256 2231 utor,
286 2191 384 2217 nam
417 2179 458 2217 et
489 2176 600 2216 inter
631 2178 798 2216 nosmet
828 2176 943 2230 ipsos
969 2179 1090 2217 vetus
1120 2190 1220 2217 usus
1253 2176 1488 2231 intercedit,

142 2238 183 2275 et
203 2234 384 2291 ¹Atticus
421 2237 564 2275 noster
600 2234 806 2275 maiorem
843 2234 970 2275 etiam
1008 2235 1115 2275 mihi
1158 2249 1254 2276 cum
1295 2234 1488 2276 Cossinio

143 2293 488 2334 consuetudinem
529 2292 639 2333 fecit.
701 2292 849 2347 Itaque
890 2295 980 2334 tota
1022 2292 1187 2334 Cossini
1230 2293 1380 2334 domus
1421 2309 1488 2334 me

1234 2363 1275 2377 ’ἐς

1206 2366 1268 2396 20·

1510 1310 1529 1339 Ν)
