<?xml version="1.0" encoding="UTF-8"?>
<!DOCTYPE html PUBLIC "-//W3C//DTD XHTML 1.0 Transitional//EN"
    "http://www.w3.org/TR/xhtml1/DTD/xhtml1-transitional.dtd">
<html xmlns="http://www.w3.org/1999/xhtml" xml:lang="en" lang="en">
 <head>
  <title>
</title>
<meta http-equiv="Content-Type" content="text/html;charset=utf-8" />
  <meta name='ocr-system' content='tesseract 3.04.00' />
  <meta name='ocr-capabilities' content='ocr_page ocr_carea ocr_par ocr_line ocrx_word'/>
</head>
<body>
  <div class='ocr_page' id='page_1' title='image "./p1scriptaquaemanse03ciceuoft_0633.png"; bbox 0 0 1659 2552; ppageno 0'>
   <div class='ocr_carea' id='block_1_1' title="bbox 437 82 1468 124">
    <p class='ocr_par' dir='ltr' id='par_1_1' title="bbox 437 82 1468 124">
     <span class='ocr_line' id='line_1_1' title="bbox 437 82 1468 124; baseline 0.006 -7"><span class='ocrx_word' id='word_1_1' title='bbox 437 83 501 117; x_wconf 94' lang='lat' dir='ltr'>AD</span> <span class='ocrx_word' id='word_1_2' title='bbox 529 82 688 124; x_wconf 80' lang='lat' dir='ltr'>QUINT.</span> <span class='ocrx_word' id='word_1_3' title='bbox 715 82 885 118; x_wconf 81' lang='lat' dir='ltr'><strong>FRATR.</strong></span> <span class='ocrx_word' id='word_1_4' title='bbox 912 82 1057 116; x_wconf 71' lang='lat' dir='ltr'>LIBER</span> <span class='ocrx_word' id='word_1_5' title='bbox 1081 82 1097 116; x_wconf 87' lang='grc' dir='ltr'>Ι</span> <span class='ocrx_word' id='word_1_6' title='bbox 1125 87 1155 118; x_wconf 89' lang='grc'>1.</span> <span class='ocrx_word' id='word_1_7' title='bbox 1383 82 1468 123; x_wconf 78' lang='grc'><strong>505</strong></span> 
     </span>
    </p>
   </div>
   <div class='ocr_carea' id='block_1_2' title="bbox 74 177 1468 1640">
    <p class='ocr_par' dir='ltr' id='par_1_2' title="bbox 74 177 1468 1640">
     <span class='ocr_line' id='line_1_2' title="bbox 126 177 1468 233; baseline -0.001 -14"><span class='ocrx_word' id='word_1_8' title='bbox 126 178 397 233; x_wconf 80' lang='lat' dir='ltr'>suscepimus,</span> <span class='ocrx_word' id='word_1_9' title='bbox 422 178 490 219; x_wconf 84' lang='lat' dir='ltr'>vel</span> <span class='ocrx_word' id='word_1_10' title='bbox 514 178 690 219; x_wconf 87' lang='lat' dir='ltr'>minima</span> <span class='ocrx_word' id='word_1_11' title='bbox 715 192 759 219; x_wconf 90' lang='lat' dir='ltr'>re</span> <span class='ocrx_word' id='word_1_12' title='bbox 785 178 837 219; x_wconf 87' lang='lat' dir='ltr'>ad</span> <span class='ocrx_word' id='word_1_13' title='bbox 862 177 1254 232; x_wconf 87' lang='lat' dir='ltr'>reprehendendum</span> <span class='ocrx_word' id='word_1_14' title='bbox 1281 178 1468 218; x_wconf 86' lang='lat' dir='ltr'>contenti</span> 
     </span>
     <span class='ocr_line' id='line_1_3' title="bbox 127 236 1467 292; baseline 0 -15"><span class='ocrx_word' id='word_1_15' title='bbox 127 251 215 278; x_wconf 90' lang='lat' dir='ltr'>esse</span> <span class='ocrx_word' id='word_1_16' title='bbox 251 237 484 278; x_wconf 84' lang='lat' dir='ltr'>videantur.</span> <span class='ocrx_word' id='word_1_17' title='bbox 546 236 699 292; x_wconf 80' lang='lat' dir='ltr'><strong>Quare,</strong></span> <span class='ocrx_word' id='word_1_18' title='bbox 741 237 941 291; x_wconf 86' lang='lat' dir='ltr'>quoniam</span> <span class='ocrx_word' id='word_1_19' title='bbox 979 237 1068 278; x_wconf 91' lang='lat' dir='ltr'>eius</span> <span class='ocrx_word' id='word_1_20' title='bbox 1099 237 1214 277; x_wconf 86' lang='lat' dir='ltr'>modi</span> <span class='ocrx_word' id='word_1_21' title='bbox 1253 236 1467 277; x_wconf 73' lang='lat' dir='ltr'><strong>theatrum</strong></span> 
     </span>
     <span class='ocr_line' id='line_1_4' title="bbox 126 295 1468 337; baseline -0.001 0"><span class='ocrx_word' id='word_1_22' title='bbox 126 296 259 337; x_wconf 87' lang='lat' dir='ltr'>totius</span> <span class='ocrx_word' id='word_1_23' title='bbox 297 296 423 336; x_wconf 85' lang='lat' dir='ltr'>Asiae</span> <span class='ocrx_word' id='word_1_24' title='bbox 454 296 686 336; x_wconf 86' lang='lat' dir='ltr'>virtutibus</span> <span class='ocrx_word' id='word_1_25' title='bbox 723 296 808 336; x_wconf 91' lang='lat' dir='ltr'>tuis</span> <span class='ocrx_word' id='word_1_26' title='bbox 846 298 908 336; x_wconf 84' lang='lat' dir='ltr'>est</span> <span class='ocrx_word' id='word_1_27' title='bbox 947 296 1091 336; x_wconf 87' lang='lat' dir='ltr'>datum</span> <span class='ocrx_word' id='word_1_28' title='bbox 1130 295 1375 336; x_wconf 75' lang='lat' dir='ltr'>celebritate</span> <span class='ocrx_word' id='word_1_29' title='bbox 1407 310 1468 336; x_wconf 89' lang='lat' dir='ltr'>re-</span> 
     </span>
     <span class='ocr_line' id='line_1_5' title="bbox 127 354 1467 409; baseline -0.001 -14"><span class='ocrx_word' id='word_1_30' title='bbox 127 354 421 408; x_wconf 86' lang='lat' dir='ltr'>fertissimum,</span> <span class='ocrx_word' id='word_1_31' title='bbox 459 354 751 409; x_wconf 76' lang='lat' dir='ltr'>magnitudine</span> <span class='ocrx_word' id='word_1_32' title='bbox 784 355 1110 408; x_wconf 84' lang='lat' dir='ltr'>amplissimum,</span> <span class='ocrx_word' id='word_1_33' title='bbox 1142 354 1298 395; x_wconf 80' lang='lat' dir='ltr'>iudicio</span> <span class='ocrx_word' id='word_1_34' title='bbox 1333 354 1467 394; x_wconf 88' lang='lat' dir='ltr'>erudi-</span> 
     </span>
     <span class='ocr_line' id='line_1_6' title="bbox 93 412 1467 468; baseline 0 -15"><span class='ocrx_word' id='word_1_35' title='bbox 93 426 108 451; x_wconf 77' lang='grc'>5</span> <span class='ocrx_word' id='word_1_36' title='bbox 127 413 350 467; x_wconf 81' lang='lat' dir='ltr'>tissimum,</span> <span class='ocrx_word' id='word_1_37' title='bbox 382 416 532 454; x_wconf 87' lang='lat' dir='ltr'>natura</span> <span class='ocrx_word' id='word_1_38' title='bbox 558 416 699 454; x_wconf 84' lang='lat' dir='ltr'>autem</span> <span class='ocrx_word' id='word_1_39' title='bbox 730 413 790 453; x_wconf 82' lang='lat' dir='ltr'>ita</span> <span class='ocrx_word' id='word_1_40' title='bbox 816 428 1025 468; x_wconf 76' lang='lat' dir='ltr'>resonans,</span> <span class='ocrx_word' id='word_1_41' title='bbox 1057 416 1104 454; x_wconf 92' lang='lat' dir='ltr'>ut</span> <span class='ocrx_word' id='word_1_42' title='bbox 1129 427 1262 466; x_wconf 90' lang='lat' dir='ltr'>usque</span> <span class='ocrx_word' id='word_1_43' title='bbox 1287 412 1467 453; x_wconf 78' lang='lat' dir='ltr'>Romam</span> 
     </span>
     <span class='ocr_line' id='line_1_7' title="bbox 128 471 1468 527; baseline -0.001 -15"><span class='ocrx_word' id='word_1_44' title='bbox 128 471 459 527; x_wconf 88' lang='lat' dir='ltr'>significationes</span> <span class='ocrx_word' id='word_1_45' title='bbox 497 486 704 525; x_wconf 85' lang='lat' dir='ltr'>vocesque</span> <span class='ocrx_word' id='word_1_46' title='bbox 744 473 997 526; x_wconf 86' lang='lat' dir='ltr'>referantur,</span> <span class='ocrx_word' id='word_1_47' title='bbox 1038 472 1260 525; x_wconf 80' lang='lat' dir='ltr'>contende,</span> <span class='ocrx_word' id='word_1_48' title='bbox 1301 486 1468 525; x_wconf 79' lang='lat' dir='ltr'>quaeso,</span> 
     </span>
     <span class='ocr_line' id='line_1_8' title="bbox 128 530 1467 586; baseline -0.001 -15"><span class='ocrx_word' id='word_1_49' title='bbox 128 533 253 584; x_wconf 88' lang='lat' dir='ltr'>atque</span> <span class='ocrx_word' id='word_1_50' title='bbox 291 530 478 584; x_wconf 87' lang='lat' dir='ltr'>elabora,</span> <span class='ocrx_word' id='word_1_51' title='bbox 515 545 601 570; x_wconf 88' lang='grc'><strong>11011</strong></span> <span class='ocrx_word' id='word_1_52' title='bbox 638 530 764 571; x_wconf 83' lang='grc' dir='ltr'><strong>1110ᾶο</strong></span> <span class='ocrx_word' id='word_1_53' title='bbox 797 533 844 571; x_wconf 91' lang='lat' dir='ltr'>ut</span> <span class='ocrx_word' id='word_1_54' title='bbox 880 531 947 571; x_wconf 89' lang='lat' dir='ltr'>his</span> <span class='ocrx_word' id='word_1_55' title='bbox 984 530 1109 571; x_wconf 88' lang='lat' dir='ltr'>rebus</span> <span class='ocrx_word' id='word_1_56' title='bbox 1142 530 1295 586; x_wconf 87' lang='lat' dir='ltr'>dignus</span> <span class='ocrx_word' id='word_1_57' title='bbox 1326 530 1467 584; x_wconf 76' lang='lat' dir='ltr'>fuisse,</span> 
     </span>
     <span class='ocr_line' id='line_1_9' title="bbox 127 589 1454 643; baseline 0 -14"><span class='ocrx_word' id='word_1_58' title='bbox 127 589 200 630; x_wconf 89' lang='lat' dir='ltr'>sed</span> <span class='ocrx_word' id='word_1_59' title='bbox 231 589 359 629; x_wconf 85' lang='lat' dir='ltr'>etiam</span> <span class='ocrx_word' id='word_1_60' title='bbox 390 591 438 630; x_wconf 92' lang='lat' dir='ltr'>ut</span> <span class='ocrx_word' id='word_1_61' title='bbox 468 589 542 629; x_wconf 84' lang='grc'><strong>1113</strong></span> <span class='ocrx_word' id='word_1_62' title='bbox 574 589 715 630; x_wconf 88' lang='grc'><strong>01111113</strong></span> <span class='ocrx_word' id='word_1_63' title='bbox 745 589 830 629; x_wconf 89' lang='lat' dir='ltr'>tuis</span> <span class='ocrx_word' id='word_1_64' title='bbox 856 590 1018 630; x_wconf 85' lang='lat' dir='ltr'>artibus</span> <span class='ocrx_word' id='word_1_65' title='bbox 1044 604 1260 643; x_wconf 82' lang='lat' dir='ltr'>superasse</span> <span class='ocrx_word' id='word_1_66' title='bbox 1287 589 1454 630; x_wconf 79' lang='lat' dir='ltr'>videare</span> 
     </span>
     <span class='ocr_line' id='line_1_10' title="bbox 127 641 1467 703; baseline 0 -15"><span class='ocrx_word' id='word_1_67' title='bbox 127 650 180 701; x_wconf 89' lang='lat' dir='ltr'>et,</span> <span class='ocrx_word' id='word_1_68' title='bbox 213 648 412 702; x_wconf 86' lang='lat' dir='ltr'>quoniam</span> <span class='ocrx_word' id='word_1_69' title='bbox 443 648 550 688; x_wconf 86' lang='lat' dir='ltr'>mihi</span> <span class='ocrx_word' id='word_1_70' title='bbox 583 662 701 688; x_wconf 85' lang='lat' dir='ltr'>casus</span> <span class='ocrx_word' id='word_1_71' title='bbox 733 641 937 688; x_wconf 74' lang='lat' dir='ltr'>urbana&#39;m</span> <span class='ocrx_word' id='word_1_72' title='bbox 969 649 1012 688; x_wconf 90' lang='lat' dir='ltr'>in</span> <span class='ocrx_word' id='word_1_73' title='bbox 1046 648 1367 703; x_wconf 86' lang='lat' dir='ltr'>magistratibus</span> <span class='ocrx_word' id='word_1_74' title='bbox 1399 648 1467 688; x_wconf 87' lang='lat' dir='ltr'>ad-</span> 
     </span>
     <span class='ocr_line' id='line_1_11' title="bbox 74 706 1466 761; baseline 0.001 -16"><span class='ocrx_word' id='word_1_75' title='bbox 74 721 108 745; x_wconf 78' lang='grc' dir='ltr'>ιο</span> <span class='ocrx_word' id='word_1_76' title='bbox 127 706 484 747; x_wconf 83' lang='lat' dir='ltr'>ministrationem</span> <span class='ocrx_word' id='word_1_77' title='bbox 521 706 581 747; x_wconf 90' lang='lat' dir='ltr'>rei</span> <span class='ocrx_word' id='word_1_78' title='bbox 621 707 834 761; x_wconf 85' lang='lat' dir='ltr'>publicae,</span> <span class='ocrx_word' id='word_1_79' title='bbox 875 707 956 747; x_wconf 88' lang='lat' dir='ltr'>tibi</span> <span class='ocrx_word' id='word_1_80' title='bbox 996 707 1299 761; x_wconf 81' lang='lat' dir='ltr'>provincialem</span> <span class='ocrx_word' id='word_1_81' title='bbox 1340 706 1466 760; x_wconf 89' lang='lat' dir='ltr'>dedit,</span> 
     </span>
     <span class='ocr_line' id='line_1_12' title="bbox 127 765 1465 820; baseline -0.001 -14"><span class='ocrx_word' id='word_1_82' title='bbox 127 765 162 806; x_wconf 92' lang='lat' dir='ltr'>si</span> <span class='ocrx_word' id='word_1_83' title='bbox 194 780 287 806; x_wconf 83' lang='lat' dir='ltr'>mea</span> <span class='ocrx_word' id='word_1_84' title='bbox 317 780 414 820; x_wconf 83' lang='lat' dir='ltr'>pars</span> <span class='ocrx_word' id='word_1_85' title='bbox 446 765 605 805; x_wconf 88' lang='lat' dir='ltr'>nemini</span> <span class='ocrx_word' id='word_1_86' title='bbox 638 765 766 820; x_wconf 83' lang='lat' dir='ltr'>cedit,</span> <span class='ocrx_word' id='word_1_87' title='bbox 808 766 893 820; x_wconf 87' lang='lat' dir='ltr'>fac,</span> <span class='ocrx_word' id='word_1_88' title='bbox 931 768 978 806; x_wconf 88' lang='lat' dir='ltr'>ut</span> <span class='ocrx_word' id='word_1_89' title='bbox 1018 769 1091 806; x_wconf 84' lang='lat' dir='ltr'>tua</span> <span class='ocrx_word' id='word_1_90' title='bbox 1123 768 1283 806; x_wconf 85' lang='lat' dir='ltr'>ceteros</span> <span class='ocrx_word' id='word_1_91' title='bbox 1313 765 1465 806; x_wconf 79' lang='lat' dir='ltr'>vincat.</span> 
     </span>
     <span class='ocr_line' id='line_1_13' title="bbox 128 823 1467 879; baseline 0 -15"><span class='ocrx_word' id='word_1_92' title='bbox 128 823 265 865; x_wconf 84' lang='lat' dir='ltr'>Simul</span> <span class='ocrx_word' id='word_1_93' title='bbox 295 826 337 864; x_wconf 92' lang='lat' dir='ltr'>et</span> <span class='ocrx_word' id='word_1_94' title='bbox 374 824 481 865; x_wconf 91' lang='lat' dir='ltr'>illud</span> <span class='ocrx_word' id='word_1_95' title='bbox 512 824 668 879; x_wconf 88' lang='lat' dir='ltr'>cogita,</span> <span class='ocrx_word' id='word_1_96' title='bbox 709 838 786 864; x_wconf 90' lang='lat' dir='ltr'>nos</span> <span class='ocrx_word' id='word_1_97' title='bbox 822 838 908 865; x_wconf 89' lang='lat' dir='ltr'>non</span> <span class='ocrx_word' id='word_1_98' title='bbox 947 824 996 865; x_wconf 90' lang='lat' dir='ltr'>de</span> <span class='ocrx_word' id='word_1_99' title='bbox 1034 824 1197 878; x_wconf 86' lang='lat' dir='ltr'>reliqua</span> <span class='ocrx_word' id='word_1_100' title='bbox 1228 826 1269 865; x_wconf 93' lang='lat' dir='ltr'>et</span> <span class='ocrx_word' id='word_1_101' title='bbox 1301 826 1467 878; x_wconf 88' lang='lat' dir='ltr'>sperata</span> 
     </span>
     <span class='ocr_line' id='line_1_14' title="bbox 126 882 1466 938; baseline 0 -15"><span class='ocrx_word' id='word_1_102' title='bbox 126 883 264 938; x_wconf 89' lang='lat' dir='ltr'>gloria</span> <span class='ocrx_word' id='word_1_103' title='bbox 295 883 378 923; x_wconf 90' lang='lat' dir='ltr'>iam</span> <span class='ocrx_word' id='word_1_104' title='bbox 409 882 620 936; x_wconf 80' lang='lat' dir='ltr'>laborare,</span> <span class='ocrx_word' id='word_1_105' title='bbox 652 883 724 923; x_wconf 92' lang='lat' dir='ltr'>sed</span> <span class='ocrx_word' id='word_1_106' title='bbox 756 882 805 923; x_wconf 89' lang='lat' dir='ltr'>de</span> <span class='ocrx_word' id='word_1_107' title='bbox 836 885 958 937; x_wconf 79' lang='lat' dir='ltr'>parta</span> <span class='ocrx_word' id='word_1_108' title='bbox 990 883 1205 937; x_wconf 87' lang='lat' dir='ltr'>dimicare,</span> <span class='ocrx_word' id='word_1_109' title='bbox 1239 897 1344 936; x_wconf 87' lang='lat' dir='ltr'>quae</span> <span class='ocrx_word' id='word_1_110' title='bbox 1377 883 1466 937; x_wconf 90' lang='lat' dir='ltr'>qui-</span> 
     </span>
     <span class='ocr_line' id='line_1_15' title="bbox 127 941 1466 996; baseline 0 -15"><span class='ocrx_word' id='word_1_111' title='bbox 127 941 222 982; x_wconf 87' lang='lat' dir='ltr'>dem</span> <span class='ocrx_word' id='word_1_112' title='bbox 258 956 344 982; x_wconf 90' lang='lat' dir='ltr'>non</span> <span class='ocrx_word' id='word_1_113' title='bbox 380 944 468 982; x_wconf 90' lang='lat' dir='ltr'>tam</span> <span class='ocrx_word' id='word_1_114' title='bbox 500 941 732 995; x_wconf 75' lang='lat' dir='ltr'>expetenda</span> <span class='ocrx_word' id='word_1_115' title='bbox 767 942 891 982; x_wconf 88' lang='lat' dir='ltr'>nobis</span> <span class='ocrx_word' id='word_1_116' title='bbox 928 942 1009 982; x_wconf 83' lang='lat' dir='ltr'>fuit</span> <span class='ocrx_word' id='word_1_117' title='bbox 1042 956 1168 996; x_wconf 89' lang='lat' dir='ltr'>quam</span> <span class='ocrx_word' id='word_1_118' title='bbox 1204 941 1361 982; x_wconf 88' lang='lat' dir='ltr'>tuenda</span> <span class='ocrx_word' id='word_1_119' title='bbox 1392 944 1466 982; x_wconf 88' lang='lat' dir='ltr'>est.</span> 
     </span>
     <span class='ocr_line' id='line_1_16' title="bbox 75 999 1468 1054; baseline 0.001 -16"><span class='ocrx_word' id='word_1_120' title='bbox 75 1012 107 1037; x_wconf 78' lang='grc'>15</span> <span class='ocrx_word' id='word_1_121' title='bbox 126 999 209 1054; x_wconf 87' lang='grc' dir='ltr'>Αο,</span> <span class='ocrx_word' id='word_1_122' title='bbox 247 1000 283 1040; x_wconf 90' lang='grc'>81</span> <span class='ocrx_word' id='word_1_123' title='bbox 319 1000 426 1040; x_wconf 87' lang='grc'><strong>1111111</strong></span> <span class='ocrx_word' id='word_1_124' title='bbox 464 1000 690 1053; x_wconf 89' lang='lat' dir='ltr'>quicquam</span> <span class='ocrx_word' id='word_1_125' title='bbox 727 1003 834 1040; x_wconf 90' lang='lat' dir='ltr'>esset</span> <span class='ocrx_word' id='word_1_126' title='bbox 872 1000 946 1041; x_wconf 88' lang='lat' dir='ltr'>abs</span> <span class='ocrx_word' id='word_1_127' title='bbox 984 1003 1024 1041; x_wconf 90' lang='lat' dir='ltr'>te</span> <span class='ocrx_word' id='word_1_128' title='bbox 1058 1003 1318 1054; x_wconf 88' lang='lat' dir='ltr'>separatum,</span> <span class='ocrx_word' id='word_1_129' title='bbox 1358 1000 1468 1040; x_wconf 86' lang='lat' dir='ltr'>nihil</span> 
     </span>
     <span class='ocr_line' id='line_1_17' title="bbox 127 1058 1467 1113; baseline 0 -14"><span class='ocrx_word' id='word_1_130' title='bbox 127 1059 308 1113; x_wconf 90' lang='lat' dir='ltr'>amplius</span> <span class='ocrx_word' id='word_1_131' title='bbox 347 1058 626 1099; x_wconf 84' lang='lat' dir='ltr'>desiderarem</span> <span class='ocrx_word' id='word_1_132' title='bbox 662 1058 744 1099; x_wconf 91' lang='lat' dir='ltr'>hoc</span> <span class='ocrx_word' id='word_1_133' title='bbox 781 1061 910 1113; x_wconf 86' lang='lat' dir='ltr'>statu,</span> <span class='ocrx_word' id='word_1_134' title='bbox 952 1059 1024 1112; x_wconf 89' lang='lat' dir='ltr'>qui</span> <span class='ocrx_word' id='word_1_135' title='bbox 1061 1059 1167 1099; x_wconf 88' lang='lat' dir='ltr'>mihi</span> <span class='ocrx_word' id='word_1_136' title='bbox 1205 1058 1289 1099; x_wconf 84' lang='lat' dir='ltr'>iam</span> <span class='ocrx_word' id='word_1_137' title='bbox 1321 1061 1467 1112; x_wconf 83' lang='lat' dir='ltr'>partus</span> 
     </span>
     <span class='ocr_line' id='line_1_18' title="bbox 126 1116 1467 1171; baseline -0.001 -13"><span class='ocrx_word' id='word_1_138' title='bbox 126 1120 200 1158; x_wconf 85' lang='lat' dir='ltr'>est.</span> <span class='ocrx_word' id='word_1_139' title='bbox 261 1116 386 1158; x_wconf 89' lang='lat' dir='ltr'>Nunc</span> <span class='ocrx_word' id='word_1_140' title='bbox 411 1131 510 1158; x_wconf 85' lang='lat' dir='ltr'>vero</span> <span class='ocrx_word' id='word_1_141' title='bbox 542 1117 601 1158; x_wconf 88' lang='lat' dir='ltr'>sic</span> <span class='ocrx_word' id='word_1_142' title='bbox 634 1132 699 1157; x_wconf 89' lang='lat' dir='ltr'>res</span> <span class='ocrx_word' id='word_1_143' title='bbox 731 1131 818 1158; x_wconf 90' lang='lat' dir='ltr'>sese</span> <span class='ocrx_word' id='word_1_144' title='bbox 850 1117 990 1171; x_wconf 87' lang='lat' dir='ltr'>habet,</span> <span class='ocrx_word' id='word_1_145' title='bbox 1022 1120 1080 1171; x_wconf 88' lang='lat' dir='ltr'>ut,</span> <span class='ocrx_word' id='word_1_146' title='bbox 1112 1117 1194 1157; x_wconf 89' lang='lat' dir='ltr'>nisi</span> <span class='ocrx_word' id='word_1_147' title='bbox 1227 1117 1369 1158; x_wconf 91' lang='grc'><strong>01111113</strong></span> <span class='ocrx_word' id='word_1_148' title='bbox 1393 1119 1467 1158; x_wconf 87' lang='lat' dir='ltr'>tua</span> 
     </span>
     <span class='ocr_line' id='line_1_19' title="bbox 125 1175 1467 1231; baseline 0 -15"><span class='ocrx_word' id='word_1_149' title='bbox 125 1176 237 1216; x_wconf 86' lang='lat' dir='ltr'>facta</span> <span class='ocrx_word' id='word_1_150' title='bbox 268 1178 393 1230; x_wconf 86' lang='lat' dir='ltr'>atque</span> <span class='ocrx_word' id='word_1_151' title='bbox 420 1175 531 1216; x_wconf 87' lang='lat' dir='ltr'>dicta</span> <span class='ocrx_word' id='word_1_152' title='bbox 560 1176 718 1216; x_wconf 88' lang='lat' dir='ltr'>nostris</span> <span class='ocrx_word' id='word_1_153' title='bbox 749 1176 874 1216; x_wconf 89' lang='lat' dir='ltr'>rebus</span> <span class='ocrx_word' id='word_1_154' title='bbox 906 1176 1032 1216; x_wconf 86' lang='lat' dir='ltr'>istinc</span> <span class='ocrx_word' id='word_1_155' title='bbox 1062 1176 1354 1230; x_wconf 86' lang='lat' dir='ltr'>respondeant,</span> <span class='ocrx_word' id='word_1_156' title='bbox 1387 1190 1467 1231; x_wconf 90' lang='lat' dir='ltr'>ego</span> 
     </span>
     <span class='ocr_line' id='line_1_20' title="bbox 125 1234 1466 1288; baseline 0 -14"><span class='ocrx_word' id='word_1_157' title='bbox 125 1248 193 1275; x_wconf 91' lang='lat' dir='ltr'>me</span> <span class='ocrx_word' id='word_1_158' title='bbox 224 1235 354 1275; x_wconf 86' lang='lat' dir='ltr'>tantis</span> <span class='ocrx_word' id='word_1_159' title='bbox 391 1234 496 1275; x_wconf 90' lang='lat' dir='ltr'>meis</span> <span class='ocrx_word' id='word_1_160' title='bbox 532 1234 751 1274; x_wconf 80' lang='lat' dir='ltr'>laboribus</span> <span class='ocrx_word' id='word_1_161' title='bbox 782 1234 996 1288; x_wconf 86' lang='lat' dir='ltr'>tantisque</span> <span class='ocrx_word' id='word_1_162' title='bbox 1027 1234 1243 1288; x_wconf 79' lang='lat' dir='ltr'>periculiS,</span> <span class='ocrx_word' id='word_1_163' title='bbox 1285 1249 1466 1288; x_wconf 91' lang='lat' dir='ltr'>quorum</span> 
     </span>
     <span class='ocr_line' id='line_1_21' title="bbox 74 1292 1464 1347; baseline 0 -14"><span class='ocrx_word' id='word_1_164' title='bbox 74 1305 106 1329; x_wconf 79' lang='lat'>20</span> <span class='ocrx_word' id='word_1_165' title='bbox 125 1295 173 1333; x_wconf 91' lang='lat' dir='ltr'>tu</span> <span class='ocrx_word' id='word_1_166' title='bbox 210 1293 400 1333; x_wconf 88' lang='lat' dir='ltr'>omnium</span> <span class='ocrx_word' id='word_1_167' title='bbox 436 1292 646 1346; x_wconf 82' lang='lat' dir='ltr'>particeps</span> <span class='ocrx_word' id='word_1_168' title='bbox 684 1293 822 1347; x_wconf 83' lang='lat' dir='ltr'>fuisti,</span> <span class='ocrx_word' id='word_1_169' title='bbox 865 1293 975 1334; x_wconf 88' lang='lat' dir='ltr'>nihil</span> <span class='ocrx_word' id='word_1_170' title='bbox 1011 1296 1282 1334; x_wconf 91' lang='lat' dir='ltr'>consecutum</span> <span class='ocrx_word' id='word_1_171' title='bbox 1314 1296 1464 1345; x_wconf 73' lang='lat' dir='ltr'>putem.</span> 
     </span>
     <span class='ocr_line' id='line_1_22' title="bbox 126 1350 1467 1406; baseline 0 -14"><span class='ocrx_word' id='word_1_172' title='bbox 126 1350 302 1406; x_wconf 87' lang='lat' dir='ltr'>Quodsi,</span> <span class='ocrx_word' id='word_1_173' title='bbox 340 1354 387 1392; x_wconf 86' lang='lat' dir='ltr'>ut</span> <span class='ocrx_word' id='word_1_174' title='bbox 418 1351 726 1405; x_wconf 88' lang='lat' dir='ltr'>amplissimum</span> <span class='ocrx_word' id='word_1_175' title='bbox 757 1366 911 1392; x_wconf 85' lang='lat' dir='ltr'>nomen</span> <span class='ocrx_word' id='word_1_176' title='bbox 949 1366 1317 1406; x_wconf 84' lang='lat' dir='ltr'>consequeremur,</span> <span class='ocrx_word' id='word_1_177' title='bbox 1358 1366 1467 1392; x_wconf 91' lang='lat' dir='ltr'>unus</span> 
     </span>
     <span class='ocr_line' id='line_1_23' title="bbox 124 1410 1464 1464; baseline 0.001 -14"><span class='ocrx_word' id='word_1_178' title='bbox 124 1412 292 1464; x_wconf 88' lang='lat' dir='ltr'>praeter</span> <span class='ocrx_word' id='word_1_179' title='bbox 322 1413 482 1451; x_wconf 91' lang='lat' dir='ltr'>ceteros</span> <span class='ocrx_word' id='word_1_180' title='bbox 513 1410 724 1464; x_wconf 84' lang='lat' dir='ltr'>adiuvisti,</span> <span class='ocrx_word' id='word_1_181' title='bbox 757 1413 867 1451; x_wconf 87' lang='lat' dir='ltr'>certe</span> <span class='ocrx_word' id='word_1_182' title='bbox 900 1411 1022 1464; x_wconf 88' lang='lat' dir='ltr'>idem,</span> <span class='ocrx_word' id='word_1_183' title='bbox 1054 1413 1101 1451; x_wconf 91' lang='lat' dir='ltr'>ut</span> <span class='ocrx_word' id='word_1_184' title='bbox 1127 1410 1171 1451; x_wconf 93' lang='lat' dir='ltr'>id</span> <span class='ocrx_word' id='word_1_185' title='bbox 1196 1410 1464 1463; x_wconf 70' lang='lat' dir='ltr'>retineamus,</span> 
     </span>
     <span class='ocr_line' id='line_1_24' title="bbox 124 1468 1466 1522; baseline 0 -13"><span class='ocrx_word' id='word_1_186' title='bbox 124 1471 291 1522; x_wconf 86' lang='lat' dir='ltr'>praeter</span> <span class='ocrx_word' id='word_1_187' title='bbox 321 1471 481 1509; x_wconf 88' lang='lat' dir='ltr'>ceteros</span> <span class='ocrx_word' id='word_1_188' title='bbox 512 1468 760 1510; x_wconf 86' lang='lat' dir='ltr'>elaborabis.</span> <span class='ocrx_word' id='word_1_189' title='bbox 809 1469 909 1511; x_wconf 89' lang='lat' dir='ltr'>Non</span> <span class='ocrx_word' id='word_1_190' title='bbox 935 1472 998 1510; x_wconf 90' lang='lat' dir='ltr'>est</span> <span class='ocrx_word' id='word_1_191' title='bbox 1022 1469 1104 1510; x_wconf 85' lang='lat' dir='ltr'>tibi</span> <span class='ocrx_word' id='word_1_192' title='bbox 1129 1469 1196 1509; x_wconf 90' lang='lat' dir='ltr'>his</span> <span class='ocrx_word' id='word_1_193' title='bbox 1222 1469 1323 1509; x_wconf 87' lang='lat' dir='ltr'>solis</span> <span class='ocrx_word' id='word_1_194' title='bbox 1349 1471 1466 1509; x_wconf 89' lang='lat' dir='ltr'>uten—</span> 
     </span>
     <span class='ocr_line' id='line_1_25' title="bbox 127 1526 1466 1582; baseline 0.001 -15"><span class='ocrx_word' id='word_1_195' title='bbox 127 1526 226 1567; x_wconf 92' lang='lat' dir='ltr'>dum</span> <span class='ocrx_word' id='word_1_196' title='bbox 265 1527 649 1568; x_wconf 82' lang='lat' dir='ltr'>existimationibus</span> <span class='ocrx_word' id='word_1_197' title='bbox 687 1542 734 1568; x_wconf 87' lang='lat' dir='ltr'>ac</span> <span class='ocrx_word' id='word_1_198' title='bbox 771 1528 955 1582; x_wconf 86' lang='lat' dir='ltr'>iudiciis,</span> <span class='ocrx_word' id='word_1_199' title='bbox 994 1528 1066 1582; x_wconf 93' lang='lat' dir='ltr'>qui</span> <span class='ocrx_word' id='word_1_200' title='bbox 1103 1542 1215 1568; x_wconf 88' lang='lat' dir='ltr'>nunc</span> <span class='ocrx_word' id='word_1_201' title='bbox 1246 1530 1361 1581; x_wconf 87' lang='lat' dir='ltr'>sunt,</span> <span class='ocrx_word' id='word_1_202' title='bbox 1393 1528 1466 1568; x_wconf 90' lang='lat' dir='ltr'>ho-</span> 
     </span>
     <span class='ocr_line' id='line_1_26' title="bbox 74 1585 1465 1640; baseline 0.001 -15"><span class='ocrx_word' id='word_1_203' title='bbox 74 1597 107 1621; x_wconf 71' lang='grc'>25</span> <span class='ocrx_word' id='word_1_204' title='bbox 126 1585 309 1639; x_wconf 91' lang='lat' dir='ltr'>minum,</span> <span class='ocrx_word' id='word_1_205' title='bbox 353 1586 425 1626; x_wconf 89' lang='lat' dir='ltr'>sed</span> <span class='ocrx_word' id='word_1_206' title='bbox 468 1586 520 1626; x_wconf 86' lang='lat' dir='ltr'>iis</span> <span class='ocrx_word' id='word_1_207' title='bbox 564 1586 712 1639; x_wconf 82' lang='lat' dir='ltr'>etiam,</span> <span class='ocrx_word' id='word_1_208' title='bbox 757 1587 829 1640; x_wconf 89' lang='lat' dir='ltr'>qui</span> <span class='ocrx_word' id='word_1_209' title='bbox 873 1587 1005 1627; x_wconf 85' lang='lat' dir='ltr'>futuri</span> <span class='ocrx_word' id='word_1_210' title='bbox 1048 1590 1164 1626; x_wconf 90' lang='lat' dir='ltr'>sunt·</span> <span class='ocrx_word' id='word_1_211' title='bbox 1209 1601 1465 1640; x_wconf 87' lang='lat' dir='ltr'>quamquam</span> 
     </span>
    </p>
   </div>
   <div class='ocr_carea' id='block_1_3' title="bbox 127 1621 1466 1685">
    <p class='ocr_par' dir='ltr' id='par_1_3' title="bbox 127 1621 1466 1685">
     <span class='ocr_line' id='line_1_27' title="bbox 127 1621 1466 1685; baseline 0.001 -1"><span class='ocrx_word' id='word_1_212' title='bbox 127 1643 297 1684; x_wconf 91' lang='lat' dir='ltr'>illorum</span> <span class='ocrx_word' id='word_1_213' title='bbox 335 1644 414 1684; x_wconf 88' lang='lat' dir='ltr'>erit</span> <span class='ocrx_word' id='word_1_214' title='bbox 445 1644 585 1685; x_wconf 73' lang='lat' dir='ltr'>verius</span> <span class='ocrx_word' id='word_1_215' title='bbox 622 1644 825 1685; x_wconf 88' lang='lat' dir='ltr'>iudicium</span> <span class='ocrx_word' id='word_1_216' title='bbox 863 1621 1170 1685; x_wconf 66' lang='lat' dir='ltr'>obtrectatione</span> <span class='ocrx_word' id='word_1_217' title='bbox 1202 1648 1243 1685; x_wconf 85' lang='lat' dir='ltr'>et</span> <span class='ocrx_word' id='word_1_218' title='bbox 1285 1645 1466 1685; x_wconf 85' lang='lat' dir='ltr'>malevo-</span> 
     </span>
    </p>
   </div>
   <div class='ocr_carea' id='block_1_4' title="bbox 1494 248 1538 278">
    <p class='ocr_par' dir='ltr' id='par_1_4' title="bbox 1494 248 1538 278">
     <span class='ocr_line' id='line_1_28' title="bbox 1494 248 1538 278; baseline 0 0"><span class='ocrx_word' id='word_1_219' title='bbox 1494 248 1538 278; x_wconf 76' lang='lat'>42</span> 
     </span>
    </p>
   </div>
   <div class='ocr_carea' id='block_1_5' title="bbox 1457 623 1538 663">
    <p class='ocr_par' dir='ltr' id='par_1_5' title="bbox 1457 623 1538 663">
     <span class='ocr_line' id='line_1_29' title="bbox 1457 623 1538 663; baseline 0.012 -1"><span class='ocrx_word' id='word_1_220' title='bbox 1457 623 1538 663; x_wconf 77' lang='lat'>⁷15</span> 
     </span>
    </p>
   </div>
   <div class='ocr_carea' id='block_1_6' title="bbox 1493 683 1537 713">
    <p class='ocr_par' dir='ltr' id='par_1_6' title="bbox 1493 683 1537 713">
     <span class='ocr_line' id='line_1_30' title="bbox 1493 683 1537 713; baseline 0.023 -1"><span class='ocrx_word' id='word_1_221' title='bbox 1493 683 1537 713; x_wconf 73' lang='lat'>43</span> 
     </span>
    </p>
   </div>
   <div class='ocr_carea' id='block_1_7' title="bbox 124 1701 1535 1758">
    <p class='ocr_par' dir='ltr' id='par_1_7' title="bbox 124 1701 1535 1758">
     <span class='ocr_line' id='line_1_31' title="bbox 124 1701 1535 1758; baseline 0.001 -16"><span class='ocrx_word' id='word_1_222' title='bbox 124 1702 256 1742; x_wconf 84' lang='lat' dir='ltr'>lentia</span> <span class='ocrx_word' id='word_1_223' title='bbox 285 1701 522 1742; x_wconf 89' lang='lat' dir='ltr'>liberatum.</span> <span class='ocrx_word' id='word_1_224' title='bbox 584 1701 777 1756; x_wconf 88' lang='lat' dir='ltr'>Denique</span> <span class='ocrx_word' id='word_1_225' title='bbox 810 1703 937 1743; x_wconf 86' lang='lat' dir='ltr'>etiam</span> <span class='ocrx_word' id='word_1_226' title='bbox 969 1703 1075 1743; x_wconf 91' lang='lat' dir='ltr'>illud</span> <span class='ocrx_word' id='word_1_227' title='bbox 1107 1703 1233 1743; x_wconf 88' lang='lat' dir='ltr'>debes</span> <span class='ocrx_word' id='word_1_228' title='bbox 1266 1703 1464 1758; x_wconf 87' lang='lat' dir='ltr'>cogitare,</span> <span class='ocrx_word' id='word_1_229' title='bbox 1490 1714 1535 1744; x_wconf 69' lang='lat'>44</span> 
     </span>
    </p>
   </div>
   <div class='ocr_carea' id='block_1_8' title="bbox 71 1760 1465 2342">
    <p class='ocr_par' dir='ltr' id='par_1_8' title="bbox 124 1760 1465 1873">
     <span class='ocr_line' id='line_1_32' title="bbox 124 1760 1465 1815; baseline 0 -15"><span class='ocrx_word' id='word_1_230' title='bbox 124 1774 210 1801; x_wconf 90' lang='lat' dir='ltr'>non</span> <span class='ocrx_word' id='word_1_231' title='bbox 242 1762 283 1800; x_wconf 90' lang='lat' dir='ltr'>te</span> <span class='ocrx_word' id='word_1_232' title='bbox 320 1760 400 1800; x_wconf 89' lang='lat' dir='ltr'>tibi</span> <span class='ocrx_word' id='word_1_233' title='bbox 438 1761 517 1801; x_wconf 89' lang='lat' dir='ltr'>soli</span> <span class='ocrx_word' id='word_1_234' title='bbox 554 1760 735 1814; x_wconf 82' lang='lat' dir='ltr'>gloriam</span> <span class='ocrx_word' id='word_1_235' title='bbox 767 1775 977 1814; x_wconf 83' lang='lat' dir='ltr'>quaerere.</span> <span class='ocrx_word' id='word_1_236' title='bbox 1039 1760 1161 1809; x_wconf 83' lang='lat' dir='ltr'>Quod</span> <span class='ocrx_word' id='word_1_237' title='bbox 1187 1760 1222 1800; x_wconf 90' lang='lat' dir='ltr'>si</span> <span class='ocrx_word' id='word_1_238' title='bbox 1254 1764 1373 1815; x_wconf 83' lang='lat' dir='ltr'>esset,</span> <span class='ocrx_word' id='word_1_239' title='bbox 1405 1764 1465 1800; x_wconf 86' lang='lat' dir='ltr'>ta-</span> 
     </span>
     <span class='ocr_line' id='line_1_33' title="bbox 124 1818 1465 1873; baseline 0.001 -14"><span class='ocrx_word' id='word_1_240' title='bbox 124 1833 222 1859; x_wconf 89' lang='lat' dir='ltr'>men</span> <span class='ocrx_word' id='word_1_241' title='bbox 252 1833 338 1859; x_wconf 89' lang='lat' dir='ltr'>non</span> <span class='ocrx_word' id='word_1_242' title='bbox 368 1818 628 1873; x_wconf 84' lang='lat' dir='ltr'>neglegeres,</span> <span class='ocrx_word' id='word_1_243' title='bbox 668 1819 918 1872; x_wconf 87' lang='lat' dir='ltr'>praesertim</span> <span class='ocrx_word' id='word_1_244' title='bbox 949 1833 1044 1859; x_wconf 92' lang='lat' dir='ltr'>cum</span> <span class='ocrx_word' id='word_1_245' title='bbox 1076 1819 1347 1873; x_wconf 88' lang='lat' dir='ltr'>amplissimis</span> <span class='ocrx_word' id='word_1_246' title='bbox 1378 1833 1465 1860; x_wconf 90' lang='grc'><strong>1110-</strong></span> 
     </span>
    </p>

    <p class='ocr_par' dir='ltr' id='par_1_9' title="bbox 72 1877 1465 2152">
     <span class='ocr_line' id='line_1_34' title="bbox 72 1877 1464 1918; baseline 0.003 -4"><span class='ocrx_word' id='word_1_247' title='bbox 72 1889 105 1914; x_wconf 83' lang='grc'>30</span> <span class='ocrx_word' id='word_1_248' title='bbox 124 1877 338 1918; x_wconf 88' lang='lat' dir='ltr'>numentis</span> <span class='ocrx_word' id='word_1_249' title='bbox 375 1891 616 1917; x_wconf 89' lang='lat' dir='ltr'>consecrare</span> <span class='ocrx_word' id='word_1_250' title='bbox 653 1877 856 1918; x_wconf 85' lang='lat' dir='ltr'>voluisses</span> <span class='ocrx_word' id='word_1_251' title='bbox 894 1877 1143 1918; x_wconf 84' lang='lat' dir='ltr'>memoriam</span> <span class='ocrx_word' id='word_1_252' title='bbox 1173 1877 1358 1917; x_wconf 89' lang='lat' dir='ltr'>nominis</span> <span class='ocrx_word' id='word_1_253' title='bbox 1389 1877 1464 1918; x_wconf 88' lang='lat' dir='ltr'>tui.</span> 
     </span>
     <span class='ocr_line' id='line_1_35' title="bbox 126 1934 1464 1990; baseline 0 -14"><span class='ocrx_word' id='word_1_254' title='bbox 126 1934 209 1976; x_wconf 88' lang='lat' dir='ltr'>Sed</span> <span class='ocrx_word' id='word_1_255' title='bbox 234 1950 281 1976; x_wconf 90' lang='lat' dir='ltr'>ea</span> <span class='ocrx_word' id='word_1_256' title='bbox 306 1938 369 1976; x_wconf 88' lang='lat' dir='ltr'>est</span> <span class='ocrx_word' id='word_1_257' title='bbox 393 1935 474 1976; x_wconf 87' lang='lat' dir='ltr'>tibi</span> <span class='ocrx_word' id='word_1_258' title='bbox 500 1936 846 1976; x_wconf 84' lang='lat' dir='ltr'>communicanda</span> <span class='ocrx_word' id='word_1_259' title='bbox 871 1951 1046 1990; x_wconf 88' lang='lat' dir='ltr'>mecum,</span> <span class='ocrx_word' id='word_1_260' title='bbox 1078 1935 1293 1989; x_wconf 84' lang='lat' dir='ltr'>prodenda</span> <span class='ocrx_word' id='word_1_261' title='bbox 1318 1936 1464 1976; x_wconf 84' lang='lat' dir='ltr'>liberis</span> 
     </span>
     <span class='ocr_line' id='line_1_36' title="bbox 124 1994 1465 2049; baseline -0.001 -14"><span class='ocrx_word' id='word_1_262' title='bbox 124 1994 297 2047; x_wconf 72' lang='lat' dir='ltr'>nostris3</span> <span class='ocrx_word' id='word_1_263' title='bbox 329 1994 373 2034; x_wconf 88' lang='lat' dir='ltr'>in</span> <span class='ocrx_word' id='word_1_264' title='bbox 399 2008 497 2047; x_wconf 88' lang='lat' dir='ltr'>qua,</span> <span class='ocrx_word' id='word_1_265' title='bbox 530 1994 761 2034; x_wconf 83' lang='lat' dir='ltr'>cavendum</span> <span class='ocrx_word' id='word_1_266' title='bbox 793 1998 865 2049; x_wconf 89' lang='lat' dir='ltr'>est,</span> <span class='ocrx_word' id='word_1_267' title='bbox 897 2009 960 2048; x_wconf 89' lang='lat' dir='ltr'>ne,</span> <span class='ocrx_word' id='word_1_268' title='bbox 993 1995 1028 2035; x_wconf 92' lang='lat' dir='ltr'>si</span> <span class='ocrx_word' id='word_1_269' title='bbox 1053 1994 1348 2049; x_wconf 87' lang='lat' dir='ltr'>neglegentior</span> <span class='ocrx_word' id='word_1_270' title='bbox 1379 1994 1465 2035; x_wconf 88' lang='lat' dir='ltr'>fue-</span> 
     </span>
     <span class='ocr_line' id='line_1_37' title="bbox 124 2052 1464 2107; baseline 0 -14"><span class='ocrx_word' id='word_1_271' title='bbox 124 2053 202 2106; x_wconf 90' lang='lat' dir='ltr'>ris,</span> <span class='ocrx_word' id='word_1_272' title='bbox 242 2053 323 2093; x_wconf 88' lang='lat' dir='ltr'>tibi</span> <span class='ocrx_word' id='word_1_273' title='bbox 360 2067 510 2106; x_wconf 87' lang='lat' dir='ltr'>parum</span> <span class='ocrx_word' id='word_1_274' title='bbox 548 2052 826 2107; x_wconf 88' lang='lat' dir='ltr'>consuluisse,</span> <span class='ocrx_word' id='word_1_275' title='bbox 868 2053 940 2094; x_wconf 91' lang='lat' dir='ltr'>sed</span> <span class='ocrx_word' id='word_1_276' title='bbox 977 2053 1105 2093; x_wconf 88' lang='lat' dir='ltr'>etiam</span> <span class='ocrx_word' id='word_1_277' title='bbox 1145 2053 1230 2093; x_wconf 89' lang='lat' dir='ltr'>tuis</span> <span class='ocrx_word' id='word_1_278' title='bbox 1263 2052 1464 2093; x_wconf 74' lang='lat' dir='ltr'>invidisse</span> 
     </span>
     <span class='ocr_line' id='line_1_38' title="bbox 126 2111 319 2152; baseline -0.005 0"><span class='ocrx_word' id='word_1_279' title='bbox 126 2111 319 2152; x_wconf 87' lang='lat' dir='ltr'>videaris.</span> 
     </span>
    </p>

    <p class='ocr_par' dir='ltr' id='par_1_10' title="bbox 71 2169 1465 2342">
     <span class='ocr_line' id='line_1_39' title="bbox 71 2169 1465 2223; baseline -0.001 -13"><span class='ocrx_word' id='word_1_280' title='bbox 71 2179 105 2205; x_wconf 80' lang='grc'>35</span> <span class='ocrx_word' id='word_1_281' title='bbox 211 2169 353 2223; x_wconf 87' lang='lat' dir='ltr'>Atque</span> <span class='ocrx_word' id='word_1_282' title='bbox 384 2169 487 2209; x_wconf 88' lang='lat' dir='ltr'>haec</span> <span class='ocrx_word' id='word_1_283' title='bbox 517 2183 603 2209; x_wconf 91' lang='lat' dir='ltr'>non</span> <span class='ocrx_word' id='word_1_284' title='bbox 629 2183 678 2210; x_wconf 91' lang='lat' dir='ltr'>eo</span> <span class='ocrx_word' id='word_1_285' title='bbox 705 2170 912 2223; x_wconf 87' lang='lat' dir='ltr'>dicuntur,</span> <span class='ocrx_word' id='word_1_286' title='bbox 944 2172 992 2210; x_wconf 90' lang='lat' dir='ltr'>ut</span> <span class='ocrx_word' id='word_1_287' title='bbox 1018 2172 1059 2210; x_wconf 83' lang='lat' dir='ltr'>te</span> <span class='ocrx_word' id='word_1_288' title='bbox 1086 2169 1221 2210; x_wconf 84' lang='lat' dir='ltr'>oratio</span> <span class='ocrx_word' id='word_1_289' title='bbox 1253 2184 1347 2209; x_wconf 89' lang='lat' dir='ltr'>mea</span> <span class='ocrx_word' id='word_1_290' title='bbox 1373 2169 1465 2210; x_wconf 89' lang='lat' dir='ltr'>dor-</span> 
     </span>
     <span class='ocr_line' id='line_1_40' title="bbox 123 2227 1464 2282; baseline -0.001 -13"><span class='ocrx_word' id='word_1_291' title='bbox 123 2228 324 2269; x_wconf 88' lang='lat' dir='ltr'>mientem</span> <span class='ocrx_word' id='word_1_292' title='bbox 362 2228 582 2281; x_wconf 76' lang='lat' dir='ltr'>excitasse,</span> <span class='ocrx_word' id='word_1_293' title='bbox 619 2228 692 2268; x_wconf 90' lang='lat' dir='ltr'>sed</span> <span class='ocrx_word' id='word_1_294' title='bbox 727 2228 870 2282; x_wconf 89' lang='lat' dir='ltr'>potius</span> <span class='ocrx_word' id='word_1_295' title='bbox 907 2230 955 2268; x_wconf 86' lang='lat' dir='ltr'>ut</span> <span class='ocrx_word' id='word_1_296' title='bbox 994 2231 1231 2268; x_wconf 89' lang='lat' dir='ltr'>currentem</span> <span class='ocrx_word' id='word_1_297' title='bbox 1268 2227 1464 2268; x_wconf 89' lang='lat' dir='ltr'>incitasse</span> 
     </span>
     <span class='ocr_line' id='line_1_41' title="bbox 123 2286 1464 2342; baseline -0.001 -15"><span class='ocrx_word' id='word_1_298' title='bbox 123 2286 326 2327; x_wconf 84' lang='lat' dir='ltr'>videatur.</span> <span class='ocrx_word' id='word_1_299' title='bbox 376 2286 520 2327; x_wconf 85' lang='lat' dir='ltr'>Facies</span> <span class='ocrx_word' id='word_1_300' title='bbox 546 2286 658 2326; x_wconf 88' lang='lat' dir='ltr'>enim</span> <span class='ocrx_word' id='word_1_301' title='bbox 683 2289 900 2340; x_wconf 84' lang='lat' dir='ltr'>perpetuo,</span> <span class='ocrx_word' id='word_1_302' title='bbox 933 2301 1038 2340; x_wconf 82' lang='lat' dir='ltr'>quae</span> <span class='ocrx_word' id='word_1_303' title='bbox 1066 2286 1214 2342; x_wconf 86' lang='lat' dir='ltr'>fecisti,</span> <span class='ocrx_word' id='word_1_304' title='bbox 1246 2288 1294 2326; x_wconf 90' lang='lat' dir='ltr'>ut</span> <span class='ocrx_word' id='word_1_305' title='bbox 1321 2301 1464 2327; x_wconf 88' lang='lat' dir='ltr'>omnes</span> 
     </span>
    </p>
   </div>
   <div class='ocr_carea' id='block_1_9' title="bbox 1482 2138 1574 2185">
    <p class='ocr_par' dir='ltr' id='par_1_11' title="bbox 1482 2138 1574 2185">
     <span class='ocr_line' id='line_1_42' title="bbox 1482 2138 1574 2185; baseline 0.011 -1"><span class='ocrx_word' id='word_1_306' title='bbox 1482 2138 1574 2185; x_wconf 81' lang='lat'>16&#39;</span> 
     </span>
    </p>
   </div>
   <div class='ocr_carea' id='block_1_10' title="bbox 1491 2205 1535 2234">
    <p class='ocr_par' dir='ltr' id='par_1_12' title="bbox 1491 2205 1535 2234">
     <span class='ocr_line' id='line_1_43' title="bbox 1491 2205 1535 2234; baseline 0 0"><span class='ocrx_word' id='word_1_307' title='bbox 1491 2205 1535 2234; x_wconf 75' lang='lat'>45</span> 
     </span>
    </p>
   </div>
  </div>
 </body>
</html>
