1659 2552
205 87 291 129 488
704 86 1043 121 EPISTULARUM

808 215 941 258 XXV.

318 297 392 334 Ser.
419 297 573 333 Athenis
598 299 691 333 inter
715 298 803 332 merl.
829 309 874 332 m.
901 297 994 341 Sept.
1021 301 1055 332 et
1083 296 1157 332 Oet.
1184 308 1216 331 a.
1246 299 1316 332 710
1343 299 1431 341 (44).

577 378 744 414 CICERO
771 379 810 414 F.
837 378 1004 414 TIRONI
1029 378 1117 413 SUO
1145 378 1178 412 S.

294 463 389 504 Etsi
422 464 533 504 iusta
571 466 611 504 et
642 463 794 504 idonea
825 477 925 504 usus
957 477 1000 504 es
1037 462 1305 504 excusatione
1337 462 1545 503 intermis-

207 522 337 563 sionis
368 523 608 570 litterarum
639 524 830 577 tuarum,
861 524 1020 575 tamen,
1051 521 1094 562 id
1125 535 1177 562 ne
1209 520 1374 575 saepius
1405 521 1545 575 fae-ias,
1582 532 1598 557 5

207 596 322 637 rogo.
384 581 508 635 Nam,
540 580 618 622 etsi
646 581 695 622 de
721 595 765 621 re
790 596 829 635 p.
855 580 1098 621 rumoribus
1130 583 1172 621 et
1205 580 1366 620 nuntiis
1391 580 1546 621 certior

206 641 275 694 fio,
308 643 349 681 et
377 640 425 680 de
452 654 526 680 sua
551 639 595 680 in
620 654 688 680 me
713 639 932 680 voluntate
958 653 1122 693 semper
1147 638 1199 679 ad
1223 653 1290 679 me
1321 639 1546 693 perscribit

206 702 336 754 pater,
369 701 510 739 tamen
543 698 592 739 de
626 699 773 752 quavis
804 698 981 739 minima
1012 712 1056 738 re
1088 698 1244 752 scripta
1275 712 1298 738 a
1328 700 1370 738 te
1396 697 1449 738 ad
1478 711 1545 738 me

206 758 386 813 epistula
418 771 583 811 semper
614 757 696 797 fuit
726 757 979 813 gratissima.
1027 755 1175 811 Quare,
1208 770 1302 797 cum
1327 755 1372 796 in
1396 756 1546 810 primis

206 820 299 858 tuas
326 816 557 857 desiderem
582 816 758 870 litteras,
789 816 877 857 noli
904 816 1179 870 committere,
1205 818 1252 855 ut
1277 815 1545 856 excusatione
1565 826 1599 850 10

205 876 348 930 potius
374 875 542 930 expleas
569 875 757 916 officium
789 875 1000 915 scribendi
1033 889 1159 929 quam
1191 873 1436 915 assiduitate
1461 874 1546 928 epi-

208 935 427 975 stularum.
477 933 595 974 Vale.

797 1013 952 1056 XXVI.

700 1095 774 1131 Ser.
801 1107 834 1130 α.
863 1097 934 1130 ’710
960 1097 1048 1138 (4.4).

521 1164 729 1207 QUINTUS
756 1165 922 1200 TIRONI
948 1165 1036 1200 SUO
1061 1164 1100 1199 P.
1128 1165 1161 1200 S.
1188 1164 1230 1199 D.
1568 1177 1599 1202 15

295 1238 529 1280 Verberavi
560 1240 602 1279 te
634 1237 905 1293 cogitationis
935 1237 1066 1279 tacito
1093 1237 1312 1278 dumtaxat
1343 1236 1546 1291 convicio,

208 1297 322 1352 quod
352 1297 576 1338 fasciculus
607 1296 714 1337 alter
744 1296 798 1337 ad
826 1311 894 1337 me
925 1296 1010 1338 iam
1041 1296 1130 1337 sine
1155 1296 1240 1336 tuis
1270 1296 1424 1336 litteris
1453 1310 1546 1350 per-

206 1357 317 1397 latus
343 1359 415 1397 est.
459 1355 559 1396 Non
591 1358 711 1410 potes
743 1355 927 1410 effugere
959 1354 1084 1395 huius
1117 1354 1262 1408 culpae
1292 1368 1472 1408 poenam
1503 1356 1544 1395 te

207 1418 406 1469 patrono3
443 1413 611 1454 Marcus
649 1416 712 1454 est
749 1413 1029 1466 adhibendus,
1071 1413 1189 1467 isque
1223 1412 1294 1453 diu
1325 1415 1367 1453 et
1398 1412 1544 1454 multis

206 1473 574 1514 lucubrationibus
615 1474 897 1513 commentata
934 1472 1123 1512 oratione
1155 1471 1249 1512 vide
1281 1474 1328 1512 ut
1365 1471 1544 1525 probare
1564 1482 1598 1508 20

162 1544 180 1573 ‘2
206 1532 340 1586 possit
371 1535 413 1572 te
438 1545 523 1572 non
554 1545 756 1585 peccasse.
806 1530 935 1571 Plane
961 1533 1002 1570 te
1028 1544 1144 1585 rogo,
1177 1530 1236 1570 sic
1261 1533 1308 1570 ut
1334 1530 1436 1570 olim
1460 1545 1545 1571 ma-

163 2248 177 2276 1

208 1594 316 1631 trem
341 1593 531 1631 nostram
557 1590 692 1630 facere
718 1590 904 1643 memini,
930 1603 1036 1643 quae
1061 1588 1236 1644 lagonas
1256 1589 1383 1629 etiam
1409 1589 1545 1630 inanis

209 1649 477 1705 opsignabat,
514 1663 566 1689 ne
605 1648 843 1689 dicerentur
879 1648 1024 1688 inanes
1055 1647 1219 1702 aliquae
1257 1648 1402 1702 fuisse,
1440 1661 1545 1702 quae

208 1708 356 1749 furtim
388 1710 526 1748 essent
557 1707 804 1761 exsiccatae,
837 1707 896 1747 sic
926 1709 990 1760 tu,
1023 1706 1200 1761 etiamsi,
1232 1706 1345 1760 quod
1376 1706 1546 1760 scribas,

208 1781 291 1808 non
312 1766 500 1819 habebis,
527 1766 701 1807 scribito
721 1768 874 1819 tamen,
899 1780 951 1806 ne
971 1765 1132 1805 furtum
1154 1764 1398 1805 cessationis
1423 1779 1545 1819 quae·
1565 1775 1598 1800 25

208 1826 355 1866 sivisse
380 1825 571 1866 videaris.
614 1824 748 1865 Valde
775 1824 887 1865 enim
918 1824 977 1864 mi
1010 1838 1175 1878 semper
1200 1825 1241 1865 et
1267 1837 1365 1864 vera
1391 1826 1432 1864 et
1458 1823 1546 1864 dul-

208 1885 272 1925 cia
302 1884 387 1925 tuis
419 1883 612 1938 epistulis
643 1883 904 1924 nuntiantur.
966 1881 1076 1923 Ama
1106 1897 1184 1923 nos
1215 1884 1257 1923 et
1288 1881 1389 1922 vale.

786 1998 962 2040 XXVII.

568 2080 641 2115 Ser.
668 2091 720 2114 ex.
748 2091 791 2113 m.
820 2080 905 2114 Dec.
932 2091 964 2113 a.
995 2081 1064 2113 710
1092 2081 1180 2123 (44).

508 2161 547 2204 Q.
577 2160 744 2196 CICERO
772 2159 939 2194 TIRONI
964 2159 1052 2194 SUO
1080 2160 1112 2195 S.
1140 2160 1178 2194 P.
1205 2160 1247 2195 D.
1566 2173 1600 2198 30

295 2235 520 2276 Mirificam
551 2234 610 2275 mi
636 2233 973 2275 verberationem
1001 2232 1244 2274 cessationis
1270 2231 1449 2285 epistula
1481 2232 1562 2287 de-v

208 2294 326 2349 disti3
359 2309 468 2349 nam,
502 2307 606 2347 quae
632 2292 799 2347 parcius
824 2292 954 2332 frater
978 2291 1277 2345 perscripserat
1298 2290 1548 2331 verecundia
