1659 2552
202 97 289 138 472
712 97 1051 131 EPISTULARUM

199 206 299 247 esse,
332 192 405 246 qui
437 207 504 233 me
537 195 660 246 amet,
693 192 795 246 quin
828 192 939 233 idem
971 195 1013 233 te
1045 194 1168 246 amet,
1201 195 1242 234 et
1270 207 1365 234 cum
1396 195 1470 234 tua
1502 196 1544 235 et

197 266 291 292 mea
321 251 506 292 maxime
539 252 714 292 interest
746 254 786 291 te
819 251 974 305 valere,
1014 254 1105 292 tum
1136 251 1282 292 multis
1314 254 1377 293 est
1409 266 1543 294 curae.

197 309 367 364 Adhuc,
408 310 507 350 dum
539 310 645 350 mihi
685 309 801 349 nullo
840 310 932 350 loeo
973 310 1088 350 desse
1120 310 1201 364 vis,
1238 325 1469 376 numquam
1501 314 1543 352 te

198 369 447 410 confirmare
478 369 675 434 potuisti3
713 382 825 408 1111116
856 371 898 409 te
929 368 1037 409 nihil
1070 344 1264 424 impedit,
1303 369 1444 410 omnia
1476 369 1542 410 de-

196 442 317 482 pone,
350 427 517 481 eor-pon
550 427 669 467 servi.
733 426 943 475 Quantam
976 427 1241 483 diligentiam
1271 427 1314 468 in
1339 428 1542 469 valetudi-
1579 439 1595 464 5

197 500 294 527 nem
319 489 436 527 tuam
463 485 703 539 contuleris,
735 486 844 526 tanti
870 500 936 526 me
962 486 1054 527 fieri
1075 501 1099 526 a
1117 489 1159 526 te
1186 486 1391 528 iudicabo.
1424 486 1542 541 Vale,

197 545 256 586 mi
288 544 400 599 Tiro,
434 545 544 598 vale,
568 544 659 585 vale
692 547 733 585 et
765 544 888 585 salve.
950 544 1084 599 Lepta
1115 545 1195 585 tibi
1228 545 1407 586 salutem
1440 545 1543 587 dicit

198 606 240 644 et
272 618 427 645 omnes.
490 602 607 644 Vale.
658 615 723 643 VII
754 601 814 643 Id.
846 602 955 645 NOV.
987 603 1189 645 Leueade.

844 754 895 796 V.

438 835 513 871 Ser.
546 836 713 871 Leucade
746 836 827 871 VII
845 836 903 871 Id.
932 837 1024 871 Nov.
1050 848 1083 871 a.
1112 838 1182 871 704
1211 838 1300 880 (50).
1563 851 1596 875 ω

238 917 436 951 TULLIUS
463 917 524 951 ET
551 916 719 952 CICERO
747 917 808 951 ET
835 916 875 959 Q.
904 917 944 959 Q.
972 917 1139 952 TIRONI
1165 917 1500 953 HUMANISSIMO

640 976 701 1009 ΕΤ
729 975 910 1010 OPTIMO
938 976 971 1010 S.
999 976 1037 1011 P.
1064 976 1106 1011 D.

284 1070 405 1126 Vide,
433 1073 590 1125 quanta
615 1071 671 1112 sit
696 1072 740 1112 in
766 1074 808 1113 te
829 1072 1024 1112 suavitas.
1074 1071 1190 1112 Duas
1215 1072 1341 1113 horas
1361 1071 1541 1126 Thyrrei

196 1130 364 1171 fuimus.
427 1130 692 1171 Xenomenes
734 1130 887 1185 hospes
928 1134 1015 1171 tam
1056 1134 1097 1171 te
1139 1131 1300 1186 diligit,
1342 1145 1468 1185 quam
1506 1131 1539 1171 si

196 1189 351 1230 vixerit
382 1191 532 1229 tecum.
594 1187 636 1229 Is
675 1189 817 1229 omnia
854 1189 1070 1244 pollicitus
1108 1193 1187 1243 est,
1229 1204 1334 1243 quae
1366 1190 1447 1230 tibi
1480 1204 1539 1230 es·
1560 1201 1594 1227 15

196 1251 288 1288 sent
326 1262 449 1302 opus3
488 1248 700 1288 facturum
736 1251 851 1302 puto.
914 1247 1022 1288 Mihi
1062 1248 1272 1302 placebat,
1311 1248 1346 1288 si
1377 1248 1542 1289 firmior

196 1321 317 1360 esses,
350 1309 396 1347 ut
428 1309 469 1346 te
500 1305 735 1347 Leucadem
763 1307 1020 1360 deportaret,
1053 1309 1100 1347 ut
1132 1307 1192 1347 ibi
1224 1310 1264 1346 te
1297 1307 1420 1360 plane
1445 1321 1542 1347 6011-

195 1366 394 1405 firmares.
458 1363 647 1418 Videbis,
680 1365 783 1418 quid
815 1364 954 1415 Curio,
988 1365 1090 1418 quid
1121 1364 1290 1417 Lysoni,
1323 1365 1425 1418 quid
1457 1380 1541 1406 me-

196 1423 288 1464 dico
308 1423 482 1477 placeat.
527 1422 735 1463 Volebam
755 1423 807 1463 ad
825 1426 866 1464 te
887 1422 1121 1463 Marionem
1147 1424 1374 1477 remittere,
1404 1438 1540 1477 quem,

195 1496 291 1522 611111
316 1482 561 1522 meliuscule
586 1482 666 1522 tibi
694 1484 813 1535 esset,
846 1482 897 1521 ad
922 1496 988 1522 me
1015 1482 1222 1536 mitteres3
1256 1482 1327 1522 sed
1356 1482 1538 1537 cogitavi
1560 1495 1593 1519 20

195 1555 298 1581 unas
331 1540 494 1581 litteras
526 1539 761 1580 Marionem
799 1540 962 1581 adferre
1000 1554 1140 1594 posse,
1179 1555 1245 1580 me
1285 1544 1425 1581 autem
1458 1555 1541 1582 ere-

151 1633 168 1640 ..
196 1599 294 1639 bras
320 1602 571 1653 exspectare.
622 1598 788 1639 Poteris
821 1599 954 1654 igitur
980 1602 1021 1640 et
1047 1599 1192 1653 facies,
1226 1599 1260 1639 si
1292 1613 1358 1640 me
1386 1599 1540 1655 diligis,

195 1661 242 1698 ut
274 1658 428 1698 cotidie
468 1658 523 1698 sit
553 1657 733 1698 Acastus
766 1657 809 1697 in
846 1660 984 1712 portu.
1047 1657 1175 1698 Multi
1207 1661 1348 1711 erunt,
1387 1658 1541 1712 quibus

194 1719 306 1757 recte
349 1716 513 1757 litteras
559 1716 655 1757 dare
698 1716 852 1770 possis,
898 1716 970 1770 qui
1015 1716 1175 1769 adme
1215 1716 1411 1757 lubenter
1450 1731 1540 1770 per-

194 1776 351 1829 ferant,
384 1775 579 1829 equidem
599 1774 747 1815 Patras
769 1778 937 1816 euntem
958 1775 1170 1815 neminem
1191 1775 1537 1829 praetermittam.
1560 1786 1593 1811 25

193 1833 287 1890 Ego
322 1849 489 1874 omnem
521 1848 638 1887 spem
669 1833 733 1874 tui
767 1833 992 1888 diligenter
1025 1833 1197 1874 curandi
1231 1834 1273 1874 in
1308 1832 1436 1874 Curio
1468 1833 1540 1874 ha-

193 1892 284 1933 beo.
358 1892 480 1934 Nihil
523 1895 663 1946 potest
707 1892 780 1933 illo
826 1893 917 1933 fieri
961 1892 1207 1945 humanius,
1252 1891 1360 1932 nihil
1403 1892 1539 1933 nostri

194 1951 414 1992 amantius.
477 1950 530 1991 Ei
574 1954 615 1992 te
658 1953 798 1991 totum
842 1951 970 1991 trade.
1032 1950 1146 1991 Malo
1191 1954 1233 1991 te
1273 1949 1400 2004 paulo
1442 1953 1539 2004 post

193 2010 403 2051 valentem
437 2024 563 2064 quam
595 2009 741 2050 statim
773 2009 1019 2050 inbecillum
1051 2009 1203 2050 videre.
1261 2008 1371 2049 Cura
1407 2009 1540 2063 igitur

193 2069 301 2109 nihil
333 2068 465 2121 aliud,
498 2068 579 2108 nisi
612 2070 659 2108 ut
690 2067 847 2121 valeas3
885 2071 1022 2109 cetera
1054 2082 1132 2123 ego
1165 2067 1332 2108 curabo.
1395 2066 1538 2108 Etiam
1557 2079 1592 2104 30

192 2131 318 2182 atque
351 2127 479 2168 etiam
513 2127 614 2167 vale.
664 2125 854 2167 Leucade
887 2126 1159 2180 proficiscens
1191 2138 1254 2166 vn
1285 2124 1344 2166 Id.
1371 2124 1479 2167 Nov.
