1659 2552
623 93 764 128 LIBER
789 93 806 128 Ι
832 97 862 137 7,
891 98 922 130 8.
1396 94 1449 136 13

104 187 260 229 litteris
299 188 496 229 omnibus
534 203 558 229 a
595 189 778 243 pueritia
815 189 981 231 deditus
1021 190 1275 244 experiendo
1307 192 1450 231 tamen

105 246 242 302 magis
274 261 401 301 quam
432 247 629 289 discendo
662 248 859 304 cognovi,
897 251 946 290 tu
982 249 1067 289 tuis
1105 249 1232 290 rebus
1270 249 1449 305 integris

107 305 252 360 discas,
283 320 419 360 neque
451 306 599 347 salutis
629 310 797 348 nostrae
822 307 1030 348 rationem
1061 307 1299 349 habendam
1324 308 1449 349 nobis

108 378 196 405 esse
229 364 318 406 sine
350 365 557 419 dignitate
588 380 723 420 neque
756 366 976 422 dignitatis
1008 366 1097 408 sine
1129 367 1275 408 salute.

68 433 88 459 5
197 422 318 472 Quod
337 424 443 464 mihi
464 424 514 465 de
539 424 627 464 filia
647 427 688 465 et
715 425 764 466 de
785 424 1030 480 Crassipede
1055 425 1294 481 gratularis,
1321 440 1449 482 agno·
1477 437 1518 468 11

108 496 178 523 sco
210 481 518 523 humanitatem
555 485 672 524 tuam
712 498 917 538 speroque
958 487 999 525 et
1040 487 1140 538 opto
1179 484 1303 526 nobis
1340 485 1450 526 hanc

108 540 449 582 coniunctionem
474 541 685 596 voluptati
716 543 817 584 fore.
877 542 1107 584 Lentulum
1131 546 1337 598 nostrum,
1364 544 1449 585 exi-

106 599 192 639 mia
235 614 308 654 spe
349 615 535 641 summae
574 601 746 641 virtutis
786 602 1114 657 adulescentem,
1159 617 1255 643 cum
1298 603 1449 644 ceteris

107 658 288 713 artibus,
328 659 482 713 quibus
520 659 720 701 studuisti
758 675 923 715 semper
953 661 1059 716 ipse,
1099 663 1192 702 tum
1223 661 1268 702 in
1298 661 1448 716 primis

54 728 88 753 ²0
109 716 348 758 imitatione
385 718 448 758 tui
480 718 546 758 fac
577 718 760 774 erudias3
800 720 917 760 nulla
947 720 1060 760 enim
1099 720 1179 760 erit
1215 719 1295 761 hac
1331 735 1449 774 prae-

107 776 288 817 stantior
314 776 546 830 disciplina.
610 776 744 826 Quem
770 793 858 832 nos,
891 772 932 819 et
959 779 1058 832 quia
1083 781 1181 819 tuus
1207 781 1249 820 et
1281 779 1380 833 quia
1405 782 1447 820 te

106 834 259 890 dignus
291 838 352 876 est
383 836 497 876 filius
529 838 570 876 et
603 836 701 890 quia
732 851 809 877 nos
842 837 983 892 diligit
1014 852 1260 892 semperque
1287 838 1447 893 dilexit,

105 893 150 934 in
179 893 329 948 primis
360 909 548 935 amamus
581 909 806 949 carumque
836 895 1053 938 habemus.

716 1058 831 1101 VHI.

52 1150 86 1176 15
348 1139 421 1174 Ser.
450 1139 585 1175 Romae
610 1152 725 1175 mense
750 1141 932 1175 Ianuario
951 1153 984 1176 a.
1013 1144 1085 1176 699
1112 1143 1203 1184 (55).

270 1220 325 1256 M.
355 1221 545 1256 CICERO
577 1222 611 1257 S.
638 1222 688 1257 D.
716 1222 758 1258 P.
785 1223 1042 1258 LENTULO
1073 1222 1277 1258 PROCOS.

192 1303 256 1345 De
289 1305 485 1346 omnibus
517 1305 654 1361 rebus,
688 1321 793 1361 quae
825 1306 877 1347 ad
907 1309 949 1348 te
981 1306 1215 1361 pertinent,
1249 1305 1352 1359 quid
1382 1321 1446 1348 ac-
1474 1319 1491 1349 1

104 1365 214 1418 tum,
254 1364 356 1417 quid
387 1365 666 1406 constitutum
698 1365 770 1420 sit,
811 1365 914 1420 quid
943 1364 1172 1420 Pompeius
1204 1366 1446 1420 susceperit,

105 1422 264 1476 optime
291 1437 342 1463 ex
366 1422 421 1464 M.
447 1422 661 1465 Plaetorio
688 1438 926 1480 cognosceS,
953 1424 1025 1478 qui
1050 1438 1136 1465 non
1161 1424 1300 1465 solum
1319 1424 1447 1465 inter-

52 1491 86 1516 20
105 1480 187 1521 fuit
218 1481 271 1522 iis
301 1481 439 1536 rebus,
471 1482 544 1523 sed
574 1482 702 1523 etiam
727 1483 910 1537 praefuit
934 1498 1070 1537 neque
1096 1483 1231 1524 ullum
1257 1483 1447 1524 officium

107 1553 207 1595 erga
236 1541 278 1580 te
309 1539 495 1581 hominis
527 1541 817 1596 amantissimi,
848 1542 1180 1596 prudentissimi,
1212 1541 1447 1597 diligentis-

106 1597 203 1638 simi
244 1599 539 1651 praetermisit.
615 1599 683 1641 ΕΚ
726 1600 874 1642 eodem
917 1600 967 1641 de
1008 1603 1101 1642 toto
1146 1602 1259 1641 statu
1302 1615 1444 1642 rerum

107 1657 393 1698 communium
430 1672 667 1714 cognosces
730 1658 843 1708 Quae
884 1659 1027 1713 quales
1066 1659 1167 1713 sint,
1204 1673 1291 1700 non
1321 1659 1444 1700 facile

106 1716 169 1754 est
201 1714 393 1756 scribere.
455 1715 563 1757 Sunt
594 1717 765 1771 quidem
796 1720 907 1759 certe
942 1718 986 1759 in
1017 1718 1250 1761 amicorum
1279 1721 1444 1759 nostro-

53 1783 86 1808 25
105 1787 201 1813 rum
231 1775 455 1828 potestate,
493 1778 619 1829 atque
650 1776 726 1830 ita,
767 1779 814 1817 ut
850 1777 1011 1818 nullam
1042 1777 1323 1818 mutationem
1354 1791 1443 1817 um—

106 1846 233 1884 quam
262 1831 342 1872 hac
371 1831 594 1874 hominum
625 1837 760 1875 aetate
791 1835 990 1877 habitura
1020 1850 1086 1876 res
1118 1850 1206 1876 esse
1238 1835 1441 1876 videatur.

64 1917 65 1920 =
104 1888 199 1945 Ego
232 1890 413 1944 quidem,
445 1893 492 1931 ut
523 1891 666 1946 debeo,
698 1895 739 1933 et
770 1896 817 1933 ut
847 1896 938 1935 tute
969 1894 1076 1935 mihi
1106 1893 1369 1948 praecepisti,
1401 1896 1442 1934 et
1468 1904 1488 1934 2

104 1950 151 1989 ut
190 1963 258 1989 me
297 1949 432 2003 pietas
474 1950 719 2004 utilitasque
760 1952 890 2006 cogit,
933 1967 1001 1993 me
1042 1952 1094 1992 ad
1131 1952 1220 1992 eius
1257 1952 1442 1992 rationes

105 2006 307 2063 adiungo,
347 2022 472 2061 quem
509 2011 556 2049 tu
588 2008 632 2049 in
663 2008 767 2049 meis
798 2009 1035 2051 rationibus
1065 2010 1147 2050 tibi
1178 2024 1266 2050 esse
1299 2010 1443 2050 adiun—

52 2075 86 2101 30
104 2066 288 2121 gendum
306 2067 483 2121 putasti3
515 2067 587 2108 sed
617 2070 659 2108 te
684 2082 770 2108 non
793 2068 1006 2123 praeterit,
1038 2083 1164 2122 quam
1190 2068 1244 2109 sit
1270 2068 1441 2109 difficile

105 2137 273 2165 sensum
304 2125 349 2165 in
380 2140 423 2166 re
455 2125 641 2180 publica,
679 2126 927 2180 praesertim
958 2130 1119 2168 rectum
1151 2129 1192 2167 et
1224 2127 1442 2168 confirma—

103 2184 213 2238 tum,
252 2183 469 2237 deponere.
531 2183 691 2225 Verum
729 2187 870 2225 tamen
906 2186 995 2239 ipse
1031 2200 1098 2227 me
1139 2186 1357 2227 conformo
1389 2186 1442 2227 ad

104 2240 194 2282 eius
224 2242 499 2298 voluntatem,
532 2259 554 2284 a
587 2259 669 2297 quo
698 2243 873 2285 honeste
900 2244 1120 2285 dissentire
1145 2259 1231 2285 non
1255 2259 1440 2300 possum,

103 2313 239 2354 neque
270 2300 314 2341 id
344 2301 470 2356 facio,
503 2305 550 2343 ut
581 2302 759 2344 forsitan
792 2302 1044 2357 quibusdam
1075 2303 1235 2359 videar,
1273 2303 1441 2345 simula·
