1659 2552
596 60 738 95 LIBER
762 60 828 95 XV
855 64 886 104 3,
913 65 945 96 4.
1351 60 1437 101 447

96 158 238 197 motus
276 170 370 197 cum
409 155 459 196 de
498 155 621 210 Syria
657 159 749 197 tum
782 156 831 197 de
862 170 955 197 mea
986 156 1222 210 provincia,
1265 156 1314 197 de
1346 156 1441 197 reli-

98 229 180 269 qua
219 214 397 269 denique
429 213 541 255 Asia.
602 213 750 269 Itaque
790 215 1020 256 exercitum
1058 215 1164 255 mihi
1203 215 1439 256 ducendum

96 288 172 327 per
210 272 498 328 Cappadociae
537 273 754 328 regionem
791 287 900 328 eam,
939 288 1044 327 quae
1084 272 1276 314 Ciliciam
1315 274 1440 315 attin-

97 334 232 387 geret,
276 332 432 386 putavi.
494 331 627 386 Nam,
670 333 705 372 si
742 346 809 373 me
850 332 893 373 in
933 331 1125 372 Ciliciam
1167 333 1439 387 demisissem,

62 404 78 428 5
99 390 290 431 Ciliciam
317 391 487 444 quidem
514 391 647 444 ipsam
680 393 854 445 propter
881 391 1038 431 montis
1063 390 1218 431 Amani
1244 395 1439 432 naturam

98 449 221 490 facile
253 449 481 490 tenuissem
514 448 617 504 (duo
650 452 748 490 sunt
780 449 891 490 enim
924 449 1062 490 aditus
1094 450 1137 490 in
1164 449 1356 491 Ciliciam
1389 465 1440 491 ex

100 507 243 561 Syria,
285 522 466 561 quorum
506 511 683 561 uterque
723 508 864 562 parvis
901 508 1122 562 praesidiis
1158 512 1334 563 propter
1371 524 1440 549 an-

97 567 259 621 gustias
280 566 504 607 intercludi
523 569 675 621 potest,
700 581 777 607 nec
797 570 859 607 est
880 567 1105 620 quicquam
1126 565 1274 608 Cilicia
1294 570 1441 608 contra

99 625 266 679 Syriam
298 623 540 680 munitius),
582 625 653 665 sed
684 640 751 665 me
784 624 1049 679 Cappadocia
1079 626 1295 681 movebat,
1334 641 1440 680 quae

45 698 79 722 10
97 686 214 738 patet
253 698 275 723 a
314 683 437 737 Syria
474 698 677 739 regesque
714 683 843 724 habet
881 684 1119 738 finitumos,
1161 685 1233 738 qui
1274 685 1440 725 etiamsi

99 746 197 783 sunt
235 742 342 783 clam
375 742 497 782 amici
534 742 675 796 nobis,
713 745 853 783 tamen
892 746 1034 797 aperte
1070 742 1241 783 Parthis
1277 743 1441 784 inimici

98 815 187 842 esse
218 815 304 841 non
336 801 500 841 audent.
561 799 710 855 Itaque
749 801 792 841 in
829 800 1094 855 Cappadocia
1131 804 1318 842 extrema
1354 817 1441 843 non

97 860 223 915 longe
257 875 279 900 a
311 859 450 900 Tauro
483 859 594 913 apud
625 859 827 913 oppidum
861 860 1059 913 Cybistra
1091 863 1227 901 castra
1263 860 1361 914 feci,
1393 863 1441 901 ut

99 921 140 959 et
173 917 365 959 Ciliciam
397 921 538 959 tuerer
569 920 610 958 et
643 918 950 972 Cappadociam
989 922 1135 960 tenens
1173 934 1283 960 nova
1312 919 1441 960 finiti-

46 989 79 1015 15
98 991 265 1018 morum
298 977 473 1018 consilia
504 976 762 1030 impedirem.

186 1034 352 1076 Interea
390 1036 433 1076 in
464 1035 545 1076 hoc
582 1038 701 1076 tanto
732 1038 852 1076 motu
892 1038 1094 1089 tantaque
1127 1036 1440 1089 exspectatione

98 1094 274 1134 maximi
306 1094 407 1134 belli
439 1108 513 1134 rex
544 1093 788 1147 Deiotarus,
820 1093 886 1134 cui
918 1108 1003 1134 non
1037 1094 1125 1134 sine
1158 1108 1280 1135 causa
1311 1095 1440 1148 pluri-

99 1167 216 1192 mum
249 1167 413 1206 semper
450 1155 491 1192 et
521 1167 615 1193 meo
649 1156 689 1193 et
721 1155 794 1192 tuo
828 1155 869 1193 et
907 1155 1075 1193 senatus
1113 1153 1269 1193 iudicio
1308 1153 1440 1194 tribu-

99 1214 191 1251 tum
223 1214 302 1264 est,
340 1211 405 1251 vir
443 1225 537 1251 cum
574 1210 869 1251 benevolentia
907 1213 948 1251 et
985 1211 1066 1251 fide
1099 1225 1199 1266 erga
1234 1212 1440 1265 populum

47 1283 80 1307 ρο
99 1268 148 1310 R.
181 1269 386 1324 singulari
423 1272 515 1309 tum
554 1269 787 1323 praestanti
824 1269 1116 1325 magnitudine
1155 1272 1196 1310 et
1237 1270 1367 1310 animi
1400 1273 1441 1311 et

100 1328 285 1382 consilii,
328 1328 490 1383 legatos
531 1328 584 1368 ad
623 1343 690 1368 me
730 1328 847 1368 misit
888 1342 929 1368 se
975 1342 1069 1368 cum
1114 1329 1311 1369 omnibus
1355 1329 1441 1369 suis

100 1386 232 1440 copiis
263 1386 307 1427 in
338 1401 431 1427 mea
457 1389 593 1426 castra
619 1401 707 1427 esse
732 1389 969 1427 venturum.
1033 1386 1162 1427 Cuius
1189 1402 1267 1442 ego
1299 1387 1440 1428 studio

100 1445 325 1499 officioque
358 1447 593 1486 commotus
625 1445 693 1501 egi
725 1445 762 1485 ei
800 1459 875 1499 per
905 1445 1069 1485 litteras
1100 1446 1276 1500 gratias,
1314 1446 1440 1500 idque

101 1505 148 1543 ut
178 1506 421 1557 maturaret,
452 1503 648 1544 hortatus
680 1518 782 1544 sum.
847 1502 953 1543 Cum
985 1506 1126 1544 autem
1159 1504 1211 1544 ad
1243 1503 1441 1557 Cybistra

48 1574 80 1598 25
100 1564 274 1614 propter
314 1562 521 1602 rationem
562 1562 663 1602 belli
705 1562 890 1615 quinque
933 1562 1020 1602 dies
1063 1576 1196 1603 essem
1239 1566 1440 1617 moratus,

102 1633 244 1674 regem
264 1619 605 1673 Ariobarzanem,
633 1620 750 1660 cuius
777 1620 955 1660 salutem
981 1635 1004 1660 a
1030 1624 1176 1661 senatu
1202 1623 1244 1661 te
1271 1624 1441 1662 auctore

102 1678 437 1718 commendatam
473 1678 700 1731 habebam,
740 1678 1032 1731 praesentibus
1072 1679 1238 1719 insidiis
1275 1680 1442 1732 necopi-

101 1739 273 1779 nantem
309 1736 486 1777 liberavi
523 1750 658 1789 neque
697 1737 833 1776 solum
866 1736 903 1776 ei
936 1736 1061 1776 saluti
1093 1737 1172 1790 fui,
1210 1737 1282 1777 sed
1314 1737 1442 1777 etiam

102 1794 262 1848 curavi,
294 1797 341 1834 ut
373 1808 467 1834 cum
499 1794 749 1834 auctoritate
782 1797 986 1848 regnaret.
1048 1793 1240 1835 Metram‘
1261 1797 1313 1848 et,
1346 1809 1442 1835 eum

49 1865 82 1890 30
102 1867 227 1907 quem
275 1855 322 1893 tu
371 1852 477 1893 mihi
521 1852 746 1907 diligenter
795 1852 1127 1906 commendaras,
1175 1852 1442 1894 Athenaeum

102 1912 410 1965 inportunitate
447 1910 699 1951 Athenaidis
737 1910 885 1950 exsilio
930 1910 1133 1951 multatos
1175 1912 1220 1951 in
1257 1912 1443 1952 maxima

103 1970 214 2024 apud
255 1984 397 2025 regem
442 1968 692 2009 auctoritate
732 1969 952 2023 gratiaque
998 1969 1218 2023 constitui,
1263 1984 1440 2023 cumque

102 2043 304 2083 magnum
341 2028 500 2068 bellum
538 2027 581 2067 in
615 2026 878 2080 Cappadocia
911 2028 1211 2081 concitaretur,
1244 2028 1278 2067 si
1311 2042 1441 2069 sacer-

103 2086 178 2127 dos
203 2087 330 2127 armis
357 2101 410 2139 se,
443 2085 557 2139 quod
580 2086 767 2125 facturus
792 2085 1034 2139 putabatur,
1064 2086 1315 2140 defenderet,
1343 2087 1441 2128 adu-

49 2156 82 2181 35
102 2145 261 2185 lescens
290 2148 331 2185 et
358 2144 548 2198 equitatu
580 2145 621 2184 et
651 2143 842 2196 peditatu
869 2146 909 2183 et
940 2144 1117 2197 pecunia
1147 2147 1318 2198 paratus
1343 2146 1373 2198 †
1399 2148 1441 2186 et

102 2205 194 2244 toto
220 2203 283 2257 iis,
310 2204 381 2257 qui
407 2202 554 2242 novari
580 2201 740 2254 aliquid
759 2201 968 2255 volebant,
994 2202 1162 2256 perfeci,
1189 2205 1235 2242 ut
1261 2216 1282 2242 e
1309 2218 1439 2259 regno

102 2261 173 2302 ille
200 2261 440 2315 discederet,
473 2274 628 2314 rexque
654 2259 741 2300 sine
766 2260 952 2300 tumultu
979 2275 1025 2300 ac
1057 2261 1144 2301 sine
1171 2260 1298 2301 armis
1325 2262 1439 2302 omni
