1659 2552
155 109 239 151 286
649 108 988 144 EPISTULARUM

154 208 368 260 praestare
403 219 590 260 possem,
629 204 773 259 quales
811 204 948 244 adhue
985 203 1166 244 fuerunt.
1234 202 1325 245 Nos
1362 202 1499 244 adhue

154 265 224 306 hie
262 264 404 305 omnia
441 265 608 319 integra
645 263 934 304 sustinuimus.
1003 261 1125 311 Quod
1165 262 1388 303 consilium
1425 276 1498 303 no-

155 327 303 377 strum,
329 323 420 376 etsi,
447 326 603 377 quanta
624 323 679 363 sit
700 322 879 362 aviditas
903 321 1127 362 hominum
1152 335 1238 362 non
1263 321 1352 362 sine
1374 335 1497 362 eausa

153 383 183 437 †
203 383 301 423 talis
331 382 544 436 victoriae,
578 382 675 434 seio,
708 384 850 421 tamen
875 380 997 421 vobis
1022 379 1195 433 probari
1221 394 1353 434 spero.
1396 378 1496 422 Non

154 441 284 494 enim,
323 441 357 482 si
390 441 492 495 quid
523 441 567 480 in
598 440 664 480 his
703 439 957 480 exercitibus
995 439 1050 479 sit
1083 438 1306 493 offensum,
1343 453 1498 494 magna
1534 450 1551 477 5

154 500 341 540 subsidia
379 514 444 540 res
481 515 519 553 p.
552 498 680 539 habet
717 497 929 552 expedita,
967 497 1122 552 quibus
1161 497 1304 538 subito
1336 497 1497 552 impetu

154 573 201 600 ao
225 558 449 599 latrocinio
474 557 782 612 parricidarum
808 557 985 597 resistat.
1032 555 1186 610 Copias
1205 570 1305 597 vero
1331 558 1497 597 nostras

153 619 275 658 notas
307 617 386 657 tibi
419 631 506 657 esse
539 616 734 657 arbitror.
794 615 844 656 In
871 615 1018 656 castris
1043 615 1148 656 meis
1179 615 1368 670 legiones
1399 617 1498 656 sunt

154 679 375 717 veteranae
408 678 504 729 tres,
537 675 726 715 tironum
751 675 818 716 vel
849 674 1184 715 luculentissima
1215 688 1267 714 ex
1299 673 1496 714 omnibus
1524 685 1526 687 ’

155 750 255 788 una,
288 735 331 775 in
363 734 511 774 castris
538 733 665 774 Bruti
698 748 781 774 una
812 736 1010 774 veterana
1041 733 1174 788 legio,
1207 732 1339 773 altera
1370 732 1496 787 bima,
1517 745 1550 770 10

155 797 250 834 octo
283 793 481 834 tironum.
542 791 609 833 Ita
640 793 862 833 universus
887 792 1096 833 exereitus
1121 805 1296 832 numero
1329 790 1498 846 amplis-

155 853 285 893 simus
318 855 391 906 est,
423 851 625 892 firmitate
657 851 845 907 exiguus.
907 850 1122 900 Quantum
1163 852 1304 891 autem
1335 850 1379 891 in
1411 850 1498 891 aeie

155 911 285 952 tironi
313 911 366 951 sit
388 910 750 964 committendum,
777 909 957 950 nimium
983 924 1105 963 saepe
1126 911 1348 963 expertum
1372 908 1498 950 habe·

154 985 258 1010 mus.
321 969 389 1010 Ad
418 969 500 1009 hoe
530 969 661 1010 robur
691 971 936 1010 nostrorum
975 968 1235 1009 exercituum
1267 968 1354 1009 sive
1385 966 1498 1008 Afri-

156 1043 283 1069 canus
315 1028 533 1082 exereitus,
566 1028 639 1082 qui
671 1030 734 1069 est
758 1030 992 1081 veteranus,
1024 1027 1111 1068 sive
1144 1025 1333 1068 Caesaris
1364 1040 1496 1067 acces·
1516 1039 1550 1065 15

156 1088 294 1140 sisset,
344 1101 478 1141 aequo
528 1087 669 1127 animo
719 1101 927 1127 summam
970 1100 1059 1127 rem
1101 1101 1139 1140 p.
1185 1086 1230 1126 in
1273 1085 1498 1126 discrimen

158 1146 475 1200 ‹ledueeremus3
514 1145 731 1200 aliquanto
770 1148 911 1186 autem
939 1145 1122 1199 'propius
1154 1158 1260 1198 esse,
1302 1144 1416 1198 quod
1446 1144 1498 1184 ad

158 1204 377 1246 Caesarem
409 1204 583 1259 attinet,
615 1204 872 1245 videbamus.
932 1203 1056 1245 Nihil
1087 1203 1230 1244 destiti
1261 1217 1358 1244 eum
1387 1202 1498 1243 litte-

157 1264 215 1304 ris
246 1263 422 1317 hortari,
453 1277 588 1317 neque
615 1263 685 1303 ille
712 1262 940 1304 intermisit
960 1262 1182 1303 adfirmare
1202 1276 1244 1302 se
1265 1261 1354 1302 sine
1378 1275 1498 1302 mora

156 1322 310 1375 venire,
343 1336 438 1362 eum
470 1321 641 1362 interim
673 1336 865 1363 aversum
897 1321 1019 1361 illum
1051 1321 1103 1361 ab
1135 1321 1214 1361 hae
1239 1320 1496 1376 cogitatione
1517 1332 1550 1358 ἑο

157 1381 209 1421 ad
247 1380 329 1420 alia
369 1380 545 1420 consilia
580 1380 703 1421 video
744 1394 786 1421 se
828 1379 1066 1420 contulisse.
1134 1378 1228 1434 Ego
1266 1381 1408 1419 tamen
1445 1378 1498 1419 ad

157 1453 252 1479 eum
283 1438 489 1479 Furnium
525 1441 718 1479 nostrum
751 1453 846 1479 cum
876 1437 1086 1479 mandatis
1116 1437 1355 1491 litterisque
1387 1437 1497 1491 misi,

113 1510 125 1527 .-
158 1498 192 1538 si
234 1497 336 1551 quid
375 1498 485 1537 forte
526 1498 728 1551 proficere
768 1499 921 1552 posset.
996 1495 1085 1537 Scis
1126 1499 1193 1550 tu,
1236 1496 1295 1536 mi
1338 1494 1496 1550 Cicero,

158 1556 272 1611 quod
302 1555 354 1596 ad
381 1555 569 1597 Caesaris
595 1570 781 1597 amorem
813 1555 975 1609 attinet,
1008 1555 1251 1596 societatem
1277 1554 1382 1595 mihi
1409 1568 1497 1595 esse

157 1618 308 1669 tecum,
339 1614 407 1655 vel
438 1614 551 1669 quod
577 1614 621 1655 in
646 1615 934 1655 familiaritate
961 1613 1150 1655 Caesaris
1180 1614 1278 1655 vivo
1311 1613 1385 1654 illo
1411 1613 1496 1654 iam
1515 1625 1549 1650 25

156 1674 267 1714 tueri
299 1688 394 1714 eum
427 1676 469 1714 et
501 1673 676 1729 diligere
708 1674 789 1714 fuit
815 1673 921 1714 mihi
946 1687 1125 1727 necesse,
1157 1672 1224 1713 vel
1250 1672 1364 1726 quod
1395 1671 1495 1727 ipse,

157 1732 296 1786 quoad
327 1746 406 1787 ego
437 1746 559 1773 nosse
591 1732 729 1786 potui,
770 1732 1097 1773 moderatissimi
1129 1734 1254 1786 atque
1285 1731 1496 1771 humanis-

156 1791 252 1832 simi
284 1791 366 1831 fuit
397 1805 553 1843 sensuS,
586 1791 652 1832 vel
678 1791 791 1845 quod
820 1806 871 1832 ex
896 1793 984 1832 tam
1010 1790 1168 1846 insigni
1193 1789 1379 1830 amicitia
1403 1804 1497 1830 mea

156 1853 282 1904 atque
316 1848 505 1890 Caesaris
536 1850 650 1891 hune
679 1850 758 1890 filii
789 1850 882 1891 loeo
915 1852 955 1890 et
993 1849 1108 1890 illius
1140 1852 1182 1890 et
1212 1851 1353 1889 vestro
1391 1848 1496 1889 iudi-

156 1909 221 1949 cio
242 1908 521 1963 supstitutum
546 1923 632 1949 non
656 1908 833 1963 proinde
858 1908 1013 1949 habere
1032 1911 1155 1961 turpe
1186 1907 1292 1948 mihi
1317 1906 1494 1947 videtur.
1515 1919 1549 1943 30

118 1980 125 1988 ‘
157 1966 238 2008 Sed
276 1966 499 2023 (quioquid
535 1967 615 2008 tibi
653 1967 810 2022 scribo,
849 1967 1040 2008 dolenter
1070 1965 1330 2007 mehercules
1359 1965 1496 2021 magis

155 2041 281 2080 quam
312 2026 481 2067 inimice
513 2024 640 2082 facio)
673 2026 787 2080 quod
817 2026 924 2067 vivit
954 2024 1168 2066 Antonius
1199 2024 1341 2078 hodie,
1383 2023 1496 2078 quod

153 2084 338 2139 Lepidus
375 2100 459 2126 una
496 2088 576 2139 est,
614 2085 728 2139 quod
765 2084 973 2126 exereitus
1004 2084 1164 2124 habent
1194 2097 1280 2124 non
1312 2085 1496 2123 contem-

154 2144 330 2198 nendos,
369 2144 483 2198 quod
513 2147 699 2198 sperant,
732 2143 847 2198 quod
878 2143 1044 2197 audent,
1078 2156 1200 2183 omne
1233 2140 1400 2182 Caesari
1433 2154 1496 2181 ac-

155 2205 323 2255 ceptum
349 2203 505 2244 referre
530 2205 719 2257 possunt.
766 2201 916 2256 Neque
941 2216 1020 2257 ego
1048 2201 1263 2255 superiora
1288 2202 1495 2254 repetam3
1515 2209 1549 2235 35

156 2261 228 2300 sed
260 2276 310 2301 ex
343 2275 391 2302 eo
423 2263 624 2316 tempore,
657 2275 741 2315 quo
772 2261 861 2315 ipse
892 2260 999 2301 mihi
1030 2260 1242 2314 professus
1275 2261 1336 2299 est
1363 2272 1405 2299 se
1430 2271 1497 2299 ve-

158 2319 266 2372 nire,
309 2320 342 2361 si
380 2320 523 2361 venire
560 2320 779 2374 voluisset,
820 2322 894 2360 aut
933 2333 1178 2373 oppressum
1216 2318 1300 2358 iam
1338 2316 1497 2358 bellum

1639 1697 1654 1816 Man-c
1648 1679 1653 1683 Α
