1659 2552
431 669 519 711 AD
562 647 887 718 QUINTUM'
921 665 1252 708 FRATREM

594 760 733 794 LIBER
760 758 1015 794 SECUNDUS.

790 866 820 908 Ι.

455 948 528 983 Ser.
557 948 693 983 Romae
717 960 761 983 m.
787 948 875 983 Dec.
901 960 934 982 a.
963 950 1035 982 697
1063 950 1155 991 (57).

102 1042 120 1066 5
379 1030 572 1065 MARCUS
600 1028 778 1072 QUINTO
805 1029 982 1063 FRATRI
1008 1028 1241 1063 SALUTEM.

228 1114 477 1169 Epistolam,
511 1130 636 1168 quam
667 1114 821 1169 legisti,
852 1128 974 1154 mane
1008 1113 1212 1153 dederam.
1265 1111 1347 1153 Sed
1378 1112 1477 1152 fecit
1506 1121 1522 1150 1

138 1173 380 1214 humaniter
410 1174 617 1227 Licinius,
650 1173 763 1227 quod
794 1172 847 1212 ad
876 1187 943 1212 me
974 1172 1102 1212 misso
1136 1174 1282 1212 senatu
1315 1170 1477 1224 vesperi

139 1232 272 1286 venit,
310 1235 374 1286 ut,
413 1232 448 1272 si
480 1232 582 1286 quid
613 1234 721 1272 esset
752 1234 910 1284 actum,
943 1230 995 1271 ad
1025 1233 1084 1283 te,
1117 1230 1152 1270 si
1182 1229 1289 1270 mihi
1320 1230 1478 1270 videre-

140 1294 220 1345 tur,
251 1291 565 1344 perscriberem.
628 1289 806 1331 Senatus
832 1290 913 1330 fuit
942 1289 1215 1343 frequentior,
1248 1303 1374 1342 quam
1405 1302 1479 1342 pu-

86 1364 120 1388 10
139 1350 334 1390 tabamus
371 1364 458 1390 esse
496 1364 618 1403 posse
650 1363 791 1389 mense
830 1348 1055 1389 Decembri
1093 1348 1170 1388 sub
1209 1347 1296 1388 dies
1337 1347 1478 1387 festos.

141 1407 391 1449 Consulares
428 1423 504 1449 nos
542 1408 699 1448 fuimus
740 1411 781 1448 et
821 1407 902 1448 duo
945 1407 1136 1447 consules
1177 1406 1401 1461 designati,
1433 1405 1478 1446 P.

141 1466 364 1520 Servilius,
404 1466 460 1507 M.
498 1466 719 1521 Lucullus,
763 1465 964 1520 Lepidus,
1005 1464 1250 1519 Volcacius,
1293 1463 1479 1519 Glabrio,

140 1528 365 1579 praetores.
428 1524 535 1566 Sane
585 1526 826 1579 frequentes
875 1525 1054 1578 fuimus,
1105 1524 1276 1565 omnino
1321 1523 1373 1563 ad
1414 1533 1480 1564 CC.

143 1582 387 1624 Commorat
437 1584 792 1638 exspectationem
835 1583 997 1637 Lupus3
1041 1583 1128 1638 egit
1178 1597 1345 1623 causam
1389 1581 1480 1637 agri

88 1655 122 1679 15
144 1642 345 1695 Campani
384 1657 481 1683 sane
520 1646 721 1683 accurate.
783 1642 968 1682 Auditus
1006 1644 1068 1682 est
1105 1656 1260 1696 magno
1299 1640 1479 1681 silentio.

142 1700 364 1740 Materiam
396 1701 455 1741 rei
486 1715 573 1741 non
604 1701 785 1755 ignoras.
835 1699 957 1740 Nihil
983 1714 1034 1740 ex
1059 1700 1216 1740 nostris
1243 1698 1481 1739 actionibus

142 1758 436 1813 praetermisit.
498 1758 687 1799 Fuerunt
723 1772 808 1798 non
848 1758 954 1798 nulli
996 1757 1129 1798 aculei
1166 1758 1210 1797 in
1250 1755 1481 1811 Caesarem,

144 1817 422 1858 contumeliae
460 1817 503 1857 in
543 1816 744 1870 Gellium,
786 1816 1145 1870 expostulationes
1183 1830 1278 1856 cum
1310 1815 1481 1856 absente

142 1876 356 1930 Pompeio.
409 1874 542 1916 Causa
568 1890 659 1916 sero
685 1877 880 1929 perorata
906 1875 1134 1915 sententias
1160 1889 1202 1915 se
1233 1877 1483 1929 rogaturum

91 1947 124 1972 20
144 1935 335 1990 negavit,
366 1948 418 1974 ne
451 1934 565 1987 quod
596 1948 701 1974 onus
733 1934 960 1974 simultatis
991 1933 1115 1973 nobis
1146 1933 1399 1986 imponeret,
1432 1947 1483 1973 ex

145 1993 411 2047 superiorum
447 1995 687 2046 temporum
719 1992 919 2033 conviciis
951 1994 993 2032 et
1030 2006 1081 2032 ex
1117 1992 1328 2045 praesenti
1360 1991 1483 2032 silen-

144 2051 223 2106 tio,
256 2051 358 2105 quid
390 2054 557 2091 senatus
589 2051 780 2104 sentiret,
823 2065 864 2091 se
897 2050 1152 2105 intellegere.
1214 2049 1335 2090 Dixit
1365 2049 1482 2090 Milo.

146 2108 295 2164 Coepit
340 2109 562 2150 dimittere.
624 2109 732 2149 Tum
775 2108 1062 2149 Marcellinus:
1107 2108 1287 2162 tNoli',
1331 2108 1483 2162 inquit,

145 2168 224 2208 ‘ex
259 2168 618 2208 taciturnitate
658 2170 848 2221 nostra,
892 2167 1043 2221 Lupe,
1088 2166 1209 2220 quid
1246 2169 1330 2207 aut
1370 2181 1484 2220 pro-

93 2236 126 2261 25
146 2226 316 2267 bemus
353 2226 445 2266 hoc
476 2229 700 2280 tempore
732 2228 815 2266 aut
853 2225 1209 2279 improbemus,
1247 2225 1483 2266 iudicare.

146 2283 269 2340 Ego,
307 2285 438 2338 quod
470 2284 527 2325 ad
558 2299 630 2325 me
662 2284 867 2337 attinet,
903 2284 1121 2337 itemque
1155 2283 1380 2324 arbitror
1411 2298 1485 2325 ce-
