<?xml version="1.0" encoding="UTF-8"?>
<!DOCTYPE html PUBLIC "-//W3C//DTD XHTML 1.0 Transitional//EN"
    "http://www.w3.org/TR/xhtml1/DTD/xhtml1-transitional.dtd">
<html xmlns="http://www.w3.org/1999/xhtml" xml:lang="en" lang="en">
 <head>
  <title>
</title>
<meta http-equiv="Content-Type" content="text/html;charset=utf-8" />
  <meta name='ocr-system' content='tesseract 3.04.00' />
  <meta name='ocr-capabilities' content='ocr_page ocr_carea ocr_par ocr_line ocrx_word'/>
</head>
<body>
  <div class='ocr_page' id='page_1' title='image "./p1scriptaquaemanse03ciceuoft_0232.png"; bbox 0 0 1659 2552; ppageno 0'>
   <div class='ocr_carea' id='block_1_1' title="bbox 126 117 958 160">
    <p class='ocr_par' dir='ltr' id='par_1_1' title="bbox 126 117 958 160">
     <span class='ocr_line' id='line_1_1' title="bbox 126 117 958 160; baseline -0.013 0"><span class='ocrx_word' id='word_1_1' title='bbox 126 118 210 160; x_wconf 84' lang='lat'>134</span> <span class='ocrx_word' id='word_1_2' title='bbox 617 117 958 152; x_wconf 85' lang='lat' dir='ltr'>EPISTULARUM</span> 
     </span>
    </p>
   </div>
   <div class='ocr_carea' id='block_1_2' title="bbox 74 211 1518 2377">
    <p class='ocr_par' dir='ltr' id='par_1_2' title="bbox 74 211 1518 1309">
     <span class='ocr_line' id='line_1_2' title="bbox 74 211 1465 256; baseline -0.002 -1"><span class='ocrx_word' id='word_1_3' title='bbox 74 225 95 256; x_wconf 86' lang='lat'>4</span> <span class='ocrx_word' id='word_1_4' title='bbox 122 214 166 255; x_wconf 91' lang='lat' dir='ltr'>in</span> <span class='ocrx_word' id='word_1_5' title='bbox 192 214 430 255; x_wconf 86' lang='lat' dir='ltr'>rationibus</span> <span class='ocrx_word' id='word_1_6' title='bbox 456 213 612 254; x_wconf 84' lang='lat' dir='ltr'>rettuli.</span> <span class='ocrx_word' id='word_1_7' title='bbox 676 212 758 253; x_wconf 90' lang='lat' dir='ltr'>Sed</span> <span class='ocrx_word' id='word_1_8' title='bbox 784 213 843 253; x_wconf 82' lang='lat' dir='ltr'>sic</span> <span class='ocrx_word' id='word_1_9' title='bbox 868 226 934 253; x_wconf 90' lang='lat' dir='ltr'>me</span> <span class='ocrx_word' id='word_1_10' title='bbox 961 214 1002 252; x_wconf 86' lang='lat' dir='ltr'>et</span> <span class='ocrx_word' id='word_1_11' title='bbox 1028 211 1298 252; x_wconf 77' lang='lat' dir='ltr'>liberalitatis</span> <span class='ocrx_word' id='word_1_12' title='bbox 1323 211 1465 253; x_wconf 83' lang='lat' dir='ltr'>fructu</span> 
     </span>
     <span class='ocr_line' id='line_1_3' title="bbox 121 265 1464 328; baseline -0.002 -14"><span class='ocrx_word' id='word_1_13' title='bbox 121 273 263 328; x_wconf 83' lang='lat' dir='ltr'>privas</span> <span class='ocrx_word' id='word_1_14' title='bbox 300 275 342 314; x_wconf 89' lang='lat' dir='ltr'>et</span> <span class='ocrx_word' id='word_1_15' title='bbox 380 273 625 327; x_wconf 81' lang='lat' dir='ltr'>diligent-iae</span> <span class='ocrx_word' id='word_1_16' title='bbox 658 275 719 325; x_wconf 89' lang='lat' dir='ltr'>et,</span> <span class='ocrx_word' id='word_1_17' title='bbox 761 271 873 324; x_wconf 87' lang='lat' dir='ltr'>quod</span> <span class='ocrx_word' id='word_1_18' title='bbox 913 270 1088 311; x_wconf 89' lang='lat' dir='ltr'>minime</span> <span class='ocrx_word' id='word_1_19' title='bbox 1126 273 1267 311; x_wconf 85' lang='lat' dir='ltr'>tamen</span> <span class='ocrx_word' id='word_1_20' title='bbox 1304 265 1464 324; x_wconf 81' lang='lat' dir='ltr'>laboro,</span> 
     </span>
     <span class='ocr_line' id='line_1_4' title="bbox 122 329 1465 384; baseline -0.001 -12"><span class='ocrx_word' id='word_1_21' title='bbox 122 331 346 372; x_wconf 90' lang='lat' dir='ltr'>mediocris</span> <span class='ocrx_word' id='word_1_22' title='bbox 383 331 511 372; x_wconf 80' lang='lat' dir='ltr'>etiam</span> <span class='ocrx_word' id='word_1_23' title='bbox 549 330 816 384; x_wconf 77' lang='lat' dir='ltr'>prudentiae,</span> <span class='ocrx_word' id='word_1_24' title='bbox 858 329 1145 383; x_wconf 78' lang='lat' dir='ltr'>liberalitatis,</span> <span class='ocrx_word' id='word_1_25' title='bbox 1187 329 1300 383; x_wconf 91' lang='lat' dir='ltr'>quod</span> <span class='ocrx_word' id='word_1_26' title='bbox 1330 329 1465 370; x_wconf 78' lang='lat' dir='ltr'>mavis</span> 
     </span>
     <span class='ocr_line' id='line_1_5' title="bbox 122 388 1465 443; baseline -0.002 -12"><span class='ocrx_word' id='word_1_27' title='bbox 122 390 283 431; x_wconf 86' lang='lat' dir='ltr'>scribae</span> <span class='ocrx_word' id='word_1_28' title='bbox 315 390 398 430; x_wconf 93' lang='lat' dir='ltr'>mei</span> <span class='ocrx_word' id='word_1_29' title='bbox 436 389 640 430; x_wconf 77' lang='lat' dir='ltr'>beneficio</span> <span class='ocrx_word' id='word_1_30' title='bbox 673 403 798 442; x_wconf 91' lang='lat' dir='ltr'>quam</span> <span class='ocrx_word' id='word_1_31' title='bbox 830 402 924 429; x_wconf 93' lang='lat' dir='ltr'>meo</span> <span class='ocrx_word' id='word_1_32' title='bbox 956 388 1145 443; x_wconf 89' lang='lat' dir='ltr'>legatum</span> <span class='ocrx_word' id='word_1_33' title='bbox 1176 402 1317 429; x_wconf 91' lang='lat' dir='ltr'>meum</span> <span class='ocrx_word' id='word_1_34' title='bbox 1348 402 1465 442; x_wconf 88' lang='lat' dir='ltr'>prae—</span> 
     </span>
     <span class='ocr_line' id='line_1_6' title="bbox 121 446 1518 503; baseline -0.002 -14"><span class='ocrx_word' id='word_1_35' title='bbox 121 450 362 503; x_wconf 85' lang='lat' dir='ltr'>fectumque</span> <span class='ocrx_word' id='word_1_36' title='bbox 395 448 440 497; x_wconf 85' lang='lat' dir='ltr'>Q.</span> <span class='ocrx_word' id='word_1_37' title='bbox 472 448 648 502; x_wconf 86' lang='lat' dir='ltr'>Leptam</span> <span class='ocrx_word' id='word_1_38' title='bbox 680 447 865 487; x_wconf 91' lang='lat' dir='ltr'>maxima</span> <span class='ocrx_word' id='word_1_39' title='bbox 896 446 1133 487; x_wconf 83' lang='lat' dir='ltr'>calamitate</span> <span class='ocrx_word' id='word_1_40' title='bbox 1164 446 1337 500; x_wconf 85' lang='lat' dir='ltr'>levatos,</span> <span class='ocrx_word' id='word_1_41' title='bbox 1369 460 1464 487; x_wconf 91' lang='lat' dir='ltr'>cum</span> <span class='ocrx_word' id='word_1_42' title='bbox 1501 458 1518 484; x_wconf 91' lang='lat'><strong>5</strong></span> 
     </span>
     <span class='ocr_line' id='line_1_7' title="bbox 122 505 1464 562; baseline -0.001 -14"><span class='ocrx_word' id='word_1_43' title='bbox 122 508 371 562; x_wconf 88' lang='lat' dir='ltr'>praesertim</span> <span class='ocrx_word' id='word_1_44' title='bbox 426 522 511 548; x_wconf 90' lang='lat' dir='ltr'>non</span> <span class='ocrx_word' id='word_1_45' title='bbox 561 507 762 547; x_wconf 87' lang='lat' dir='ltr'>deberent</span> <span class='ocrx_word' id='word_1_46' title='bbox 811 520 899 546; x_wconf 89' lang='lat' dir='ltr'>esse</span> <span class='ocrx_word' id='word_1_47' title='bbox 950 505 1150 561; x_wconf 82' lang='lat' dir='ltr'>obligati,</span> <span class='ocrx_word' id='word_1_48' title='bbox 1207 505 1464 561; x_wconf 83' lang='lat' dir='ltr'>diligentiae,</span> 
     </span>
     <span class='ocr_line' id='line_1_8' title="bbox 124 564 1466 620; baseline -0.002 -13"><span class='ocrx_word' id='word_1_49' title='bbox 124 566 238 620; x_wconf 93' lang='lat' dir='ltr'>quod</span> <span class='ocrx_word' id='word_1_50' title='bbox 275 566 491 607; x_wconf 83' lang='lat' dir='ltr'>existimas</span> <span class='ocrx_word' id='word_1_51' title='bbox 529 565 578 606; x_wconf 92' lang='lat' dir='ltr'>de</span> <span class='ocrx_word' id='word_1_52' title='bbox 611 567 729 605; x_wconf 85' lang='lat' dir='ltr'>tanto</span> <span class='ocrx_word' id='word_1_53' title='bbox 763 564 904 605; x_wconf 87' lang='lat' dir='ltr'>officio</span> <span class='ocrx_word' id='word_1_54' title='bbox 936 578 1048 619; x_wconf 91' lang='grc'><strong>11160,</strong></span> <span class='ocrx_word' id='word_1_55' title='bbox 1086 566 1206 605; x_wconf 84' lang='lat' dir='ltr'>tanto</span> <span class='ocrx_word' id='word_1_56' title='bbox 1238 564 1366 605; x_wconf 88' lang='lat' dir='ltr'>etiam</span> <span class='ocrx_word' id='word_1_57' title='bbox 1396 578 1466 618; x_wconf 86' lang='lat' dir='ltr'>pe-</span> 
     </span>
     <span class='ocr_line' id='line_1_9' title="bbox 123 623 1466 678; baseline -0.001 -13"><span class='ocrx_word' id='word_1_58' title='bbox 123 625 257 665; x_wconf 89' lang='lat' dir='ltr'>riculo</span> <span class='ocrx_word' id='word_1_59' title='bbox 295 639 371 665; x_wconf 90' lang='lat' dir='ltr'>nec</span> <span class='ocrx_word' id='word_1_60' title='bbox 409 625 534 665; x_wconf 82' lang='lat' dir='ltr'>scisse</span> <span class='ocrx_word' id='word_1_61' title='bbox 571 638 637 664; x_wconf 89' lang='lat' dir='ltr'>me</span> <span class='ocrx_word' id='word_1_62' title='bbox 676 623 902 677; x_wconf 87' lang='lat' dir='ltr'>quicquam</span> <span class='ocrx_word' id='word_1_63' title='bbox 942 637 1019 664; x_wconf 89' lang='lat' dir='ltr'>nec</span> <span class='ocrx_word' id='word_1_64' title='bbox 1056 623 1326 678; x_wconf 80' lang='lat' dir='ltr'>cogitavisse,</span> <span class='ocrx_word' id='word_1_65' title='bbox 1367 623 1466 664; x_wconf 83' lang='lat' dir='ltr'>scri-</span> 
     </span>
     <span class='ocr_line' id='line_1_10' title="bbox 122 681 1465 737; baseline -0.001 -13"><span class='ocrx_word' id='word_1_66' title='bbox 122 683 237 737; x_wconf 91' lang='lat' dir='ltr'>bam,</span> <span class='ocrx_word' id='word_1_67' title='bbox 277 683 477 737; x_wconf 89' lang='lat' dir='ltr'>quicquid</span> <span class='ocrx_word' id='word_1_68' title='bbox 515 682 734 736; x_wconf 87' lang='lat' dir='ltr'>voluisset,</span> <span class='ocrx_word' id='word_1_69' title='bbox 773 696 868 722; x_wconf 87' lang='lat' dir='ltr'>cum</span> <span class='ocrx_word' id='word_1_70' title='bbox 906 681 950 722; x_wconf 92' lang='lat' dir='ltr'>id</span> <span class='ocrx_word' id='word_1_71' title='bbox 980 681 1087 722; x_wconf 90' lang='lat' dir='ltr'>mihi</span> <span class='ocrx_word' id='word_1_72' title='bbox 1119 696 1171 722; x_wconf 89' lang='lat' dir='ltr'>ne</span> <span class='ocrx_word' id='word_1_73' title='bbox 1204 681 1465 723; x_wconf 83' lang='lat' dir='ltr'>recitavisset</span> 
     </span>
     <span class='ocr_line' id='line_1_11' title="bbox 123 740 1516 796; baseline -0.001 -14"><span class='ocrx_word' id='word_1_74' title='bbox 123 742 311 796; x_wconf 91' lang='lat' dir='ltr'>quidem,</span> <span class='ocrx_word' id='word_1_75' title='bbox 353 741 581 795; x_wconf 86' lang='lat' dir='ltr'>rettulisse,</span> <span class='ocrx_word' id='word_1_76' title='bbox 618 740 883 795; x_wconf 85' lang='lat' dir='ltr'>prudentiae,</span> <span class='ocrx_word' id='word_1_77' title='bbox 921 741 951 794; x_wconf 92' lang='lat'>†</span> <span class='ocrx_word' id='word_1_78' title='bbox 977 754 1072 781; x_wconf 91' lang='lat' dir='ltr'>cum</span> <span class='ocrx_word' id='word_1_79' title='bbox 1103 755 1192 781; x_wconf 91' lang='lat' dir='ltr'>rem</span> <span class='ocrx_word' id='word_1_80' title='bbox 1224 755 1248 781; x_wconf 86' lang='lat' dir='ltr'>a</span> <span class='ocrx_word' id='word_1_81' title='bbox 1279 754 1346 781; x_wconf 91' lang='lat' dir='ltr'>me</span> <span class='ocrx_word' id='word_1_82' title='bbox 1376 754 1464 781; x_wconf 91' lang='lat' dir='ltr'>non</span> <span class='ocrx_word' id='word_1_83' title='bbox 1483 753 1516 777; x_wconf 87' lang='lat'>10</span> 
     </span>
     <span class='ocr_line' id='line_1_12' title="bbox 124 798 1465 855; baseline 0 -15"><span class='ocrx_word' id='word_1_84' title='bbox 124 801 372 854; x_wconf 81' lang='lat' dir='ltr'>insipienter</span> <span class='ocrx_word' id='word_1_85' title='bbox 402 800 684 855; x_wconf 78' lang='lat' dir='ltr'>excogitatam</span> <span class='ocrx_word' id='word_1_86' title='bbox 717 799 887 853; x_wconf 90' lang='lat' dir='ltr'>quidem</span> <span class='ocrx_word' id='word_1_87' title='bbox 917 802 1052 854; x_wconf 87' lang='lat' dir='ltr'>putas.</span> <span class='ocrx_word' id='word_1_88' title='bbox 1108 798 1220 840; x_wconf 85' lang='lat' dir='ltr'>Nam</span> <span class='ocrx_word' id='word_1_89' title='bbox 1246 802 1287 840; x_wconf 90' lang='lat' dir='ltr'>et</span> <span class='ocrx_word' id='word_1_90' title='bbox 1313 798 1465 840; x_wconf 86' lang='lat' dir='ltr'>Volusi</span> 
     </span>
     <span class='ocr_line' id='line_1_13' title="bbox 123 858 1466 914; baseline -0.001 -15"><span class='ocrx_word' id='word_1_91' title='bbox 123 859 330 899; x_wconf 88' lang='lat' dir='ltr'>liberandi</span> <span class='ocrx_word' id='word_1_92' title='bbox 362 874 502 899; x_wconf 89' lang='lat' dir='ltr'>meum</span> <span class='ocrx_word' id='word_1_93' title='bbox 535 859 616 899; x_wconf 83' lang='lat' dir='ltr'>fuit</span> <span class='ocrx_word' id='word_1_94' title='bbox 648 858 884 912; x_wconf 89' lang='lat' dir='ltr'>consilium,</span> <span class='ocrx_word' id='word_1_95' title='bbox 917 861 975 913; x_wconf 87' lang='lat' dir='ltr'>et,</span> <span class='ocrx_word' id='word_1_96' title='bbox 1008 861 1055 899; x_wconf 87' lang='lat' dir='ltr'>ut</span> <span class='ocrx_word' id='word_1_97' title='bbox 1085 858 1221 898; x_wconf 89' lang='lat' dir='ltr'>multa</span> <span class='ocrx_word' id='word_1_98' title='bbox 1252 861 1340 898; x_wconf 87' lang='lat' dir='ltr'>tam</span> <span class='ocrx_word' id='word_1_99' title='bbox 1371 872 1466 914; x_wconf 87' lang='lat' dir='ltr'>gra-</span> 
     </span>
     <span class='ocr_line' id='line_1_14' title="bbox 124 915 1466 971; baseline 0 -14"><span class='ocrx_word' id='word_1_100' title='bbox 124 918 187 958; x_wconf 83' lang='lat' dir='ltr'>vis</span> <span class='ocrx_word' id='word_1_101' title='bbox 224 917 461 958; x_wconf 85' lang='lat' dir='ltr'>Valerianis</span> <span class='ocrx_word' id='word_1_102' title='bbox 501 917 728 971; x_wconf 85' lang='lat' dir='ltr'>praedibus</span> <span class='ocrx_word' id='word_1_103' title='bbox 769 917 933 971; x_wconf 87' lang='lat' dir='ltr'>ipsique</span> <span class='ocrx_word' id='word_1_104' title='bbox 974 916 1020 957; x_wconf 88' lang='lat' dir='ltr'>T.</span> <span class='ocrx_word' id='word_1_105' title='bbox 1060 915 1198 958; x_wconf 87' lang='lat' dir='ltr'>Mario</span> <span class='ocrx_word' id='word_1_106' title='bbox 1240 917 1466 971; x_wconf 89' lang='lat' dir='ltr'>depellere-</span> 
     </span>
     <span class='ocr_line' id='line_1_15' title="bbox 123 975 1465 1031; baseline 0 -15"><span class='ocrx_word' id='word_1_107' title='bbox 123 979 213 1030; x_wconf 91' lang='lat' dir='ltr'>tur,</span> <span class='ocrx_word' id='word_1_108' title='bbox 255 991 277 1016; x_wconf 90' lang='lat' dir='ltr'>a</span> <span class='ocrx_word' id='word_1_109' title='bbox 314 991 380 1016; x_wconf 89' lang='lat' dir='ltr'>me</span> <span class='ocrx_word' id='word_1_110' title='bbox 418 976 523 1016; x_wconf 87' lang='lat' dir='ltr'>inita</span> <span class='ocrx_word' id='word_1_111' title='bbox 560 976 669 1017; x_wconf 87' lang='lat' dir='ltr'>ratio</span> <span class='ocrx_word' id='word_1_112' title='bbox 707 978 787 1031; x_wconf 66' lang='lat' dir='ltr'>est,</span> <span class='ocrx_word' id='word_1_113' title='bbox 828 990 955 1030; x_wconf 88' lang='lat' dir='ltr'>quam</span> <span class='ocrx_word' id='word_1_114' title='bbox 994 975 1164 1029; x_wconf 90' lang='lat' dir='ltr'>quidem</span> <span class='ocrx_word' id='word_1_115' title='bbox 1203 989 1348 1016; x_wconf 87' lang='lat' dir='ltr'>omnes</span> <span class='ocrx_word' id='word_1_116' title='bbox 1378 989 1465 1016; x_wconf 93' lang='lat' dir='ltr'>non</span> 
     </span>
     <span class='ocr_line' id='line_1_16' title="bbox 124 1034 1517 1088; baseline 0.001 -15"><span class='ocrx_word' id='word_1_117' title='bbox 124 1035 260 1075; x_wconf 79' lang='lat' dir='ltr'>solum</span> <span class='ocrx_word' id='word_1_118' title='bbox 292 1035 492 1088; x_wconf 84' lang='lat' dir='ltr'>probant,</span> <span class='ocrx_word' id='word_1_119' title='bbox 530 1034 603 1075; x_wconf 89' lang='lat' dir='ltr'>sed</span> <span class='ocrx_word' id='word_1_120' title='bbox 634 1034 762 1075; x_wconf 87' lang='lat' dir='ltr'>etiam</span> <span class='ocrx_word' id='word_1_121' title='bbox 792 1034 984 1088; x_wconf 87' lang='lat' dir='ltr'>laudant,</span> <span class='ocrx_word' id='word_1_122' title='bbox 1017 1036 1075 1088; x_wconf 89' lang='lat' dir='ltr'>et,</span> <span class='ocrx_word' id='word_1_123' title='bbox 1113 1034 1149 1075; x_wconf 85' lang='lat' dir='ltr'>si</span> <span class='ocrx_word' id='word_1_124' title='bbox 1180 1049 1327 1075; x_wconf 87' lang='lat' dir='ltr'>verum</span> <span class='ocrx_word' id='word_1_125' title='bbox 1358 1034 1464 1075; x_wconf 86' lang='lat' dir='ltr'>scire</span> <span class='ocrx_word' id='word_1_126' title='bbox 1486 1046 1517 1070; x_wconf 81' lang='lat'>15</span> 
     </span>
     <span class='ocr_line' id='line_1_17' title="bbox 125 1092 1464 1147; baseline 0 -14"><span class='ocrx_word' id='word_1_127' title='bbox 125 1094 205 1147; x_wconf 80' lang='lat' dir='ltr'>vis,</span> <span class='ocrx_word' id='word_1_128' title='bbox 246 1093 327 1134; x_wconf 88' lang='lat' dir='ltr'>hoc</span> <span class='ocrx_word' id='word_1_129' title='bbox 367 1094 439 1134; x_wconf 92' lang='lat' dir='ltr'>uni</span> <span class='ocrx_word' id='word_1_130' title='bbox 481 1093 642 1134; x_wconf 89' lang='lat' dir='ltr'>scribae</span> <span class='ocrx_word' id='word_1_131' title='bbox 683 1107 777 1134; x_wconf 91' lang='lat' dir='ltr'>meo</span> <span class='ocrx_word' id='word_1_132' title='bbox 815 1092 1006 1134; x_wconf 81' lang='lat' dir='ltr'>intellexi</span> <span class='ocrx_word' id='word_1_133' title='bbox 1044 1107 1129 1134; x_wconf 90' lang='grc'><strong>11011</strong></span> <span class='ocrx_word' id='word_1_134' title='bbox 1166 1093 1346 1134; x_wconf 84' lang='lat' dir='ltr'>nimium</span> <span class='ocrx_word' id='word_1_135' title='bbox 1377 1093 1464 1147; x_wconf 85' lang='lat' dir='ltr'>pla—</span> 
     </span>
     <span class='ocr_line' id='line_1_18' title="bbox 125 1151 1465 1207; baseline 0.001 -16"><span class='ocrx_word' id='word_1_136' title='bbox 125 1166 225 1192; x_wconf 78' lang='lat' dir='ltr'>cere.</span> <span class='ocrx_word' id='word_1_137' title='bbox 289 1151 371 1192; x_wconf 86' lang='lat' dir='ltr'>Sed</span> <span class='ocrx_word' id='word_1_138' title='bbox 412 1166 490 1207; x_wconf 88' lang='lat' dir='ltr'>ego</span> <span class='ocrx_word' id='word_1_139' title='bbox 530 1152 678 1206; x_wconf 82' lang='lat' dir='ltr'>putavi</span> <span class='ocrx_word' id='word_1_140' title='bbox 721 1166 809 1193; x_wconf 90' lang='lat' dir='ltr'>esse</span> <span class='ocrx_word' id='word_1_141' title='bbox 850 1152 931 1192; x_wconf 85' lang='lat' dir='ltr'>viri</span> <span class='ocrx_word' id='word_1_142' title='bbox 974 1151 1097 1206; x_wconf 90' lang='lat' dir='ltr'>boni,</span> <span class='ocrx_word' id='word_1_143' title='bbox 1142 1165 1237 1192; x_wconf 90' lang='lat' dir='ltr'>cum</span> <span class='ocrx_word' id='word_1_144' title='bbox 1280 1151 1465 1206; x_wconf 83' lang='lat' dir='ltr'>populus</span> 
     </span>
     <span class='ocr_line' id='line_1_19' title="bbox 123 1210 1466 1265; baseline 0.001 -15"><span class='ocrx_word' id='word_1_145' title='bbox 123 1225 244 1250; x_wconf 79' lang='lat' dir='ltr'>suum</span> <span class='ocrx_word' id='word_1_146' title='bbox 277 1214 473 1265; x_wconf 83' lang='lat' dir='ltr'>servaret,</span> <span class='ocrx_word' id='word_1_147' title='bbox 505 1211 721 1251; x_wconf 90' lang='lat' dir='ltr'>consulere</span> <span class='ocrx_word' id='word_1_148' title='bbox 748 1210 931 1252; x_wconf 85' lang='lat' dir='ltr'>fortunis</span> <span class='ocrx_word' id='word_1_149' title='bbox 956 1213 1020 1251; x_wconf 93' lang='lat' dir='ltr'>tot</span> <span class='ocrx_word' id='word_1_150' title='bbox 1046 1210 1114 1251; x_wconf 72' lang='lat' dir='ltr'>vel</span> <span class='ocrx_word' id='word_1_151' title='bbox 1139 1210 1371 1251; x_wconf 89' lang='lat' dir='ltr'>amicorum</span> <span class='ocrx_word' id='word_1_152' title='bbox 1397 1211 1466 1252; x_wconf 87' lang='lat' dir='ltr'>vel</span> 
     </span>
     <span class='ocr_line' id='line_1_20' title="bbox 123 1283 289 1309; baseline -0.006 0"><span class='ocrx_word' id='word_1_153' title='bbox 123 1283 289 1309; x_wconf 81' lang='lat' dir='ltr'>civium.</span> 
     </span>
    </p>

    <p class='ocr_par' dir='ltr' id='par_1_3' title="bbox 77 1325 1517 2025">
     <span class='ocr_line' id='line_1_21' title="bbox 77 1325 1517 1381; baseline -0.001 -14"><span class='ocrx_word' id='word_1_154' title='bbox 77 1338 97 1367; x_wconf 85' lang='lat'>5</span> <span class='ocrx_word' id='word_1_155' title='bbox 211 1326 322 1367; x_wconf 84' lang='lat' dir='ltr'>Nam</span> <span class='ocrx_word' id='word_1_156' title='bbox 361 1327 410 1368; x_wconf 93' lang='lat' dir='ltr'>de</span> <span class='ocrx_word' id='word_1_157' title='bbox 441 1327 471 1380; x_wconf 85' lang='lat'>†</span> <span class='ocrx_word' id='word_1_158' title='bbox 502 1326 681 1368; x_wconf 84' lang='lat' dir='ltr'>Lucceio</span> <span class='ocrx_word' id='word_1_159' title='bbox 719 1330 782 1367; x_wconf 89' lang='lat' dir='ltr'>est</span> <span class='ocrx_word' id='word_1_160' title='bbox 813 1327 873 1367; x_wconf 83' lang='lat' dir='ltr'>ita</span> <span class='ocrx_word' id='word_1_161' title='bbox 904 1330 1063 1381; x_wconf 87' lang='lat' dir='ltr'>actum,</span> <span class='ocrx_word' id='word_1_162' title='bbox 1104 1330 1152 1368; x_wconf 90' lang='lat' dir='ltr'>ut</span> <span class='ocrx_word' id='word_1_163' title='bbox 1183 1331 1354 1368; x_wconf 85' lang='lat' dir='ltr'>auctore</span> <span class='ocrx_word' id='word_1_164' title='bbox 1388 1325 1462 1368; x_wconf 87' lang='lat' dir='ltr'>Cn.</span> <span class='ocrx_word' id='word_1_165' title='bbox 1483 1339 1517 1364; x_wconf 78' lang='lat'>20</span> 
     </span>
     <span class='ocr_line' id='line_1_22' title="bbox 123 1361 1464 1441; baseline 0 -15"><span class='ocrx_word' id='word_1_166' title='bbox 123 1384 326 1439; x_wconf 88' lang='lat' dir='ltr'>Pompeio</span> <span class='ocrx_word' id='word_1_167' title='bbox 352 1386 433 1426; x_wconf 88' lang='lat' dir='ltr'>ista</span> <span class='ocrx_word' id='word_1_168' title='bbox 456 1386 633 1439; x_wconf 87' lang='lat' dir='ltr'>pecunia</span> <span class='ocrx_word' id='word_1_169' title='bbox 653 1386 697 1426; x_wconf 90' lang='lat' dir='ltr'>in</span> <span class='ocrx_word' id='word_1_170' title='bbox 717 1386 815 1426; x_wconf 88' lang='lat' dir='ltr'>fano</span> <span class='ocrx_word' id='word_1_171' title='bbox 841 1361 1079 1439; x_wconf 65' lang='lat' dir='ltr'>poneretuiz</span> <span class='ocrx_word' id='word_1_172' title='bbox 1110 1384 1161 1426; x_wconf 91' lang='lat' dir='ltr'>Id</span> <span class='ocrx_word' id='word_1_173' title='bbox 1181 1400 1259 1441; x_wconf 88' lang='lat' dir='ltr'>ego</span> <span class='ocrx_word' id='word_1_174' title='bbox 1280 1385 1464 1441; x_wconf 86' lang='lat' dir='ltr'>adgnovi</span> 
     </span>
     <span class='ocr_line' id='line_1_23' title="bbox 123 1443 1464 1511; baseline 0.001 -27"><span class='ocrx_word' id='word_1_175' title='bbox 123 1458 218 1484; x_wconf 92' lang='lat' dir='ltr'>meo</span> <span class='ocrx_word' id='word_1_176' title='bbox 259 1444 375 1484; x_wconf 86' lang='lat' dir='ltr'>iussu</span> <span class='ocrx_word' id='word_1_177' title='bbox 415 1458 503 1485; x_wconf 91' lang='lat' dir='ltr'>esse</span> <span class='ocrx_word' id='word_1_178' title='bbox 544 1444 713 1485; x_wconf 87' lang='lat' dir='ltr'>factum.</span> <span class='ocrx_word' id='word_1_179' title='bbox 785 1443 876 1492; x_wconf 88' lang='lat' dir='ltr'>Qua</span> <span class='ocrx_word' id='word_1_180' title='bbox 915 1445 1093 1498; x_wconf 86' lang='lat' dir='ltr'>pecunia</span> <span class='ocrx_word' id='word_1_181' title='bbox 1132 1443 1360 1511; x_wconf 88' lang='lat' dir='ltr'>Pompeius</span> <span class='ocrx_word' id='word_1_182' title='bbox 1401 1446 1464 1485; x_wconf 89' lang='lat' dir='ltr'>est</span> 
     </span>
     <span class='ocr_line' id='line_1_24' title="bbox 125 1502 1465 1556; baseline 0.001 -14"><span class='ocrx_word' id='word_1_183' title='bbox 125 1516 224 1542; x_wconf 91' lang='lat' dir='ltr'>usus</span> <span class='ocrx_word' id='word_1_184' title='bbox 262 1505 309 1543; x_wconf 88' lang='lat' dir='ltr'>ut</span> <span class='ocrx_word' id='word_1_185' title='bbox 346 1517 409 1556; x_wconf 90' lang='lat' dir='ltr'>ea,</span> <span class='ocrx_word' id='word_1_186' title='bbox 452 1517 577 1556; x_wconf 91' lang='lat' dir='ltr'>quam</span> <span class='ocrx_word' id='word_1_187' title='bbox 616 1505 662 1543; x_wconf 91' lang='lat' dir='ltr'>tu</span> <span class='ocrx_word' id='word_1_188' title='bbox 702 1502 969 1556; x_wconf 84' lang='lat' dir='ltr'>deposueras</span> <span class='ocrx_word' id='word_1_189' title='bbox 1008 1502 1180 1544; x_wconf 90' lang='lat' dir='ltr'>Sestius.</span> <span class='ocrx_word' id='word_1_190' title='bbox 1243 1502 1326 1544; x_wconf 89' lang='lat' dir='ltr'>Sed</span> <span class='ocrx_word' id='word_1_191' title='bbox 1361 1502 1465 1544; x_wconf 90' lang='lat' dir='ltr'>haec</span> 
     </span>
     <span class='ocr_line' id='line_1_25' title="bbox 125 1560 1464 1616; baseline 0.001 -16"><span class='ocrx_word' id='word_1_192' title='bbox 125 1560 178 1600; x_wconf 86' lang='lat' dir='ltr'>ad</span> <span class='ocrx_word' id='word_1_193' title='bbox 209 1563 250 1600; x_wconf 90' lang='lat' dir='ltr'>te</span> <span class='ocrx_word' id='word_1_194' title='bbox 282 1561 390 1601; x_wconf 88' lang='lat' dir='ltr'>nihil</span> <span class='ocrx_word' id='word_1_195' title='bbox 421 1561 623 1616; x_wconf 85' lang='lat' dir='ltr'>intellego</span> <span class='ocrx_word' id='word_1_196' title='bbox 655 1561 885 1615; x_wconf 70' lang='lat' dir='ltr'>pertinere,</span> <span class='ocrx_word' id='word_1_197' title='bbox 926 1561 1031 1602; x_wconf 93' lang='lat' dir='ltr'>illud</span> <span class='ocrx_word' id='word_1_198' title='bbox 1062 1576 1129 1602; x_wconf 92' lang='lat' dir='ltr'>me</span> <span class='ocrx_word' id='word_1_199' title='bbox 1161 1575 1247 1602; x_wconf 90' lang='lat' dir='ltr'>non</span> <span class='ocrx_word' id='word_1_200' title='bbox 1279 1561 1464 1602; x_wconf 88' lang='lat' dir='ltr'>animad-</span> 
     </span>
     <span class='ocr_line' id='line_1_26' title="bbox 125 1619 1515 1675; baseline 0.002 -17"><span class='ocrx_word' id='word_1_201' title='bbox 125 1619 299 1659; x_wconf 85' lang='lat' dir='ltr'>vertisse</span> <span class='ocrx_word' id='word_1_202' title='bbox 331 1619 506 1660; x_wconf 90' lang='lat' dir='ltr'>moleste</span> <span class='ocrx_word' id='word_1_203' title='bbox 539 1620 704 1673; x_wconf 83' lang='lat' dir='ltr'>ferrem,</span> <span class='ocrx_word' id='word_1_204' title='bbox 736 1623 783 1660; x_wconf 90' lang='lat' dir='ltr'>ut</span> <span class='ocrx_word' id='word_1_205' title='bbox 814 1620 1096 1661; x_wconf 90' lang='lat' dir='ltr'>adscriberem</span> <span class='ocrx_word' id='word_1_206' title='bbox 1127 1623 1169 1661; x_wconf 88' lang='lat' dir='ltr'>te</span> <span class='ocrx_word' id='word_1_207' title='bbox 1201 1621 1245 1661; x_wconf 90' lang='lat' dir='ltr'>in</span> <span class='ocrx_word' id='word_1_208' title='bbox 1270 1620 1369 1662; x_wconf 87' lang='lat' dir='ltr'>fano</span> <span class='ocrx_word' id='word_1_209' title='bbox 1394 1634 1463 1675; x_wconf 88' lang='lat' dir='ltr'>pe·</span> <span class='ocrx_word' id='word_1_210' title='bbox 1483 1631 1515 1656; x_wconf 84' lang='lat'>25</span> 
     </span>
     <span class='ocr_line' id='line_1_27' title="bbox 125 1677 1464 1735; baseline 0.002 -18"><span class='ocrx_word' id='word_1_211' title='bbox 125 1677 290 1717; x_wconf 89' lang='lat' dir='ltr'>cuniam</span> <span class='ocrx_word' id='word_1_212' title='bbox 333 1678 447 1718; x_wconf 90' lang='lat' dir='ltr'>iussu</span> <span class='ocrx_word' id='word_1_213' title='bbox 485 1692 579 1719; x_wconf 89' lang='lat' dir='ltr'>meo</span> <span class='ocrx_word' id='word_1_214' title='bbox 619 1678 876 1732; x_wconf 87' lang='lat' dir='ltr'>deposuisse,</span> <span class='ocrx_word' id='word_1_215' title='bbox 917 1679 999 1719; x_wconf 89' lang='lat' dir='ltr'>nisi</span> <span class='ocrx_word' id='word_1_216' title='bbox 1037 1679 1118 1719; x_wconf 88' lang='lat' dir='ltr'>ista</span> <span class='ocrx_word' id='word_1_217' title='bbox 1156 1679 1335 1733; x_wconf 88' lang='lat' dir='ltr'>pecunia</span> <span class='ocrx_word' id='word_1_218' title='bbox 1370 1693 1464 1735; x_wconf 86' lang='lat' dir='ltr'>gra-</span> 
     </span>
     <span class='ocr_line' id='line_1_28' title="bbox 124 1735 1463 1792; baseline 0.002 -17"><span class='ocrx_word' id='word_1_219' title='bbox 124 1735 307 1776; x_wconf 75' lang='lat' dir='ltr'>vissimis</span> <span class='ocrx_word' id='word_1_220' title='bbox 347 1740 455 1777; x_wconf 88' lang='lat' dir='ltr'>esset</span> <span class='ocrx_word' id='word_1_221' title='bbox 496 1737 823 1791; x_wconf 85' lang='lat' dir='ltr'>certissimisque</span> <span class='ocrx_word' id='word_1_222' title='bbox 864 1737 1137 1778; x_wconf 87' lang='lat' dir='ltr'>monimentis</span> <span class='ocrx_word' id='word_1_223' title='bbox 1178 1740 1352 1792; x_wconf 87' lang='lat' dir='ltr'>testata,</span> <span class='ocrx_word' id='word_1_224' title='bbox 1396 1737 1463 1778; x_wconf 89' lang='lat' dir='ltr'>cui</span> 
     </span>
     <span class='ocr_line' id='line_1_29' title="bbox 125 1794 1464 1851; baseline 0.001 -17"><span class='ocrx_word' id='word_1_225' title='bbox 125 1794 237 1848; x_wconf 84' lang='lat' dir='ltr'>data,</span> <span class='ocrx_word' id='word_1_226' title='bbox 279 1809 361 1848; x_wconf 89' lang='lat' dir='ltr'>quo</span> <span class='ocrx_word' id='word_1_227' title='bbox 393 1798 562 1836; x_wconf 86' lang='lat' dir='ltr'>senatus</span> <span class='ocrx_word' id='word_1_228' title='bbox 594 1796 804 1850; x_wconf 89' lang='lat' dir='ltr'>consulto,</span> <span class='ocrx_word' id='word_1_229' title='bbox 845 1796 1000 1850; x_wconf 91' lang='lat' dir='ltr'>quibus</span> <span class='ocrx_word' id='word_1_230' title='bbox 1031 1796 1134 1850; x_wconf 85' lang='lat' dir='ltr'>tuis,</span> <span class='ocrx_word' id='word_1_231' title='bbox 1173 1796 1328 1851; x_wconf 91' lang='lat' dir='ltr'>quibus</span> <span class='ocrx_word' id='word_1_232' title='bbox 1358 1796 1464 1838; x_wconf 82' lang='lat' dir='ltr'>meis</span> 
     </span>
     <span class='ocr_line' id='line_1_30' title="bbox 123 1852 1464 1904; baseline 0.003 -12"><span class='ocrx_word' id='word_1_233' title='bbox 123 1852 277 1893; x_wconf 88' lang='lat' dir='ltr'>litteris</span> <span class='ocrx_word' id='word_1_234' title='bbox 310 1853 353 1893; x_wconf 90' lang='lat' dir='ltr'>P.</span> <span class='ocrx_word' id='word_1_235' title='bbox 387 1852 524 1894; x_wconf 86' lang='lat' dir='ltr'>Sestio</span> <span class='ocrx_word' id='word_1_236' title='bbox 556 1854 712 1894; x_wconf 86' lang='lat' dir='ltr'>tradita</span> <span class='ocrx_word' id='word_1_237' title='bbox 744 1857 862 1895; x_wconf 89' lang='lat' dir='ltr'>esset.</span> <span class='ocrx_word' id='word_1_238' title='bbox 925 1854 1040 1904; x_wconf 85' lang='lat' dir='ltr'>Quae</span> <span class='ocrx_word' id='word_1_239' title='bbox 1066 1870 1161 1896; x_wconf 88' lang='lat' dir='ltr'>cum</span> <span class='ocrx_word' id='word_1_240' title='bbox 1187 1855 1374 1896; x_wconf 84' lang='lat' dir='ltr'>viderem</span> <span class='ocrx_word' id='word_1_241' title='bbox 1398 1857 1464 1896; x_wconf 84' lang='lat' dir='ltr'>tot</span> 
     </span>
     <span class='ocr_line' id='line_1_31' title="bbox 123 1911 1514 1968; baseline 0.001 -17"><span class='ocrx_word' id='word_1_242' title='bbox 123 1911 314 1966; x_wconf 84' lang='lat' dir='ltr'>vestigiis</span> <span class='ocrx_word' id='word_1_243' title='bbox 346 1912 544 1966; x_wconf 85' lang='lat' dir='ltr'>inpressa,</span> <span class='ocrx_word' id='word_1_244' title='bbox 576 1915 623 1953; x_wconf 87' lang='lat' dir='ltr'>ut</span> <span class='ocrx_word' id='word_1_245' title='bbox 654 1913 698 1953; x_wconf 90' lang='lat' dir='ltr'>in</span> <span class='ocrx_word' id='word_1_246' title='bbox 730 1913 781 1953; x_wconf 88' lang='lat' dir='ltr'>iis</span> <span class='ocrx_word' id='word_1_247' title='bbox 814 1914 944 1954; x_wconf 85' lang='lat' dir='ltr'>errari</span> <span class='ocrx_word' id='word_1_248' title='bbox 976 1928 1062 1955; x_wconf 91' lang='grc'><strong>11011</strong></span> <span class='ocrx_word' id='word_1_249' title='bbox 1092 1917 1247 1968; x_wconf 89' lang='lat' dir='ltr'>posset,</span> <span class='ocrx_word' id='word_1_250' title='bbox 1278 1927 1364 1955; x_wconf 89' lang='lat' dir='ltr'>non</span> <span class='ocrx_word' id='word_1_251' title='bbox 1392 1912 1461 1953; x_wconf 89' lang='lat' dir='ltr'>ad·</span> <span class='ocrx_word' id='word_1_252' title='bbox 1481 1923 1514 1948; x_wconf 80' lang='lat'>³0</span> 
     </span>
     <span class='ocr_line' id='line_1_32' title="bbox 123 1970 1463 2026; baseline 0.003 -17"><span class='ocrx_word' id='word_1_253' title='bbox 123 1970 271 2024; x_wconf 84' lang='lat' dir='ltr'>scripsi</span> <span class='ocrx_word' id='word_1_254' title='bbox 297 1970 350 2023; x_wconf 89' lang='lat' dir='ltr'>id,</span> <span class='ocrx_word' id='word_1_255' title='bbox 383 1971 496 2024; x_wconf 92' lang='lat' dir='ltr'>quod</span> <span class='ocrx_word' id='word_1_256' title='bbox 521 1974 594 2011; x_wconf 87' lang='lat' dir='ltr'>tua</span> <span class='ocrx_word' id='word_1_257' title='bbox 619 1971 727 2012; x_wconf 90' lang='lat' dir='ltr'>nihil</span> <span class='ocrx_word' id='word_1_258' title='bbox 753 1972 978 2026; x_wconf 88' lang='lat' dir='ltr'>referebat·</span> <span class='ocrx_word' id='word_1_259' title='bbox 1011 1987 1089 2013; x_wconf 88' lang='grc' dir='ltr'>6σο</span> <span class='ocrx_word' id='word_1_260' title='bbox 1115 1975 1257 2013; x_wconf 85' lang='lat' dir='ltr'>tamen</span> <span class='ocrx_word' id='word_1_261' title='bbox 1282 1971 1463 2025; x_wconf 88' lang='lat' dir='ltr'>adscrip-</span> 
     </span>
    </p>

    <p class='ocr_par' dir='ltr' id='par_1_4' title="bbox 78 2007 1515 2377">
     <span class='ocr_line' id='line_1_33' title="bbox 78 2007 1463 2083; baseline 0.003 -17"><span class='ocrx_word' id='word_1_262' title='bbox 78 2039 96 2067; x_wconf 76' lang='grc'>0</span> <span class='ocrx_word' id='word_1_263' title='bbox 124 2028 225 2068; x_wconf 84' lang='lat' dir='ltr'>sisse</span> <span class='ocrx_word' id='word_1_264' title='bbox 262 2029 448 2083; x_wconf 90' lang='lat' dir='ltr'>mallem,</span> <span class='ocrx_word' id='word_1_265' title='bbox 487 2030 687 2083; x_wconf 89' lang='lat' dir='ltr'>quoniam</span> <span class='ocrx_word' id='word_1_266' title='bbox 725 2030 769 2071; x_wconf 93' lang='lat' dir='ltr'>id</span> <span class='ocrx_word' id='word_1_267' title='bbox 805 2033 847 2071; x_wconf 90' lang='lat' dir='ltr'>te</span> <span class='ocrx_word' id='word_1_268' title='bbox 879 2031 1002 2071; x_wconf 86' lang='lat' dir='ltr'>video</span> <span class='ocrx_word' id='word_1_269' title='bbox 1034 2007 1282 2072; x_wconf 61' lang='lat' dir='ltr'>desiderare.</span> <span class='ocrx_word' id='word_1_270' title='bbox 1343 2028 1463 2071; x_wconf 81' lang='lat' dir='ltr'>Sicut</span> 
     </span>
     <span class='ocr_line' id='line_1_34' title="bbox 122 2086 1463 2144; baseline 0.003 -18"><span class='ocrx_word' id='word_1_271' title='bbox 122 2086 270 2127; x_wconf 84' lang='lat' dir='ltr'>scribis</span> <span class='ocrx_word' id='word_1_272' title='bbox 308 2087 388 2128; x_wconf 90' lang='lat' dir='ltr'>tibi</span> <span class='ocrx_word' id='word_1_273' title='bbox 421 2088 463 2129; x_wconf 90' lang='lat' dir='ltr'>id</span> <span class='ocrx_word' id='word_1_274' title='bbox 496 2103 583 2129; x_wconf 88' lang='lat' dir='ltr'>esse</span> <span class='ocrx_word' id='word_1_275' title='bbox 616 2089 898 2143; x_wconf 90' lang='lat' dir='ltr'>referendum,</span> <span class='ocrx_word' id='word_1_276' title='bbox 937 2089 1049 2130; x_wconf 91' lang='lat' dir='ltr'>idem</span> <span class='ocrx_word' id='word_1_277' title='bbox 1081 2090 1170 2144; x_wconf 88' lang='lat' dir='ltr'>ipse</span> <span class='ocrx_word' id='word_1_278' title='bbox 1202 2089 1356 2143; x_wconf 80' lang='lat' dir='ltr'>sentio,</span> <span class='ocrx_word' id='word_1_279' title='bbox 1393 2102 1463 2129; x_wconf 91' lang='lat' dir='ltr'>ne-</span> 
     </span>
     <span class='ocr_line' id='line_1_35' title="bbox 123 2123 1463 2213; baseline 0.003 -29"><span class='ocrx_word' id='word_1_280' title='bbox 123 2159 202 2197; x_wconf 88' lang='lat' dir='ltr'>que</span> <span class='ocrx_word' id='word_1_281' title='bbox 239 2145 282 2185; x_wconf 92' lang='lat' dir='ltr'>in</span> <span class='ocrx_word' id='word_1_282' title='bbox 323 2160 372 2186; x_wconf 93' lang='lat' dir='ltr'>eo</span> <span class='ocrx_word' id='word_1_283' title='bbox 414 2147 638 2212; x_wconf 82' lang='lat' dir='ltr'>quicquam</span> <span class='ocrx_word' id='word_1_284' title='bbox 676 2162 699 2187; x_wconf 91' lang='lat' dir='ltr'>a</span> <span class='ocrx_word' id='word_1_285' title='bbox 739 2148 845 2188; x_wconf 88' lang='lat' dir='ltr'>meis</span> <span class='ocrx_word' id='word_1_286' title='bbox 886 2123 1123 2189; x_wconf 66' lang='lat' dir='ltr'>rationibus</span> <span class='ocrx_word' id='word_1_287' title='bbox 1164 2147 1463 2213; x_wconf 79' lang='lat' dir='ltr'>discrepabunt</span> 
     </span>
     <span class='ocr_line' id='line_1_36' title="bbox 121 2204 1515 2272; baseline 0.004 -31"><span class='ocrx_word' id='word_1_288' title='bbox 121 2205 234 2249; x_wconf 83' lang='lat' dir='ltr'>tuae,</span> <span class='ocrx_word' id='word_1_289' title='bbox 275 2204 400 2244; x_wconf 86' lang='lat' dir='ltr'>addes</span> <span class='ocrx_word' id='word_1_290' title='bbox 437 2206 549 2246; x_wconf 90' lang='lat' dir='ltr'>enim</span> <span class='ocrx_word' id='word_1_291' title='bbox 581 2209 645 2246; x_wconf 90' lang='lat' dir='ltr'>tu:</span> <span class='ocrx_word' id='word_1_292' title='bbox 686 2220 780 2247; x_wconf 90' lang='lat' dir='ltr'>meo</span> <span class='ocrx_word' id='word_1_293' title='bbox 812 2206 946 2261; x_wconf 83' lang='lat' dir='ltr'>iussu,</span> <span class='ocrx_word' id='word_1_294' title='bbox 988 2207 1122 2261; x_wconf 89' lang='lat' dir='ltr'>quod</span> <span class='ocrx_word' id='word_1_295' title='bbox 1133 2220 1229 2272; x_wconf 78' lang='lat' dir='ltr'>ego,</span> <span class='ocrx_word' id='word_1_296' title='bbox 1271 2206 1343 2259; x_wconf 91' lang='lat' dir='ltr'>qui</span> <span class='ocrx_word' id='word_1_297' title='bbox 1374 2215 1515 2247; x_wconf 76' lang='grc'><strong>1101185</strong></span> 
     </span>
     <span class='ocr_line' id='line_1_37' title="bbox 122 2260 1461 2320; baseline 0.005 -21"><span class='ocrx_word' id='word_1_298' title='bbox 122 2260 281 2313; x_wconf 83' lang='lat' dir='ltr'>addidi,</span> <span class='ocrx_word' id='word_1_299' title='bbox 322 2277 398 2303; x_wconf 92' lang='lat' dir='ltr'>nec</span> <span class='ocrx_word' id='word_1_300' title='bbox 435 2277 557 2304; x_wconf 88' lang='lat' dir='ltr'>causa</span> <span class='ocrx_word' id='word_1_301' title='bbox 595 2267 657 2305; x_wconf 87' lang='lat' dir='ltr'>est</span> <span class='ocrx_word' id='word_1_302' title='bbox 695 2278 770 2305; x_wconf 90' lang='lat' dir='ltr'>cur</span> <span class='ocrx_word' id='word_1_303' title='bbox 800 2279 951 2320; x_wconf 84' lang='lat' dir='ltr'>negem</span> <span class='ocrx_word' id='word_1_304' title='bbox 983 2279 1076 2319; x_wconf 89' lang='lat' dir='ltr'>nec,</span> <span class='ocrx_word' id='word_1_305' title='bbox 1117 2264 1153 2305; x_wconf 85' lang='lat' dir='ltr'>si</span> <span class='ocrx_word' id='word_1_306' title='bbox 1185 2279 1309 2306; x_wconf 82' lang='lat' dir='ltr'>causa</span> <span class='ocrx_word' id='word_1_307' title='bbox 1341 2267 1461 2319; x_wconf 87' lang='lat' dir='ltr'>esset,</span> 
     </span>
     <span class='ocr_line' id='line_1_38' title="bbox 121 2320 646 2377; baseline 0.012 -19"><span class='ocrx_word' id='word_1_308' title='bbox 121 2321 162 2358; x_wconf 88' lang='lat' dir='ltr'>et</span> <span class='ocrx_word' id='word_1_309' title='bbox 189 2322 234 2358; x_wconf 91' lang='lat' dir='ltr'>tu</span> <span class='ocrx_word' id='word_1_310' title='bbox 260 2320 404 2375; x_wconf 84' lang='lat' dir='ltr'>nolles,</span> <span class='ocrx_word' id='word_1_311' title='bbox 437 2336 646 2377; x_wconf 24' lang='lat' dir='ltr'>negarffem</span> 
     </span>
    </p>
   </div>
  </div>
 </body>
</html>
