1659 2552
169 107 253 148 388
668 105 1008 141 EPISTULARUM

169 203 311 259 diligit
343 202 387 244 in
417 202 652 257 primisque
684 202 864 242 libertus
896 201 997 256 eius,
1031 201 1076 242 L.
1111 200 1328 243 Cossinius
1359 201 1517 244 Anchi-

168 262 276 317 alus,
312 261 442 303 homo
481 263 523 303 et
560 264 740 315 patrono
779 263 820 301 et
852 261 1020 314 patroni
1054 261 1316 316 necessariis,
1355 275 1438 316 quo
1471 261 1516 303 in

167 335 345 362 numero
378 335 457 377 ego
496 335 606 374 sum,
647 319 984 374 probatissimus.
1045 319 1172 360 Hunc
1202 320 1283 360 tibi
1314 320 1375 361 ita
1406 334 1516 362 com-

167 380 339 435 mendo,
372 382 435 434 ut,
474 380 509 420 si
542 393 660 435 meus
691 378 871 419 libertus
903 381 1012 419 esset
1043 379 1274 433 eodemque
1306 379 1418 434 apud
1448 393 1516 421 me

167 439 262 481 loco
312 441 437 492 esset,
489 452 572 492 quo
624 437 686 478 est
736 439 839 492 aput
887 452 1010 478 suum
1058 440 1307 493 patronum,
1356 438 1516 480 maiore

168 498 309 539 studio
354 496 647 538 commendare
697 510 782 537 non
831 510 1009 549 possem.
1084 496 1221 545 Quare
1269 500 1516 554 pergratum

167 557 274 598 mihi
306 556 466 610 feceris,
498 556 532 596 si
565 570 662 596 eum
688 555 731 595 in
758 555 989 596 amicitiam
1014 557 1132 596 tuam
1158 556 1365 610 receperis
1391 558 1516 611 atque

169 631 282 670 eum,
321 615 435 669 quod
472 615 560 655 sine
598 614 793 655 molestia
830 616 904 654 tua
942 615 1033 669 fiat,
1075 614 1109 655 si
1144 629 1226 668 qua
1258 615 1302 655 in
1333 629 1378 656 re
1411 630 1517 670 opus

168 675 206 715 ei
238 675 379 729 fuerit,
412 673 578 714 iuveris.
641 671 691 714 Id
723 675 764 714 et
796 673 902 713 mihi
927 673 1201 714 vehementer
1230 676 1402 729 gratum
1435 674 1517 715 erit

168 737 209 775 et
241 734 321 774 tibi
353 735 500 787 postea
537 732 786 786 iucundum3
824 732 1042 773 hominem
1074 733 1187 773 enim
1226 747 1390 774 summa
1420 747 1517 788 pro-

168 793 318 847 bitate,
350 791 614 833 humanitate
648 791 1001 846 opservantiaque
1035 805 1274 847 cognosces.

767 942 923 984 XXIV.

455 1025 529 1060 Ser.
557 1025 711 1068 Romae,
737 1028 778 1059 ut
802 1025 956 1067 videtur,
982 1035 1015 1058 a.
1045 1026 1117 1059 705*
1145 1026 1235 1067 (46).

631 1106 800 1141 CICERO
829 1105 1000 1140 SERVIO
1029 1105 1062 1140 S.

260 1203 368 1245 Cum
405 1206 527 1244 antea
570 1202 788 1257 capiebam
829 1216 880 1243 ex
925 1202 1066 1243 officio
1108 1216 1203 1243 meo
1243 1201 1520 1256 voluptatem,

171 1263 285 1317 quod
315 1263 608 1316 memineram,
648 1276 774 1315 quam
806 1261 887 1301 tibi
921 1261 1148 1316 diligenter
1178 1260 1409 1314 Lysonem,
1446 1260 1520 1301 ho-

171 1323 325 1377 spitem
350 1324 392 1362 et
422 1321 674 1361 familiarem
701 1334 854 1373 meum,
887 1319 1257 1373 commendassem,
1290 1322 1382 1360 tum
1407 1333 1520 1372 vero,

170 1384 447 1436 posteaquam
492 1395 543 1420 ex
590 1379 745 1420 litteris
789 1379 878 1419 eius
923 1379 1103 1433 cognovi
1150 1378 1230 1418 tibi
1270 1392 1366 1418 eum
1412 1377 1519 1418 falso

172 1442 414 1494 suspectum
441 1439 581 1492 fuisse,
613 1437 981 1478 vehementissime
1008 1437 1188 1478 laetatus
1214 1451 1307 1477 sum
1339 1450 1406 1477 me
1432 1439 1520 1476 tam

173 1499 422 1553 diligentem
448 1497 491 1538 in
512 1512 560 1538 eo
588 1496 920 1538 commendando
947 1496 1087 1536 fuisse.
1119 1494 1185 1536 Ita
1212 1495 1323 1536 enim
1351 1495 1520 1549 scripsit

171 1558 225 1598 ad
250 1572 328 1611 me,
361 1556 443 1597 sibi
468 1571 606 1597 meam
627 1555 1037 1596 commendationem
1063 1555 1249 1595 maximo
1276 1553 1520 1595 adiumento

172 1616 319 1670 fuisse,
362 1616 475 1669 quod
508 1615 560 1655 ad
597 1618 638 1655 te
672 1614 857 1655 delatum
891 1614 1048 1655 diceret
1080 1627 1168 1655 sese
1201 1616 1348 1654 contra
1386 1612 1522 1669 digni-

172 1678 304 1716 tatem
336 1677 453 1715 tuam
485 1673 646 1714 Romae
680 1673 728 1714 de
761 1675 802 1714 te
833 1673 951 1726 loqui
985 1673 1159 1713 solitum
1191 1686 1290 1713 esse.
1340 1671 1404 1712 De
1437 1685 1521 1725 quo

174 1734 252 1775 etsi
284 1748 362 1788 pro
394 1736 467 1773 tua
498 1732 702 1773 facilitate
735 1734 775 1773 et
807 1732 1071 1772 humanitate
1102 1734 1333 1787 purgatum
1366 1745 1409 1771 se
1441 1729 1522 1771 tibi

175 1793 323 1834 scribit
355 1807 461 1846 esse,
503 1794 644 1832 tamen
684 1791 886 1845 primum,
928 1793 975 1831 ut
1008 1790 1157 1845 debeo,
1198 1790 1279 1830 tibi
1316 1789 1523 1830 maximas

173 1852 333 1908 gratias
371 1866 468 1907 ago,
507 1865 602 1891 cum
640 1852 807 1891 tantum
839 1850 1005 1890 litterae
1037 1863 1155 1890 meae
1194 1850 1443 1903 potuerunt,
1476 1851 1523 1888 ut

174 1912 226 1952 iis
246 1910 366 1951 lectis
387 1924 555 1951 0111110111
577 1909 853 1950 offensionem
874 1908 1139 1963 suspicionis,
1167 1922 1293 1962 quam
1314 1907 1523 1947 habueras

177 1970 226 2011 de
259 1969 443 2023 Lysone,
483 1969 730 2023 deponeres,
770 1967 918 2008 deinde
958 1967 1102 2007 credas
1138 1966 1245 2007 mihi
1282 1965 1521 2006 adfirmanti

176 2028 303 2069 velim
342 2042 409 2069 me
440 2028 523 2069 hoc
554 2042 639 2068 non
678 2040 756 2080 pro
795 2025 962 2079 Lysone
1000 2025 1136 2081 magis
1170 2039 1295 2079 quam
1326 2038 1403 2078 pro
1437 2037 1523 2064 0111-

178 2087 303 2128 nibus
336 2086 536 2140 scribere,
575 2086 791 2127 hominem
824 2099 912 2125 esse
950 2085 1178 2138 neminem,
1217 2083 1289 2137 qui
1321 2096 1524 2136 umquam

178 2146 439 2187 mentionem
480 2145 544 2185 tui
586 2145 675 2185 sine
717 2147 790 2184 tua
831 2158 995 2184 summa
1034 2143 1156 2183 laude
1201 2141 1367 2196 fecerit3
1410 2140 1523 2195 Lyso

178 2219 278 2245 vero
318 2218 413 2245 cum
450 2218 616 2245 mecum
654 2217 785 2257 prope
828 2202 983 2243 cotidie
1015 2204 1123 2243 esset
1146 2214 1319 2254 unaque
1351 2199 1524 2254 viveret,

179 2278 262 2303 non
296 2263 434 2304 solum
472 2263 571 2316 quia
609 2262 792 2303 libenter
829 2275 895 2302 me
932 2260 1078 2301 audire
1110 2258 1414 2313 arbitrabatur,
1454 2258 1526 2300 sed

181 2322 279 2375 quia
312 2322 514 2362 libentius
540 2322 628 2375 ipse
654 2320 919 2374 loquebatur,
953 2319 1094 2360 omnia
1119 2317 1224 2359 mihi
1250 2320 1322 2358 tua
1349 2320 1390 2358 et
1415 2317 1526 2358 facta

1537 744 1570 770 10

1541 1214 1573 1240 15

1541 1508 1574 1533 20

1543 1800 1577 1827 25

1543 2095 1577 2120 30
