1659 2552
658 127 800 161 LIBER
826 127 858 160 X
884 130 940 171 30,
969 130 1023 161 31.
1414 125 1500 166 293

165 223 358 277 equitatu
391 222 734 276 circumibantur,
766 236 850 276 quo
881 221 949 263 vel
979 221 1212 275 plurimum
1237 221 1349 262 valet
1374 220 1506 261 Anto-

164 282 270 323 nius.
335 280 441 322 Cum
474 295 618 322 omnes
650 295 692 322 se
731 280 984 335 recepissent
1015 280 1150 321 nostri
1184 279 1368 333 ordines,
1406 279 1507 320 reci—

164 355 263 395 pere
300 354 368 381 me
405 340 660 380 novissimus
698 340 815 393 coepi
854 339 906 379 ad
943 342 1088 379 castra.
1151 338 1363 379 Antonius
1404 340 1507 378 tam-

167 414 293 454 quam
325 399 461 440 victor
493 402 628 439 castra
658 398 825 452 putavit
856 412 898 438 se
930 412 1052 451 posse
1085 411 1241 451 capere.
1288 396 1380 445 Quo
1413 410 1507 437 cum

130 469 146 494 5
166 458 303 511 venit,
335 457 572 512 complures
604 457 663 497 ibi
697 457 838 497 amisit
869 470 944 497 nec
976 456 1063 511 egit
1095 456 1331 509 quicquam.

254 515 414 556 Audita
456 531 500 556 re
549 515 716 556 Hirtius
760 529 854 555 cum
905 514 1151 555 cohortibus
1194 526 1257 554 XX
1300 513 1509 554 veteranis

167 575 358 616 redeunti
391 574 580 615 Antonio
612 575 656 614 in
688 588 762 614 sua
794 575 929 614 castra
955 573 1137 614 occurrit
1169 573 1394 627 copiasque
1420 571 1509 612 eius

168 634 305 675 omnis
338 633 503 687 delevit,
535 632 699 687 fugavit
725 632 954 686 eodemque
987 632 1092 685 loco,
1124 632 1198 672 ubi
1230 634 1319 672 erat
1350 645 1510 684 pugna-

166 695 279 746 tum,
324 692 376 732 ad
415 692 573 733 Forum
616 690 855 745 Gallorum3
898 690 1112 731 Antonius
1155 704 1251 731 cum
1295 688 1509 743 equitibus

115 764 148 788 10
165 751 272 792 hora
302 751 440 791 noctis
473 752 623 804 quarta
654 764 696 790 se
729 750 772 790 in
804 751 940 790 castra
971 764 1045 790 sua
1076 749 1128 789 ad
1159 748 1369 789 Mutinam
1401 762 1509 788 rece-

166 810 248 864 pit3
285 808 453 850 Hirtius
491 810 535 849 in
576 823 624 849 ea
661 812 796 849 castra
834 808 976 861 rediit,
1018 808 1127 848 unde
1164 807 1301 847 Pansa
1339 806 1510 859 exierat,
1537 813 1552 831 ·'

167 868 242 910 ubi
275 868 376 908 duas
413 868 602 923 legiones
640 867 885 921 reliquerat,
927 881 1032 920 quae
1072 866 1124 907 ab
1161 865 1352 906 Antonio
1391 867 1510 905 erant

168 929 447 982 oppugnatae.
512 926 582 967 Sic
624 928 788 979 partem
831 925 1035 966 maiorem
1079 939 1250 965 suarum
1294 923 1511 977 copiarum

168 986 381 1027 Antonius
419 985 561 1025 amisit
598 987 908 1038 veteranarum3
946 997 1023 1024 nec
1059 983 1104 1024 id
1139 985 1280 1023 tamen
1318 982 1406 1022 sine
1439 981 1512 1022 ali-

116 1056 149 1081 15
170 1059 253 1099 qua
284 1045 445 1085 iactura
471 1044 711 1084 cohortium
742 1042 1051 1097 praetoriarum
1076 1044 1317 1082 nostrarum
1344 1042 1386 1080 et
1410 1039 1513 1095 legi—

170 1104 262 1145 onis
288 1102 466 1143 Martiae
491 1102 583 1143 fieri
608 1102 761 1156 potuit.
823 1100 1003 1154 Aquilae
1031 1101 1147 1154 duae,
1180 1100 1301 1155 signa
1326 1110 1387 1139 LX
1413 1100 1511 1139 sunt

170 1162 301 1203 relata
331 1161 512 1216 Antoni3
545 1175 610 1201 res
642 1161 747 1201 bene
780 1162 899 1215 gesta
931 1162 1004 1200 est.
1066 1158 1116 1200 A.
1150 1158 1186 1199 d.
1218 1169 1298 1198 XVI
1329 1157 1379 1198 K.
1412 1156 1510 1197 Mai.

169 1236 221 1262 ex
253 1220 412 1262 castris.

765 1321 918 1364 XXXI.

117 1420 150 1445 20
391 1405 465 1440 Ser.
495 1405 680 1440 Cordubae
707 1403 835 1438 XVII
856 1403 903 1437 K.
931 1403 1022 1447 Apr.
1050 1414 1082 1436 α.
1112 1404 1179 1436 711
1209 1403 1295 1444 (43).

422 1486 459 1522 O.
486 1485 675 1520 ASINIUS
701 1484 877 1519 POLLIO
905 1483 1130 1519 CICERONI
1157 1483 1190 1518 S.
1216 1483 1259 1517 D.

258 1570 435 1612 Minime
466 1571 623 1611 mirum
654 1569 735 1610 tibi
762 1568 886 1609 debet
911 1567 1045 1609 videri
1071 1567 1180 1608 nihil
1204 1580 1271 1607 me
1298 1564 1513 1619 scripsisse

172 1630 222 1670 de
253 1644 297 1670 re
328 1644 380 1683 p.,
411 1631 689 1683 posteaquam
721 1628 829 1668 itum
861 1629 924 1668 est
959 1627 1011 1667 ad
1045 1641 1172 1667 arma.
1233 1624 1346 1666 Nam
1382 1623 1513 1664 saltus

173 1687 508 1741 Castulonensis,
552 1686 625 1740 qui
666 1701 830 1739 semper
870 1685 1008 1726 tenuit
1048 1687 1217 1725 nostros
1256 1682 1514 1736 tabellarios,

119 1759 152 1784 25
173 1747 251 1787 etsi
294 1760 406 1787 nunc
448 1745 808 1799 frequentioribus
851 1743 1085 1784 latrociniis
1134 1742 1330 1783 infestior
1378 1741 1514 1781 factus

172 1808 251 1859 est,
289 1807 431 1845 tamen
467 1817 734 1858 nequaquam
765 1805 883 1842 tanta
914 1802 958 1842 in
989 1816 1109 1842 mora
1140 1803 1219 1854 est,
1252 1802 1409 1854 quanta
1441 1798 1513 1852 qui

170 1864 275 1905 locis
317 1863 514 1904 omnibus
555 1861 749 1915 dispositi
791 1861 843 1900 ab
887 1863 1065 1913 utraque
1108 1861 1228 1913 parte
1273 1860 1514 1898 scrutantur

171 1922 416 1964 tabellarios
447 1923 489 1962 et
520 1920 714 1961 retinent.
774 1918 940 1972 Itaque,
980 1918 1061 1958 nisi
1094 1931 1199 1958 nave
1230 1916 1415 1970 perlatae
1446 1915 1515 1955 lit-

171 1984 286 2022 terae
318 1983 468 2033 essent,
501 1979 673 2019 omnino
705 1977 922 2030 nescirem,
955 1977 1056 2030 quid
1088 1976 1184 2016 istic
1214 1976 1345 2015 fieret.
1388 1973 1516 2014 Nunc

119 2052 154 2077 30
172 2054 272 2081 vero
297 2042 445 2080 nactus
477 2037 755 2090 occasionem,
786 2038 1061 2089 posteaquam
1092 2034 1285 2089 navigari
1318 2035 1515 2086 coeptum

173 2101 254 2153 est,
286 2096 572 2153 cupidissime,
611 2098 652 2136 et
684 2109 811 2149 quam
843 2094 1094 2134 creberrime
1125 2095 1294 2147 potero,
1333 2091 1515 2132 scribam

173 2157 225 2198 ad
255 2159 308 2198 te.
368 2155 435 2197 Ne
466 2169 637 2196 movear
663 2154 751 2194 eius
779 2152 1055 2206 sermonibus,
1088 2166 1213 2205 quem
1244 2149 1414 2191 tametsi
1445 2163 1514 2189 ne-

172 2230 242 2257 mo
275 2218 337 2256 est
369 2215 441 2269 qui
466 2214 608 2255 videre
633 2213 747 2266 velit,
778 2214 919 2252 tamen
950 2225 1216 2264 nequaquam
1247 2208 1436 2263 proinde,
1468 2221 1516 2248 ac

174 2274 327 2330 dignus
358 2276 431 2327 est,
465 2273 644 2314 oderunt
673 2270 884 2323 homines,
921 2269 1156 2323 periculum
1187 2282 1274 2308 non
1305 2269 1385 2321 est3
1423 2266 1517 2306 ade-

120 2343 156 2369 35
177 2336 242 2374 ost
273 2332 386 2374 enim
418 2332 579 2372 invisus
609 2330 734 2384 mihi,
775 2331 821 2370 ut
858 2328 966 2369 nihil
1003 2342 1089 2369 non
1127 2326 1324 2368 acerbum
1356 2327 1515 2380 putem,
