1659 2552
167 138 255 179 406
657 137 997 172 EPISTULARUM

798 278 888 321 LII.

371 361 444 396 Ser.
474 360 610 395 Romae
635 361 717 395 circ.
743 361 831 395 med.
859 372 903 394 m.
933 360 1027 405 Sept.
1053 372 1086 395 a.
1115 362 1189 394 708
1216 362 1307 403 (46).

660 441 830 477 CICERO
856 441 971 477 REGI
998 442 1031 477 S.

258 525 308 568 A.
335 525 803 569 Liciniustristoteles
833 525 1070 567 Melitensis
1102 525 1423 580 antiquissimus
1454 528 1517 566 est

168 585 323 640 hospes
355 600 473 626 meus
500 588 541 626 et
568 588 786 640 praeterea
818 585 1068 626 coniunctus
1099 599 1256 640 magno
1288 599 1367 626 usu
1398 584 1517 626 fami·
1554 598 1571 624 5

169 645 379 686 liaritatis.
441 643 558 685 Haec
599 658 694 685 cum
726 645 786 685 ita
824 644 926 699 sint,
966 658 1053 685 non
1091 643 1260 699 dubito,
1301 643 1405 698 quin
1435 643 1517 684 tibi

171 704 272 744 satis
294 703 612 744 commendatus
638 703 710 758 sit3
737 703 893 744 etenim
913 718 964 744 ex
982 702 1130 744 multis
1151 716 1360 759 cognosco
1380 716 1518 744 meam

171 762 582 803 commendationem
613 762 846 816 plurimum
873 762 985 816 apud
1008 764 1050 802 te
1076 761 1227 802 valere.
1287 760 1414 802 Hunc
1439 776 1518 817 ego

172 836 195 862 a
222 821 397 862 Caesare
429 821 629 876 liberavi,
661 822 858 875 frequens
891 821 1004 862 enim
1036 821 1174 861 fuerat
1205 820 1428 861 nobiscum
1460 823 1519 860 at-

172 894 252 934 que
285 880 413 921 etiam
447 879 606 921 diutius
638 880 682 920 in
709 894 832 920 causa
859 883 921 920 est
948 894 1075 934 quam
1106 893 1184 920 nos
1216 881 1572 933 commoratu831o

173 953 255 993 quo
288 939 440 979 melius
471 941 512 980 te
546 939 595 980 de
628 953 676 979 eo
709 939 1051 979 existimaturum
1082 937 1278 979 arbitror.
1333 937 1418 979 Fac
1442 938 1520 994 igi-

171 1000 258 1051 tur,
296 998 355 1038 mi
387 997 496 1053 Rex,
537 1000 585 1039 ut
616 997 837 1053 intellegat
868 997 944 1038 has
977 997 1060 1038 sibi
1090 997 1256 1037 litteras
1286 996 1519 1051 plurimum

170 1056 393 1111 profuisse.

792 1160 904 1203 LIII.

174 1243 249 1278 Ser.
270 1244 311 1277 in
332 1242 463 1278 Cilicia
482 1244 536 1278 vel
554 1254 608 1278 ew.
634 1255 668 1278 a.
690 1244 762 1277 703
783 1244 861 1286 (51)
886 1242 941 1277 vel
965 1243 1016 1276 in.
1043 1253 1077 1276 a.
1099 1243 1170 1276 704
1191 1243 1284 1284 (50),
1308 1245 1349 1276 ut
1366 1241 1519 1276 videtur.
1541 1257 1574 1282 15

517 1323 687 1358 CICERO
714 1322 916 1358 THERMO
942 1323 1111 1357 PROPR.
1142 1323 1176 1357 S.

261 1407 308 1449 L.
337 1407 557 1449 Genucilio
584 1406 724 1447 Curvo
751 1407 835 1447 iam
865 1406 1030 1460 pridem
1057 1409 1155 1447 utor
1180 1406 1520 1460 familiarissime,

176 1466 338 1520 optimo
371 1467 463 1507 viro
497 1468 538 1506 et
568 1465 740 1506 homine
773 1465 1028 1520 gratissimo.
1091 1464 1202 1505 Eum
1235 1465 1316 1505 tibi
1351 1465 1521 1519 penitus

175 1525 424 1566 commendo
457 1527 583 1578 atque
616 1524 755 1577 trado,
791 1524 975 1577 primum
1009 1526 1056 1564 ut
1088 1523 1285 1564 omnibus
1318 1524 1362 1564 in
1394 1523 1520 1564 rebus

176 1584 213 1624 ei
255 1583 516 1636 commodes,
561 1582 700 1636 quoad
740 1582 843 1623 fides
887 1585 959 1622 tua
1004 1582 1273 1637 dignitasque
1317 1583 1574 1637 patietur320

174 1642 362 1696 patietur
386 1644 527 1682 autem
552 1641 596 1681 in
623 1641 837 1695 omnibus3
869 1640 977 1681 nihil
1003 1641 1115 1681 enim
1141 1655 1215 1695 aps
1240 1643 1282 1682 te
1308 1655 1522 1696 umquam,

177 1701 291 1755 quod
323 1701 378 1741 sit
409 1700 593 1741 alienum
626 1700 711 1740 tuis
743 1703 815 1740 aut
847 1700 974 1740 etiam
1008 1700 1095 1740 suis
1132 1699 1341 1753 moribus,
1378 1702 1522 1754 postu-

131 1793 148 1802 „
176 1760 292 1800 labit.
355 1758 586 1813 Praecipue
624 1762 766 1799 autem
807 1758 885 1799 tibi
925 1758 1173 1799 commendo
1211 1758 1383 1814 negotia
1420 1759 1522 1813 eius,

177 1833 282 1872 quae
315 1821 413 1859 sunt
439 1818 483 1858 in
508 1817 799 1872 Hellesponto,
831 1817 1016 1871 primum
1049 1820 1096 1857 ut
1123 1817 1313 1871 optineat
1343 1816 1387 1857 id
1417 1817 1522 1858 iuris

176 1877 221 1917 in
253 1877 378 1932 agriS,
411 1876 525 1930 quod
556 1876 593 1917 ei
625 1875 805 1916 Pariana
838 1876 986 1916 civitas
1019 1875 1204 1916 decrevit
1235 1878 1277 1916 et
1315 1874 1447 1929 dedit,
1480 1878 1521 1916 et
1541 1888 1574 1913 25

177 1936 291 1989 quod
331 1950 497 1989 semper
535 1935 722 1989 optinuit
760 1934 848 1975 sine
887 1934 973 1974 ulla
1012 1934 1319 1988 controversia,
1361 1933 1521 1988 deinde,

177 1995 211 2034 si
245 1994 348 2048 quid
378 1993 555 2034 habebit
581 2007 676 2034 cum
708 1993 851 2047 aliquo
877 1992 1174 2047 Hellespontio
1201 1992 1522 2046 controversiae,

176 2056 223 2092 ut
261 2053 305 2093 in
344 2052 461 2093 illam
501 2053 719 2104 διοίκησιν
756 2051 915 2092 reicias.
978 2049 1061 2092 Sed
1101 2065 1187 2092 non
1226 2050 1332 2091 mihi
1364 2050 1522 2105 videor,

178 2125 273 2152 cum
304 2111 385 2151 tibi
416 2114 556 2151 totum
587 2110 804 2151 hominem
831 2110 1154 2165 diligentissime
1181 2109 1523 2163 commendarim,

178 2169 366 2225 singulas
399 2169 451 2209 ad
482 2171 523 2210 te
557 2169 646 2210 eius
679 2183 823 2209 causas
853 2168 1115 2222 perscribere
1142 2167 1302 2208 debere.
1349 2166 1575 2209 Summaso

179 2228 308 2268 illast:
371 2226 583 2281 Quicquid
627 2227 775 2282 officii,
819 2227 1030 2281 beneficii,
1079 2226 1254 2267 honoris
1297 2226 1340 2266 in
1387 2225 1522 2268 Genu-

179 2286 322 2326 cilium
351 2286 592 2340 contuleris,
624 2285 666 2326 id
698 2288 739 2326 te
766 2285 1018 2326 existimabo
1050 2285 1095 2326 in
1126 2298 1192 2325 me
1224 2284 1363 2338 ipsum
1396 2288 1522 2340 atque

180 2344 223 2383 in
256 2359 344 2384 rem
377 2359 514 2385 meam
548 2344 786 2385 contulisse.
