1659 2552
84 730 117 755 10

84 1023 116 1047 15

84 2072 118 2098 30

603 95 745 129 LIBER
770 95 837 130 VII
862 99 1011 130 27—29.
1397 97 1478 138 195

137 189 284 243 sapiat,
310 203 421 230 nunc
448 204 536 230 esse
563 190 710 231 beatus
736 191 905 245 potest?
938 190 1031 244 Sed,
1058 190 1172 245 quod
1197 193 1255 244 tu,
1290 192 1355 232 cui
1382 192 1477 232 lice-

137 248 230 301 bat,
274 248 453 302 pedibus
491 263 534 289 es
572 252 837 303 consecutus,
881 251 928 290 ut
969 249 1030 290 ibi
1071 264 1197 303 esses,
1243 250 1347 290 ‘ubi
1390 265 1478 291 1100

136 306 514 361 Pelopidarum'
548 306 679 363 (nosti
706 306 874 363 cetera),
906 322 983 349 nos
1009 307 1121 349 idem
1146 322 1278 362 prope
1304 309 1477 350 modum

137 366 435 419 consequimur
472 366 553 406 alia
592 367 764 407 ratione.
828 366 933 407 Cum
973 367 1085 407 enim
1123 367 1369 407 salutationi
1401 382 1478 408 nos

138 424 329 465 dedimus
373 424 624 479 amicorum,
668 440 773 479 quae
816 425 865 466 fit
908 425 989 466 1100
1032 425 1159 466 etiam
1202 425 1478 480 frequentius,

138 497 264 536 quam
297 483 476 537 solebat,
518 484 631 537 quod
669 484 788 537 quasi
820 498 939 525 avem
971 483 1111 524 albam
1142 484 1340 524 videntur
1371 484 1478 525 bene

137 541 388 582 sentientem
432 542 565 582 civem
605 542 767 596 videre,
811 542 920 583 abdo
964 557 1030 583 me
1074 542 1118 583 in
1162 542 1476 584 bibliothecam.

138 598 284 654 Itaque
323 614 450 654 opera
482 601 619 641 efficio
651 604 786 655 tanta,
827 603 984 655 quanta
1016 601 1194 642 fortasse
1225 603 1273 642 tu
1305 601 1477 656 senties,

138 659 327 699 intellexi
372 659 484 699 enim
529 673 579 699 ex
616 662 690 700 tuo
729 674 920 700 sermone
958 660 1159 714 quodam,
1204 674 1298 700 011111
1338 674 1477 701 11103111

137 717 392 758 maestitiam
425 720 465 758 et
499 718 833 771 desperationem
865 732 1080 759 accusares
1113 718 1227 759 domi
1265 721 1378 773 tuae,
1418 718 1477 759 di-

137 790 250 816 scere
275 778 316 816 te
343 790 393 816 ex
418 776 524 816 meis
554 777 676 817 libris
707 777 894 817 animum
925 791 1066 818 meum
1099 777 1344 818 desiderare.
1395 776 1477 818 Sed

136 834 374 875 mehercule
412 838 453 875 et
490 837 582 875 tum
619 850 707 876 rem
743 829 958 889 publica'm
996 835 1212 890 lugebam,
1251 850 1357 889 quae
1388 850 1475 876 non

137 893 273 933 solum
306 893 391 933 suis
423 907 519 946 crya
549 908 627 947 me,
660 893 732 934 sed
763 894 890 934 etiam
920 894 1025 934 meis
1057 909 1156 949 erga
1188 908 1230 935 se
1262 894 1477 935 beneficiis

137 954 226 992 erat
257 951 362 992 mihi
393 953 479 992 vita
509 965 600 993 mea
631 952 778 1006 carior,
810 955 851 993 et
882 952 962 993 1100
987 955 1188 1006 tempore,
1221 967 1476 1007 quamquam

136 1024 203 1050 me
233 1024 319 1050 non
351 1010 459 1050 ratio
492 1010 629 1051 solum
662 1010 918 1065 consolatur,
951 1025 1056 1065 quae.
1088 1011 1319 1065 plurimum
1352 1012 1476 1052 debet

136 1069 285 1121 valere,
318 1069 391 1109 sed
422 1068 549 1109 etiam
582 1069 681 1123 dies,
714 1084 818 1123 quae
851 1069 992 1110 stultis
1024 1084 1191 1123 quoque
1222 1070 1381 1110 mederi
1413 1084 1477 1110 so-

135 1127 211 1182 let,
242 1130 384 1168 tamen
417 1127 537 1168 doleo
569 1127 628 1167 ita
660 1142 748 1168 rem
775 1142 1040 1168 communem
1066 1142 1154 1169 esse
1182 1128 1397 1182 dilapsam,
1428 1131 1476 1169 ut

135 1200 187 1226 ne
214 1200 307 1240 spes
333 1186 504 1239 quidem
528 1186 679 1226 melius
706 1186 931 1240 aliquando
959 1187 1048 1227 fore
1075 1186 1348 1240 relinquatur.
1385 1186 1428 1227 N
1431 1200 1477 1227 00

135 1258 235 1285 vero
266 1258 378 1284 1111110
409 1244 580 1298 quidem
619 1245 740 1299 culpa
771 1245 815 1285 in
847 1259 896 1285 eo
929 1248 1009 1299 est,
1042 1245 1085 1285 in
1117 1245 1235 1285 cuius
1265 1248 1475 1299 potestate

83 1316 97 1339 2
137 1303 279 1343 omnia
309 1306 408 1344 sunt
439 1301 540 1358 (nisi
571 1303 681 1344 forte
713 1303 756 1343 id
787 1304 927 1357 ipsum
959 1317 1046 1344 esse
1077 1318 1163 1344 non
1196 1303 1373 1359 debuit),
1404 1304 1477 1344 sed

136 1362 217 1402 alia
256 1375 369 1416 casu,
411 1361 492 1402 alia
529 1362 658 1402 etiam
694 1365 840 1403 nostra
877 1362 1000 1416 culpa
1037 1361 1096 1402 310
1133 1362 1391 1416 acciderunt,
1428 1365 1477 1403 ut

137 1420 186 1461 de
228 1420 468 1474 praeteritis
511 1434 598 1461 non
641 1420 696 1461 sit
747 1421 1017 1475 querendum.
1090 1419 1316 1474 Reliquam
1359 1436 1476 1475 spem

135 1478 295 1519 nullam
327 1479 460 1520 video.
524 1477 661 1527 Quare
693 1479 745 1519 ad
774 1479 913 1534 prima
944 1479 1089 1520 redeo:
1123 1478 1345 1533 Sapienter
1375 1480 1478 1520 11300

136 1537 358 1592 reliquisti,
390 1537 426 1578 si
458 1537 646 1592 consilio,
677 1538 876 1592 feliciter,
908 1538 943 1578 si
975 1552 1082 1578 casu.

729 1687 882 1729 XXIX.

325 1767 400 1802 Ser.
433 1768 558 1802 Patris
589 1780 622 1803 a.
648 1769 681 1803 d.
708 1769 805 1802 IIII
831 1769 878 1803 K.
907 1768 999 1803 Nov.
1032 1779 1065 1802 a.
1094 1771 1166 1804 709
1195 1771 1284 1813 (45).

474 1848 642 1883 CURIUS
668 1849 715 1883 M.
744 1848 965 1883 CICERONI
991 1849 1079 1884 SUO
1107 1849 1140 1885 S.

237 1943 276 1984 S.
315 1958 351 1984 v.
390 1943 447 1998 b.3
486 1958 578 1984 sum
617 1944 729 1984 enim
766 1945 916 1998 χρήσει
955 1941 1033 1997 μὲν
1071 1946 1187 1998 tuus,
1239 1945 1385 1997 κτήσὶει
1429 1942 1476 1986 δὲ

137 2002 271 2043 Attici
296 2002 443 2043 nostri.
493 2001 610 2057 Ergo
637 2004 798 2043 fructus
825 2004 887 2043 est
912 2005 1022 2056 tuus,
1053 2003 1312 2056 mancipium
1344 2003 1476 2058 illius3

138 2061 251 2115 quod
288 2061 458 2115 quidem
490 2061 525 2101 si
557 2061 668 2101 inter
699 2075 817 2101 senes
853 2061 1173 2114 coemptionalis
1204 2061 1350 2102 venale
1380 2076 1476 2115 pro-

137 2120 368 2174 scripserit,
409 2120 543 2175 egerit
574 2133 659 2160 non
690 2119 883 2159 multum.
945 2118 1005 2159 At
1035 2119 1108 2159 illa
1139 2122 1284 2160 nostra
1314 2120 1476 2173 praedi—

137 2178 246 2219 catio
297 2178 502 2233 quantist,
558 2192 654 2231 nOS,
711 2178 824 2231 quod
873 2177 1023 2231 simus,
1080 2178 1193 2231 quod
1232 2178 1475 2233 habeamus,

136 2237 249 2290 quod
284 2236 477 2277 homines
516 2237 824 2290 existimemur,
865 2236 908 2276 id
947 2250 1069 2276 omne
1107 2250 1181 2289 aps
1218 2239 1259 2277 te
1297 2236 1474 2278 habere!

136 2294 284 2349 Quare,
317 2294 462 2336 Cicero
494 2295 565 2349 mi,
596 2309 815 2349 persevera
848 2296 1088 2335 constanter
1118 2308 1195 2335 nos
1228 2309 1474 2337 conservare

1191 2364 1259 2396 13*

1504 204 1524 223 c)

1506 224 1523 234 ιιι
