1659 2552
176 100 261 142 418
688 99 1028 135 EPISTULARUM

174 196 421 237 necessariis
453 198 500 237 ut
524 195 606 237 1100
632 199 834 249 tempore.
884 194 997 236 Nam
1024 209 1119 236 cum
1145 195 1190 236 T.
1211 195 1369 251 Ampio
1390 196 1525 238 Balbo

174 255 282 296 mihi
315 270 479 296 summa
516 255 784 295 familiaritas
821 254 1173 308 necessitudoque
1206 257 1279 295 est.
1341 254 1447 296 Eius
1478 255 1526 296 li—

176 314 366 368 bertum,
407 313 452 354 T.
488 313 692 367 Ampium
730 312 1033 367 Menandrum,
1072 313 1290 354 hominem
1332 314 1447 370 frugi
1485 316 1527 355 et

174 373 415 414 modestum
448 374 490 413 et
526 375 707 426 patrono
749 374 791 412 et
827 371 952 412 nobis
983 371 1255 413 vehementer
1285 372 1526 427 probatum,

175 431 258 473 tibi
291 431 539 472 commendo
576 431 782 471 maiorem
821 430 865 471 111
903 430 1088 471 modum.
1151 429 1383 472 Vementer
1419 431 1526 472 mihi
1565 442 1582 467 5

176 492 346 547 gratum
384 490 550 543 feceriS,
589 489 641 544 si,
680 489 1017 543 quibuscumque
1050 489 1176 530 rebus
1214 489 1303 530 sine
1335 492 1409 530 tua
1439 505 1527 531 mo-

175 550 299 591 lestia
330 549 507 603 poteris,
539 548 587 589 ei
620 547 912 589 commodaris.
976 547 1099 596 Quod
1129 550 1178 589 ut
1208 548 1355 603 facias,
1387 551 1429 590 te
1460 563 1527 590 ve—

177 610 344 650 menter
376 608 503 648 etiam
540 610 667 661 atque
699 607 828 647 etiam
860 621 978 662 rogo.

781 733 930 777 LXXI.

463 816 537 852 Ser.
565 816 713 859 Romae,
740 820 783 851 ut
806 817 962 859 videtur,
987 827 1020 851 α.
1049 818 1123 851 708
1156 818 1243 861 (46).
1547 830 1581 855 10

363 898 412 934 M.
441 897 610 934 CICERO
637 898 671 933 S.
696 897 740 933 D.
766 898 806 933 P.
835 897 1055 932 SERVILIO
1083 897 1342 933 COLLEGAE.

269 994 430 1036 Multos
461 994 543 1036 tibi
575 993 866 1035 commendem
897 1008 1065 1035 necesse
1098 996 1172 1048 est,
1208 993 1409 1048 quoniam
1442 1007 1528 1034 om-

181 1055 308 1096 nibus
339 1056 442 1094 nota
472 1055 619 1094 nostra
649 1052 914 1093 necessitudo
947 1055 1009 1093 est
1041 1055 1197 1106 tuaque
1230 1066 1330 1107 erga
1360 1066 1428 1092 me
1459 1052 1529 1093 be-

181 1113 433 1168 nivolentia3
471 1112 543 1152 sed
574 1114 734 1166 tamen,
773 1111 851 1152 etsi
885 1111 1075 1152 omnium
1108 1125 1248 1166 causa,
1281 1125 1387 1165 quos
1418 1124 1527 1151 com-

181 1172 352 1226 mendo,
389 1170 497 1212 velle
531 1170 680 1224 debeo,
721 1173 863 1210 tamen
903 1184 998 1211 cum
1036 1170 1234 1210 omnibus
1265 1184 1351 1210 non
1383 1169 1528 1210 eadem
1548 1181 1581 1206 15

181 1231 288 1272 mihi
327 1206 451 1271 031133
487 1232 560 1270 est.
622 1228 667 1270 T.
700 1228 889 1284 Agusius
927 1231 968 1270 et
1007 1243 1146 1269 comes
1183 1243 1302 1269 meus
1339 1228 1421 1268 fuit
1452 1228 1527 1269 illo

182 1289 421 1331 miserrimo
447 1290 638 1341 tempore
665 1290 706 1328 et
733 1287 923 1344 omnium
950 1287 1162 1341 itinerum,
1194 1287 1528 1342 navigationum,

181 1348 395 1401 laborum,
435 1346 722 1400 periculorum
752 1360 945 1386 meorum
978 1346 1115 1386 socius
1146 1359 1282 1399 neque
1294 1321 1395 1386 Ohoc
1425 1347 1528 1386 tem-

181 1421 284 1461 pore
314 1405 571 1446 discessisset
597 1420 619 1444 a
645 1419 723 1458 me,
755 1404 838 1444 nisi
863 1418 942 1459 ego
969 1404 1006 1444 ei
1031 1403 1328 1458 permisissem.
1390 1402 1528 1452 Quare

183 1466 243 1506 sic
273 1465 353 1505 tibi
393 1478 489 1504 eum
531 1438 779 1504 eommerido
817 1464 865 1502 ut
902 1476 1034 1502 unum
1068 1462 1117 1502 de
1148 1462 1253 1502 meis
1287 1461 1554 1503 domesticis·
1549 1475 1582 1500 20

183 1526 225 1565 et
249 1523 433 1564 maxime
458 1521 714 1562 necessariis.
764 1520 1019 1576 Pergratum
1045 1520 1151 1561 mihi
1178 1521 1338 1575 feceris,
1371 1521 1405 1561 si
1432 1535 1528 1562 eum

184 1583 244 1623 ita
274 1581 486 1634 tractariS,
528 1583 575 1620 ut
612 1579 833 1634 intellegat
864 1579 973 1620 hanc
1005 1579 1415 1620 commendationem
1447 1579 1530 1620 sibi

183 1655 339 1697 magno
372 1654 450 1680 usu
483 1641 609 1693 atque
641 1638 885 1680 adiumento
918 1638 1058 1679 fuisse.

772 1765 944 1808 LXXII.

467 1849 540 1884 Ser.
574 1849 722 1891 Romae,
747 1852 787 1882 ut
813 1848 965 1890 videtur,
990 1859 1024 1882 a.
1053 1848 1126 1881 708
1154 1848 1245 1890 (46).
1548 1860 1583 1885 25

407 1930 456 1965 M.
485 1928 653 1964 CICERO
680 1929 718 1964 P.
747 1928 966 1963 SERVILIO
994 1927 1243 1962 COLLEGAE
1271 1927 1303 1962 S.

276 2013 522 2067 Caerelliae,
553 2012 811 2054 necessariae
842 2026 978 2065 meae,
1015 2026 1133 2065 rem,·
1154 2011 1338 2064 nomina,
1368 2024 1530 2064 posses-

187 2074 324 2114 siones
364 2071 573 2112 Asiaticas
617 2070 914 2112 commendavi>
951 2070 1032 2111 tibi
1072 2083 1269 2124 praesens
1308 2069 1353 2109 in
1392 2068 1530 2110 hortis

186 2132 288 2186 tuis,
330 2145 456 2185 quam
494 2130 615 2184 potui
653 2129 995 2185 diligentissime,
1036 2131 1166 2182 tuque
1204 2127 1309 2168 mihi
1346 2141 1424 2180 pro
1456 2130 1530 2169 tua

187 2189 488 2231 consuetudine
520 2202 681 2243 proque
714 2188 799 2228 tuis
831 2188 874 2228 in
905 2201 972 2228 me
1004 2186 1219 2241 perpetuis
1249 2186 1529 2240 maximisque
1548 2198 1582 2223 80

188 2248 340 2289 officiis
373 2247 514 2288 omnia
546 2250 586 2287 te
619 2248 830 2287 facturum
861 2245 1156 2286 liberalissime
1188 2244 1394 2298 recepisti.
1443 2244 1557 2295 Meffi

187 2307 358 2347 minisse
390 2309 431 2347 te
463 2306 507 2346 id
539 2319 682 2360 spero,
715 2305 799 2346 scio
828 2305 939 2345 enim
967 2304 1110 2345 solere.
1156 2301 1237 2343 Sed
1262 2305 1403 2343 tamen
1431 2301 1529 2344 Cae-
