1659 2552
112 734 144 757 10

112 1026 144 1049 15

666 96 808 130 LIBER
833 96 917 130 XVI
945 100 999 132 21.
1416 96 1502 137 485

163 191 353 232 Cassium
386 191 563 245 institui,
594 191 744 232 Latine
771 194 911 232 autem
937 191 1048 245 apud
1074 190 1291 231 Bruttium
1318 191 1502 232 exerceri

162 250 269 291 volo.
343 249 454 291 Utor
497 250 777 290 familiaribus
821 253 862 290 et
907 250 1128 290 cotidianis
1176 250 1501 304 convictoribus,

163 323 267 363 quos
309 323 449 349 secum
490 308 707 362 Mitylenis
750 308 975 362 Cratippus
1017 309 1212 362 adduxit,
1257 308 1502 349 hominibus

162 370 203 408 et
236 368 370 408 doctis
402 370 442 408 et
474 368 536 407 illi
574 367 895 421 probatissimis.
956 366 1140 408 Multum
1173 367 1300 408 etiam
1338 381 1502 408 mecum

163 428 225 467 est
257 426 492 480 EpicrateS,
530 427 724 480 princeps
756 425 1100 480 Atheniensium,
1138 428 1179 466 et
1216 426 1423 466 Leonides
1462 428 1503 466 et

162 485 315 525 horum
357 485 484 525 ceteri
525 485 693 525 similes.
763 486 822 525 Τὰ
863 482 941 538 μὲν
983 482 1064 526 οὖν
1103 483 1196 526 καθ’
1241 484 1351 539 ιἡμᾶς
1388 485 1501 525 τάδε.

163 543 226 584 De
260 542 417 598 Gorgia
449 546 589 583 autem
622 543 735 596 quod
766 543 871 583 mihi
904 543 1071 597 scribis,
1108 545 1197 584 erat
1229 543 1399 597 quidem
1431 543 1501 583 ille

164 602 207 642 in
240 602 450 642 cotidiana
483 602 785 642 declamatione
818 602 951 655 utilis,
994 602 1066 642 sed
1098 602 1239 642 omnia
1269 602 1503 656 postposui,

165 660 263 700 dum
289 661 415 701 modo
447 661 681 714 praeceptis
712 660 844 714 pltris
876 675 1083 714 parer3em
1116 661 1358 715 διαρρήδην
1390 660 1503 701 0111111

165 719 408 773 scripserat
458 722 504 759 ut
549 734 644 759 eum
689 719 945 759 dimitterem
989 719 1144 759 statim.
1215 719 1502 774 Tergiversari

164 778 298 832 nolui,
338 792 389 818 ne
426 792 519 818 mea
557 778 687 818 nimia
725 778 894 831 σπουὸη
934 778 1215 831 suspicionem
1248 778 1286 818 ei
1298 754 1503 832 ω0111111011]

164 812 430 891 importaret,
462 837 610 877 deinde
642 836 748 876 illud
773 837 900 876 etiam
931 836 1037 877 mihi
1063 836 1344 891 succurrebat,
1375 851 1503 892 grave

164 910 252 936 esse
284 910 350 936 me
383 895 432 936 de
464 895 620 936 iudicio
652 895 783 949 patris
817 895 1011 935 iudicare.
1073 895 1211 935 Tuum
1245 898 1386 936 tamen
1418 898 1502 936 stu-

165 954 281 994 dium
313 956 354 995 et
386 954 608 994 consilium
640 957 808 1009 gratum
841 956 1142 1008 acceptumque
1175 956 1237 994 est
1267 953 1384 994 mihi.

264 1012 593 1053 Excusationem
637 1013 927 1068 angustiarum
971 1012 1035 1052 tui
1078 1012 1282 1066 temporis
1325 1012 1503 1066 accipi03

165 1071 251 1117 sc'to
278 1071 401 1123 enim,
429 1086 554 1124 quam
580 1071 714 1112 soleas
740 1086 827 1111 esse
849 1074 1086 1125 occupatus.
1131 1070 1295 1111 Emisse
1321 1073 1362 1111 te
1387 1085 1504 1124 prae—

167 1129 282 1169 dium
324 1129 594 1170 vehementer
633 1129 795 1184 gaudeo
833 1129 1096 1183 feliciterque
1133 1129 1215 1169 tibi
1252 1143 1341 1170 rem
1378 1129 1503 1169 istam

166 1188 332 1228 evenire
359 1189 482 1242 cupio
515 1188 614 1243 (hoc
644 1188 737 1228 1000
769 1202 835 1228 1110
868 1188 948 1228 tibi
979 1187 1186 1243 gratulari
1217 1188 1306 1228 noli
1336 1188 1504 1242 mirari3

166 1246 312 1287 eodem
344 1247 456 1287 enim
488 1247 574 1287 fere
605 1247 698 1287 loco
730 1249 777 1286 tu
809 1261 976 1300 quoque
1009 1246 1157 1287 emisse
1194 1248 1236 1286 te
1268 1246 1405 1286 fecisti
1437 1261 1503 1287 me

113 1320 127 1343 ε
166 1304 417 1350 certiorem).
479 1304 638 1358 Habes3
678 1305 945 1359 deponendae
976 1305 1056 1345 tibi
1095 1307 1193 1345 sunt
1224 1305 1503 1359 urbanitates3

165 1364 346 1404 rusticus
371 1363 587 1404 Romanus
618 1365 753 1404 factus
785 1378 846 1416 eS,
878 1378 961 1417 quo
993 1363 1120 1404 modo
1152 1377 1230 1419 ego
1262 1363 1368 1404 mihi
1393 1378 1506 1404 nunc

166 1425 262 1463 ante
289 1422 432 1463 oculos
463 1425 584 1463 tuum
618 1422 968 1463 iucundissimum
994 1424 1265 1476 conspectum
1295 1437 1505 1477 propono,

166 1481 312 1521 videor
349 1481 461 1521 enim
492 1481 634 1521 videre
672 1484 880 1521 ementem
912 1483 953 1521 te
985 1481 1163 1521 rusticas
1194 1495 1277 1533 103,
1319 1495 1414 1521 cum
1446 1481 1505 1521 vi—

166 1539 247 1579 lico
279 1539 533 1594 loquentem,
565 1540 609 1579 in
634 1539 786 1580 lacinia
811 1541 1047 1580 servantem
1074 1554 1125 1579 ex
1150 1553 1294 1580 mensa
1325 1539 1506 1579 secunda

114 1615 137 1634 2·
168 1597 336 1637 semina.
400 1597 498 1651 Sed,
531 1598 644 1651 quod
676 1598 727 1638 ad
759 1612 846 1638 rem
878 1598 1073 1651 pertinet,
1104 1612 1172 1638 me
1203 1600 1295 1638 tum
1326 1598 1407 1638 tibi
1440 1598 1506 1638 de-

167 1656 295 1696 fuisse
328 1670 457 1709 aeque
490 1670 537 1696 ac
567 1659 614 1696 tu
642 1656 773 1696 doleo.
836 1655 918 1695 Sed
949 1656 1037 1696 noli
1071 1656 1276 1709 dubitare,
1307 1657 1367 1696 mi
1392 1656 1505 1710 Tiro,

169 1714 271 1767 quin
302 1717 344 1754 te
376 1714 670 1754 sublevaturus
703 1714 799 1767 sim,
838 1714 872 1754 31
904 1714 1029 1754 1110(10
1062 1714 1234 1754 fortuna
1264 1729 1352 1767 me,
1389 1728 1506 1767 prae-

168 1772 314 1813 sertim
340 1786 434 1812 cum
461 1772 589 1812 sciam
609 1786 873 1812 communem
898 1772 1021 1812 nobis
1048 1774 1237 1826 emptum
1263 1786 1350 1812 esse
1376 1773 1505 1812 istum

168 1831 356 1871 fundum.
418 1830 481 1871 De
518 1830 727 1870 mandatis
760 1830 873 1883 quod
903 1830 983 1870 tibi
1016 1844 1137 1870 curae
1169 1830 1267 1883 fuit,
1306 1833 1367 1870 est
1399 1830 1504 1870 mihi

116 1903 130 1925 3
168 1892 354 1944 gratum3
387 1888 459 1928 sed
489 1891 587 1942 peto
620 1903 643 1928 a
674 1891 727 1942 te,
758 1891 805 1928 ut
837 1902 963 1941 quam
995 1888 1210 1928 celerrime
1242 1888 1348 1928 mihi
1380 1888 1505 1929 libra-

168 1948 255 1988 rius
287 1947 500 2000 mittatur,
531 1947 713 1987 maxime
746 1946 915 2000 quidem
949 1945 1148 2001 Graecus3
1185 1947 1368 1986 multum
1399 1947 1506 1987 mihi

168 2006 280 2047 enim
324 2005 502 2059 eripitur
546 2019 695 2059 operae
738 2005 783 2045 in
826 2005 1111 2045 exscribendis
1153 2005 1505 2058 hypomnematis.

168 2064 232 2105 Tu
264 2065 389 2105 velim
422 2064 466 2103 in
496 2063 644 2117 primis
677 2077 805 2116 cures,
837 2066 884 2104 ut
915 2063 1070 2116 valeas,
1102 2065 1149 2103 ut
1181 2077 1263 2103 una
1296 2067 1506 2117 συμφιλο-

169 2127 314 2176 λογεῐν
345 2122 566 2176 possimus.
621 2121 830 2162 Anterum
862 2121 942 2162 tibi
975 2121 1234 2162 commendo.

1530 556 1549 585 «5
