1659 2552
662 84 805 119 LIBER
829 84 862 118 X
889 88 990 120 5—7.
1417 85 1501 126 265

158 180 300 221 dentia
339 180 421 221 tibi
462 183 630 234 praesto
670 183 778 222 esset
816 181 978 235 futura,
1019 180 1171 221 vellem
1208 183 1349 221 tamen
1386 195 1501 222 meae

158 253 326 293 quoque
359 240 626 280 auctoritatis
658 254 735 294 pro
773 239 968 294 plurimis
999 239 1156 279 nostris
1187 240 1501 280 necessitudini-

158 298 237 338 bus
269 301 541 352 praeceptum
568 298 620 338 ad
646 302 687 339 te
714 298 886 352 aliquod
917 298 1147 352 pervenire.
1211 298 1341 339 Crede
1370 299 1502 353 igitur

157 356 276 410 mihi,
307 355 473 410 Plance,
507 357 655 412 omnis,
688 371 793 411 quos
819 357 955 397 adhuc
979 357 1134 412 gradus
1161 356 1381 412 dignitatis
1407 372 1501 397 con-

123 427 139 453 5
159 418 326 456 secutus
358 416 414 456 sis
447 414 510 471 (es
543 418 683 456 aute-m
717 416 892 469 adeptus
923 414 1237 471 amplissimos),
1270 429 1340 456 eos
1370 415 1501 456 hono—

158 488 252 515 rum
284 474 490 515 vocabula
521 474 761 529 habituros,
799 489 884 515 non
923 474 1143 530 dignitatis
1180 474 1381 530 insignia,
1419 474 1501 514 nisi

158 535 199 573 te
232 547 327 573 cum
358 533 555 574 libertate
586 533 734 587 populi
766 533 814 573 R„
848 536 889 573 et
922 547 1016 579 cum
1049 535 1217 574 senatus
1249 533 1500 573 auctoritate

159 592 438 632 coniunxeris.
484 590 667 647 Seiunge
693 595 746 645 te,
779 606 945 646 quaeso,
977 591 1203 646 aliquando
1230 591 1282 632 ab
1309 592 1372 645 iis,
1405 605 1500 632 cum

159 650 313 704 quibus
351 653 392 691 te
432 664 518 691 11011
555 653 676 691 tuum
714 651 933 704 iudicium,
975 651 1047 691 sed
1084 654 1324 704 temporum
1361 650 1500 691 vincla

106 723 139 747 10
159 709 479 749 coniunxerunt.
543 708 790 763 Complures
822 710 866 750 in
896 709 1215 762 perturbatione
1248 709 1307 750 rei
1338 724 1377 763 p.
1405 723 1498 749 con-

159 767 269 808 sules
303 767 420 820 dicti,
454 782 634 821 quorum
666 782 789 808 nemo
823 768 1054 808 consularis
1085 768 1274 821 habitus,
1312 767 1394 808 nisi
1427 767 1499 821 qui

159 826 299 866 animo
332 827 474 867 extitit
506 826 549 866 111
575 841 664 867 rem
689 842 727 880 p.
755 825 974 867 consulari.
1016 826 1160 867 Talem
1186 827 1319 882 igitur
1343 828 1384 866 te
1411 840 1499 866 esse

159 888 338 939 oportet,
372 885 443 938 qui
475 885 660 939 primum
692 888 734 925 te
766 885 817 926 ab
851 885 1079 939 impiorum
1112 885 1266 926 civium
1292 885 1356 925 tui
1383 885 1500 925 dissi-

157 944 435 984 millimorum
474 944 673 984 societate
711 944 923 999 seiungaS,
965 944 1113 984 deinde
1150 947 1191 984 te
1232 943 1396 984 senatui
1427 943 1500 983 bo-

107 1016 139 1040 15
159 1002 308 1056 nisque
342 1002 538 1043 omnibus
571 1005 796 1057 auctorem,
828 1002 1074 1056 principem,
1108 1002 1255 1043 ducem
1286 1002 1498 1056 praebeas,

158 1065 373 1115 postremo
412 1064 458 1101 ut
496 1075 641 1115 pacem
673 1075 761 1102 esse
793 1061 951 1101 iudices
982 1076 1067 1101 non
1099 1061 1142 1101 in
1178 1061 1305 1101 armis
1336 1060 1498 1115 positiS,

160 1120 232 1160 sed
269 1120 313 1159 in
352 1120 516 1160 abiecto
555 1134 769 1160 armorum
801 1122 843 1160 et
882 1120 1097 1160 servstutis
1128 1122 1255 1160 metu.
1316 1119 1431 1160 Haec
1463 1119 1498 1159 si

160 1181 201 1218 et
233 1193 331 1234 ages
363 1181 404 1219 et
436 1178 608 1232 senties,
640 1181 732 1219 tum
764 1178 846 1219 eris
876 1193 962 1219 non
994 1178 1121 1219 modo
1154 1178 1300 1219 consul
1331 1181 1372 1218 et
1404 1192 1499 1218 con-

160 1237 328 1292 sularis,
372 1237 445 1278 sed
486 1252 664 1292 magnus
705 1237 833 1278 etiam
874 1237 1020 1277 consul
1060 1240 1101 1277 et
1142 1237 1389 1291 consularis,
1434 1236 1499 1276 sin

105 1309 140 1334 20
160 1295 299 1350 aliter,
342 1298 434 1336 tum
474 1296 519 1336 in
559 1296 651 1336 istis
694 1296 966 1349 amplissimis
1005 1295 1250 1336 nominibus
1288 1295 1499 1335 honorum

158 1369 244 1395 non
281 1354 407 1395 modo
447 1354 631 1409 dignitas
668 1354 785 1394 nulla
816 1354 913 1408 erit,
953 1354 1025 1394 sed
1056 1354 1136 1395 erit
1169 1368 1332 1395 summa
1365 1354 1500 1394 defor-

158 1413 294 1453 mitas.
356 1412 472 1453 Haec
497 1413 704 1467 impulsus
736 1413 1031 1454 benevolentia
1056 1413 1204 1466 scripsi
1235 1413 1362 1466 paulo
1389 1426 1500 1453 seve—

159 1472 266 1526 rius,
298 1486 404 1525 quae
435 1474 482 1512 tu
513 1472 557 1512 111
589 1471 843 1525 experiendo
876 1486 923 1512 ea
955 1472 1129 1525 ratione,
1162 1486 1267 1525 quae
1299 1474 1340 1512 te
1374 1471 1501 1527 digna

160 1533 234 1585 est,
265 1544 364 1571 vera
396 1544 483 1571 esse
516 1544 753 1586 cognosces.
815 1530 866 1571 D.
898 1542 982 1570 XIII
1013 1530 1063 1571 K.
1095 1530 1197 1584 Apr.

107 1695 140 1720 25
781 1681 875 1724 VII.

256 1773 329 1808 Ser.
357 1774 397 1808 in
425 1773 550 1809 Gallice
580 1775 613 1808 T
612 1775 832 1855 ranscdpim}
855 1775 969 1855 ραὲιῖο
995 1779 1078 1818 post
1104 1775 1191 1810 med.
1221 1787 1262 1809 m.
1290 1774 1405 1809 Mart.

704 1834 736 1855 α.
768 1824 806 1855 71
863 1824 899 1863 (4
920 1825 951 1864 ).

589 1902 804 1936 PLANCUS
841 1902 1073 1937 CICERONI.

248 1997 377 2039 Plura
407 1999 488 2039 tibi
522 1999 570 2039 de
602 1998 706 2038 meis
739 1997 926 2038 consiliis
958 1998 1185 2038 scriberem
1211 1998 1503 2051 rationemque

108 2068 142 2093 30
163 2058 352 2098 omnium
390 2072 531 2098 rerum
570 2057 788 2097 redderem
824 2056 1062 2110 verbosius,
1104 2071 1187 2110 quo
1224 2057 1360 2111 magis
1397 2056 1503 2097 iudi-

163 2129 277 2156 cares
310 2116 450 2157 omnia
481 2130 548 2156 me
580 2115 640 2155 rei
671 2130 710 2168 p.
742 2115 1013 2168 praestitisse,
1046 2129 1151 2169 quae
1178 2117 1219 2155 et
1250 2118 1323 2155 tua
1355 2115 1503 2155 exhor-

161 2174 322 2215 tatione
364 2175 508 2229 excepi
549 2177 590 2215 et
630 2188 723 2214 mea
763 2173 1055 2214 adfirmatione
1096 2173 1177 2214 tibi
1218 2174 1355 2227 recepi
1399 2172 1503 2228 (non

161 2233 301 2274 minus
346 2233 457 2274 enim
496 2248 519 2273 a
554 2235 596 2273 te
637 2232 810 2285 probari
851 2246 977 2285 quam
1018 2232 1139 2287 diligi
1180 2246 1343 2286 semper
1386 2232 1502 2272 volui

160 2305 237 2332 nec
267 2294 309 2332 te
340 2292 476 2347 magis
514 2292 557 2332 in
596 2291 719 2344 culpa
757 2290 1018 2331 defensorem
1055 2290 1161 2331 mihi
1198 2291 1343 2345 paravi
1377 2305 1503 2345 quam
