1659 2552
196 82 283 123 454
697 78 1036 114 EPISTULARUM

198 177 295 231 erit,
332 179 499 218 tantum
532 190 584 216 ex
615 178 656 216 te
688 178 804 229 peto,
844 174 957 228 quod
995 173 1247 214 amicissime
1279 172 1446 227 scribis,
1484 175 1543 227 ut,

198 250 293 276 cum
334 239 408 277 tuo
451 234 627 287 iudicio⁷
672 233 786 287 quod
829 233 1139 287 amplissimum
1181 246 1269 273 esse
1310 231 1543 285 arbitraris,

198 294 305 335 mihi
335 294 549 347 tribueris,
581 293 615 333 si
649 293 702 347 id,
735 291 849 346 quod
874 292 1074 346 maluero,
1107 290 1318 344 acciderit,
1348 290 1542 346 gaudeas.

199 353 270 394 Sic
294 353 408 394 enim
438 352 586 393 fecisse.
617 354 659 392 10
692 353 733 391 et
765 351 942 391 sensisse
975 353 1015 391 et
1048 349 1263 404 scripsisse
1295 349 1429 403 video,
1462 363 1543 390 res-

199 426 280 466 que
312 412 403 466 ipsa
437 411 619 451 declarat
657 409 737 450 tibi
770 409 891 450 illum
922 409 1128 450 honorem
1159 410 1353 449 nostrum
1386 407 1543 462 suppli·
1580 419 1597 443 5

199 471 377 512 cationis
403 469 633 510 iucundum
659 469 799 522 fuisse,
832 468 946 522 quod
970 467 1192 508 scribendo
1219 466 1410 521 adfuisti3
1440 466 1544 507 haec

199 530 312 570 enim
344 531 513 570 senatus
535 527 737 569 consulta
768 541 853 568 non
886 527 1037 582 ignoro
1064 526 1116 567 ab
1144 525 1410 566 amicissimis
1442 525 1544 578 eius,

199 589 318 629 cuius
349 589 396 629 de
425 587 587 628 honore
620 586 778 642 agitur,
817 585 946 626 scribi
978 585 1122 626 solere.
1185 584 1299 640 Ego,
1331 586 1377 624 ut
1409 598 1544 638 spero,

198 650 240 688 te
281 661 412 701 prope
455 646 566 686 diem
606 645 781 699 videbo,
825 647 952 698 atque
990 644 1154 685 utinam
1195 658 1239 684 re
1279 658 1318 697 p.
1356 643 1543 696 meliore,

199 721 326 760 quam
358 706 506 746 timeo!
1567 713 1598 737 10

826 806 920 848 VII.

197 891 271 926 Sor.
307 892 348 925 in
381 891 512 926 castris
542 890 591 924 acl
623 888 789 934 Cybistra
825 888 1076 933 Cappadociae
1107 889 1202 923 inter
1232 887 1306 921 III
1326 887 1422 922 Non.
1450 887 1544 932 Sept.

588 953 619 983 et
646 948 713 982 XI
734 947 781 982 K.
813 948 886 982 Oet.
913 959 946 981 a.
975 949 1046 981 703
1075 949 1164 989 (51).

246 1032 292 1066 M.
322 1030 492 1065 CICERO
525 1029 718 1064 PROCOS.
747 1029 780 1064 S.
806 1029 848 1063 D.
877 1028 912 1063 C.
939 1027 1196 1062 MARCELLO
1224 1026 1318 1062 COS.
1346 1026 1497 1062 DESIG.

286 1115 474 1156 Maxima
499 1128 593 1154 sum
618 1113 781 1154 laetitia
807 1113 1008 1165 adfectus,
1041 1126 1135 1153 cum
1162 1111 1304 1152 audjvi
1330 1110 1545 1151 consulem
1566 1122 1597 1147 1⁵

198 1177 240 1214 te
279 1174 438 1214 factum
472 1187 577 1226 esse,
617 1186 796 1226 eumque
833 1171 1040 1212 honorem
1077 1170 1158 1211 tibi
1197 1170 1296 1210 deos
1328 1168 1545 1210 fortunare

198 1232 296 1273 volo
329 1235 455 1286 atque
488 1246 511 1271 a
542 1234 584 1272 te
615 1245 693 1285 pro
728 1233 802 1271 tua
832 1230 1104 1284 parentisque
1141 1229 1205 1269 tui
1239 1228 1446 1284 dignitate
1477 1227 1545 1268 ad-

198 1290 443 1332 ministrari.
504 1289 618 1331 Nam
644 1304 738 1330 cum
770 1292 811 1329 te
844 1303 1009 1342 semper
1040 1288 1178 1328 amavi
1210 1287 1421 1340 dilexique
1452 1289 1545 1327 tum

197 1350 283 1390 mei
323 1348 661 1390 amantissimum
703 1347 884 1403 cognovi
924 1347 968 1387 in
1007 1346 1122 1387 omni
1159 1345 1363 1386 varietate
1403 1359 1544 1385 rerum

198 1423 389 1448 mearum
426 1410 518 1447 tum
555 1406 689 1460 patris
726 1406 790 1446 tui
827 1405 1022 1459 pluribus
1059 1404 1276 1445 beneficiis
1307 1403 1373 1444 vel
1406 1403 1545 1444 defen-
1565 1418 1598 1439 :o

198 1481 269 1507 sus
307 1465 503 1507 tristibus
541 1464 806 1518 temporibus
837 1463 904 1504 vel
943 1466 1115 1504 ornatus
1154 1461 1347 1503 secundis
1379 1465 1421 1502 et
1452 1476 1545 1502 sum

198 1527 314 1566 totus
358 1526 497 1565 vester
540 1526 581 1563 et
625 1537 713 1563 esse
759 1522 911 1575 debeo,
962 1536 1056 1562 cum
1105 1521 1354 1575 praesertim
1397 1520 1546 1561 matris

199 1586 313 1637 tuae,
345 1582 619 1638 gravissimae
653 1584 778 1635 atque
811 1581 996 1634 optimae
1028 1580 1220 1634 feminae,
1251 1579 1415 1620 maiora
1446 1593 1546 1634 erga

199 1642 379 1682 salutem
424 1640 760 1696 dignitatemque
804 1654 941 1680 meam
986 1639 1145 1692 studia,
1191 1653 1317 1692 quam
1362 1640 1482 1678 erant
1523 1652 1545 1677 a

198 1701 375 1741 muliere
400 1699 664 1754 postulanda,
690 1698 989 1752 perspexerim.
1040 1696 1308 1751 Quapropter
1332 1710 1356 1736 a
1380 1699 1421 1737 te
1446 1697 1546 1750 peto
1566 1707 1599 1732 ‘25

198 1759 241 1799 in
285 1759 490 1799 maiorem
533 1757 728 1811 modum,
773 1759 819 1797 ut
860 1770 926 1797 me
968 1756 1186 1797 absentem
1228 1755 1380 1811 diligas
1420 1758 1546 1808 atque

198 1818 407 1859 defendas.

814 1918 929 1960 VIH.

474 2002 548 2037 Scr.
576 2002 691 2036 eodem
720 2002 794 2036 Ioco
820 2005 852 2035 et
878 2005 981 2044 temp.
1009 2010 1078 2044 quo
1102 2010 1154 2044 ep.
1189 1999 1274 2033 VII.

257 2085 304 2119 M.
333 2083 502 2119 CICERO
528 2082 720 2118 PROCOS.
749 2082 783 2116 S.
810 2082 852 2116 D.
881 2080 916 2116 C.
944 2079 1200 2115 MARCELLO
1229 2078 1488 2114 COLLEGAE.
1566 2093 1600 2118 30

286 2167 535 2209 Marcellum
573 2170 694 2207 tuum
733 2180 814 2207 cos.
847 2166 1008 2206 factum
1041 2167 1167 2219 teque
1201 2178 1247 2204 ea
1284 2162 1447 2203 laetitia
1480 2162 1548 2203 ad-

199 2226 355 2266 fectum
390 2240 495 2279 esse,
529 2240 655 2280 quam
687 2224 871 2265 maxime
905 2223 1078 2277 optasti,
1111 2220 1353 2263 mirandum
1386 2221 1429 2261 in
1461 2235 1548 2262 mo-

199 2284 298 2325 dum
339 2285 524 2340 gaudeo,
570 2284 694 2338 idque
733 2297 829 2324 cum
867 2282 1000 2336 ipsius
1039 2295 1181 2335 causa,
1225 2283 1316 2320 tum
1355 2279 1469 2333 quod
1505 2278 1578 2320 te'
