1659 2552
204 89 260 130 42
265 90 290 130 6
713 90 1052 124 EPISTULARUM

854 231 907 274 II.

331 313 405 348 Ser.
437 314 713 349 Thessalonicae
738 326 770 348 a.
798 314 832 348 cl.
858 314 929 348 III
953 313 1049 349 Non.
1079 313 1152 349 Oct.
1182 325 1214 349 a.
1243 316 1317 348 696
1344 315 1434 358 (58).

251 395 450 430 TULLIUS
478 395 511 430 S.
540 396 581 430 D.
609 394 886 429 TERENTIAE
915 395 1036 429 SUAE
1063 395 1124 429 ET
1150 395 1418 430 TULLIOLAE
1445 394 1506 429 ΕΤ

695 453 920 488 CICERONI
946 453 1056 488 SUIS.

293 536 395 579 Noli
432 540 583 592 putare
614 552 682 579 me
721 538 773 578 ad
811 552 1067 592 quemquam
1104 537 1320 594 longiores
1352 537 1554 592 epistulas
1591 550 1608 575 5

206 597 406 651 scribere,
448 597 530 637 nisi
571 597 605 637 si
644 597 739 651 quis
777 596 829 637 ad
865 611 933 638 me
970 597 1093 651 plura
1126 597 1312 652 scripsit,
1351 597 1417 638 cui
1448 599 1554 652 puto

206 656 380 696 rescribi
415 659 628 711 oportere,
660 670 737 697 nec
769 656 882 697 enim
913 655 1068 709 habeo,
1108 656 1211 710 quid
1243 655 1441 710 scribam,
1478 670 1556 697 nec

205 714 287 756 hoc
317 717 508 769 tempore
541 715 767 769 quicquam
801 714 1017 756 difficilius
1048 716 1178 769 facio3
1216 715 1268 755 ad
1302 718 1344 756 te
1378 729 1478 756 vero
1514 718 1556 756 et

207 773 259 814 ad
290 776 481 814 nostram
507 773 737 814 Tulliolam
767 788 854 815 non
881 788 988 828 queo
1022 774 1110 814 sine
1141 774 1338 828 plurimis
1369 773 1556 815 lacrimis

207 832 409 887 scribere3
449 847 525 874 vos
566 833 678 874 enim
716 832 839 874 video
881 847 969 874 esse
1011 833 1290 887 miserrimas,
1332 847 1435 887 quas
1475 847 1554 889 ego
1578 845 1609 869 ιο

207 891 473 932 beatissimas
514 906 679 946 semper
710 906 799 933 esse
831 892 966 947 volui,
1006 892 1133 946 idque
1173 894 1386 946 praestare
1428 891 1554 933 debui

208 953 261 1004 et,
293 950 375 991 nisi
407 953 494 991 tam
527 951 667 991 timidi
700 951 943 1005 fuissemus,
977 951 1294 1005 praestitissem.
1355 950 1555 992 Pisonem

207 1012 402 1050 nostrum
433 1009 588 1051 merito
621 1010 710 1051 eius
743 1025 837 1051 amo
869 1010 1112 1064 plurimum.
1175 1009 1305 1064 Eum,
1343 1012 1391 1051 ut
1421 1009 1556 1064 potui,

207 1083 283 1122 per
319 1068 485 1109 lit-teras
523 1068 770 1110 cohortatus
808 1083 901 1109 sum
938 1069 1182 1124 gratiasque
1214 1069 1300 1125 egi,
1338 1071 1385 1110 ut
1417 1068 1555 1110 debui.

207 1126 258 1168 In
289 1127 411 1168 novis
442 1130 493 1168 tr.
525 1128 580 1182 pl.
614 1128 817 1183 intellego
850 1142 968 1182 spem
999 1130 1041 1168 te
1072 1128 1238 1168 habere.
1299 1126 1351 1168 Id
1381 1127 1462 1169 erit
1487 1128 1556 1168 fir-
1576 1139 1609 1164 15

207 1201 343 1241 mum,
388 1186 422 1227 si
463 1186 641 1241 Pompei
681 1186 879 1227 voluntas
920 1187 1017 1242 erit3
1062 1186 1135 1227 sed
1176 1185 1374 1227 Crassum
1413 1189 1557 1227 tamen

207 1248 363 1286 metuo.
425 1244 464 1285 A
496 1248 538 1286 te
571 1245 742 1300 quidem
776 1246 918 1287 omnia
950 1245 1043 1287 fieri
1080 1245 1311 1286 fortissime
1343 1247 1386 1286 et
1417 1260 1557 1286 aman-

207 1304 371 1345 tissime
397 1305 520 1345 video
552 1319 629 1345 nec
659 1305 804 1359 miror,
837 1305 915 1345 sed,
940 1318 1106 1345 maereo
1139 1319 1281 1345 casum
1308 1304 1396 1344 eius
1427 1303 1556 1358 modi,

207 1366 255 1403 ut
280 1363 411 1403 tantis
436 1363 522 1403 tuis
547 1363 730 1404 miseriis
756 1377 873 1404 meae
898 1363 1092 1404 miseriae
1119 1363 1402 1403 subleventur.
1443 1361 1555 1403 Nam

207 1421 262 1462 ad
291 1436 359 1462 me
390 1421 434 1461 P.
468 1421 682 1475 Valerius,
719 1421 848 1462 homo
882 1422 1115 1475 officiosus,
1148 1422 1333 1475 scripsit,
1366 1421 1410 1462 id
1441 1421 1555 1475 quod
1575 1434 1609 1459 20

208 1494 287 1535 ego
319 1480 506 1520 maximo
534 1495 629 1521 cum
659 1480 763 1521 fletu
795 1480 892 1535 legi,
925 1495 1050 1534 quem
1077 1480 1129 1520 acl
1153 1480 1326 1521 modum
1353 1495 1377 1520 a
1399 1479 1555 1521 Vestae

207 1539 261 1579 ad
303 1539 493 1579 tabulam
534 1538 750 1579 Valeriam
795 1539 920 1579 ducta
963 1553 1083 1580 esses.
1157 1538 1289 1593 Hem,
1333 1553 1426 1579 mea
1469 1539 1556 1594 lux,

207 1612 350 1638 meum
384 1597 656 1652 desiderium,
694 1597 804 1638 unde
838 1612 982 1638 omnes
1015 1612 1138 1663 opem
1169 1573 1312 1652 petere
1345 1573 1556 1639 solebantl

207 1658 249 1697 te
281 1670 410 1710 nunc,
442 1671 535 1697 mea
567 1656 776 1711 Terentia,
809 1657 869 1697 310
900 1657 1060 1711 vexari,
1104 1657 1163 1697 sic
1195 1657 1329 1698 iacere
1362 1657 1404 1697 in
1436 1656 1558 1698 lacri-

207 1715 288 1755 mis
327 1718 368 1755 et
406 1715 620 1769 sordibus,
662 1716 788 1770 idque.
828 1716 921 1757 fieri
961 1730 1055 1757 mea
1096 1715 1239 1770 culpa,
1284 1715 1356 1770 qui
1395 1718 1556 1757 ceteros
1577 1728 1610 1753 25

208 1774 384 1828 servavi,
416 1777 464 1814 ut
489 1789 566 1815 nos
598 1774 849 1828 periremus!

297 1832 419 1882 Quod
453 1833 502 1874 de
535 1834 661 1874 domo
694 1833 862 1887 scribis,
901 1833 983 1874 hoc
1016 1836 1078 1874 est
1111 1833 1160 1874 de
1193 1847 1306 1887 area,
1345 1846 1423 1888 ego
1454 1846 1555 1873 vero

207 1894 299 1932 tum
333 1892 513 1946 denique
545 1892 651 1932 mihi
678 1892 856 1933 videbor
887 1892 1121 1946 restitutus,
1153 1892 1189 1932 si
1221 1892 1294 1932 illa
1324 1890 1448 1932 nobis
1475 1891 1557 1931 erit

206 1951 415 1992 restituta.
478 1950 638 1991 Verum
670 1950 773 1992 haec
798 1965 884 1992 non
909 1953 1008 1991 sunt
1034 1951 1077 1991 in
1103 1953 1249 1991 nostra
1273 1964 1418 2004 manu3
1449 1949 1557 1990 illud
1650 2004 1651 2007 Ἴ

208 2009 350 2063 doleo,
402 2023 507 2064 quae
552 2010 728 2063 inpensa
776 2010 1028 2064 faciendast,
1081 2010 1139 2050 in·
1175 2010 1264 2050 eius
1306 2011 1469 2062 partem
1513 2010 1555 2049 te
1575 2021 1609 2046 30
1649 2009 1659 2060 3}

205 2069 405 2109 miseram
438 2071 479 2108 et
513 2068 790 2123 despoliatam
823 2068 976 2109 venire.
1041 2067 1201 2117 Quodsi
1234 2067 1456 2109 conficitur
1486 2081 1556 2107 ne-

205 2127 393 2182 gotium,
436 2127 578 2168 omnia
617 2141 940 2182 consequemur,
982 2127 1046 2167 sin
1088 2127 1232 2168 eadem
1269 2139 1346 2166 nos
1384 2125 1557 2166 fortuna

206 2188 389 2239 premet,
431 2186 614 2226 etiamne
652 2186 853 2240 reliquias
891 2188 985 2226 tuas
1023 2186 1177 2226 misera
1206 2184 1416 2239 proicies?
1473 2183 1555 2225 Ob-

207 2258 323 2284 secro
365 2247 423 2298 te,
465 2258 557 2284 mea
596 2244 699 2297 vita,
743 2244 857 2299 quod
899 2244 950 2285 ad
991 2247 1207 2298 sumptum
1248 2243 1421 2297 attinet,
1466 2242 1563 2292 sine,

207 2302 329 2356 alios,
369 2303 441 2357 qui
474 2306 669 2358 possunt,
702 2303 737 2343 si
770 2303 897 2344 modo
930 2303 1096 2358 volunt,
1135 2301 1340 2343 sustinere
1374 2304 1415 2342 et
1446 2301 1555 2342 vale·
1574 2312 1609 2339 35
1647 2317 1651 2334 1
