1659 2552
569 86 710 121 LIBER
735 87 804 122 XII
831 91 980 123 28—30.
1373 91 1458 132 363

120 182 194 234 est,
226 180 309 234 sed,
342 180 454 235 quod
487 184 575 222 erat
606 185 726 223 vetus
753 185 794 223 et
818 197 1009 238 magnus,
1040 186 1264 238 propterea
1295 186 1458 227 nullum

119 239 353 293 periculum
384 254 461 293 pro
488 254 553 280 me
580 240 694 281 adire
721 241 942 282 dubitavit.
1004 240 1072 282 Ad
1100 242 1203 283 haec
1229 244 1367 284 officia
1393 244 1459 285 vel

119 298 269 338 merita
294 298 437 352 potius
463 298 764 340 iucundissima
783 300 1041 341 consuetudo
1067 301 1237 355 accedit,
1269 305 1315 342 ut
1340 303 1457 343 nullo

119 371 292 410 prorsus
328 357 423 411 plus
460 356 631 398 homine
670 358 860 399 delecter.
920 358 1020 400 Non
1060 362 1164 412 puto
1203 362 1244 399 te
1276 360 1359 400 iam
1392 375 1459 401 ex-

84 418 324 469 5spectare,
367 415 520 469 quibus
558 430 654 456 eum
690 416 771 457 tibi
809 416 948 458 verbis
986 418 1293 473 commendem,
1337 432 1460 459 causa

120 474 233 514 enim
264 474 373 514 tanti
405 474 560 514 amoris
592 474 805 530 intellegis
837 490 942 528 quae
973 475 1103 516 verba
1135 476 1351 517 desideret.
1402 475 1460 517 Iis

118 547 186 573 me
225 532 422 572 omnibus
463 547 585 573 usum
626 535 786 587 putato.
848 533 1030 574 Tantum
1068 534 1195 575 velim
1233 535 1459 589 existimes,

120 591 155 631 si
195 591 368 646 negotia
411 590 600 644 Lamiae,
645 594 959 646 procuratores,
1002 592 1199 647 libertos,
1243 593 1459 647 familiam,

119 649 455 703 quibuscumque
482 649 607 690 rebus
633 664 738 704 opus
764 650 856 704 erit,
888 650 1134 705 defenderis,
1165 652 1328 706 gratius
1354 652 1459 692 mihi

66 722 100 745 10
119 708 322 761 futurum,
355 722 481 761 quam
507 708 542 748 si
569 722 615 748 ea
640 711 714 749 tua
737 708 970 749 liberalitas
994 709 1268 763 pertinuisset
1293 710 1345 750 ad
1371 724 1460 750 rem

119 766 372 807 familiarem
404 780 558 819 meam3
590 781 667 807 nec
692 766 852 821 dubito,
885 767 987 821 quin
1013 768 1102 808 sine
1127 782 1221 808 mea
1252 782 1460 809 commen-

119 824 309 878 datione,
353 824 467 878 quod
503 827 624 865 tuum
656 828 719 865 est
750 825 952 866 iudiciiim
985 826 1034 866 de
1066 826 1330 880 hominibus,
1362 827 1459 880 ipsi-

118 897 167 924 us
198 883 369 923 Lamiae
405 897 527 923 causa
559 883 745 924 studiose
781 884 922 924 omnia
955 884 1142 925 facturus
1178 885 1244 925 sis.
1307 884 1460 934 Quam-

119 956 246 996 quam
278 944 368 982 erat
398 941 522 981 nobis
549 941 708 982 dictum
733 944 774 982 te
801 942 1041 983 existimare
1068 943 1193 984 alicui
1219 957 1248 983 s.
1270 956 1314 997 c.,
1346 943 1461 997 quod

66 1013 100 1038 15
120 1003 266 1041 contra
304 1000 555 1055 dignitatem
592 1003 709 1041 tuam
740 1000 876 1054 fieret,
917 1001 1138 1042 scribendo
1169 1000 1359 1042 Lamiam
1391 1001 1460 1042 ad-

118 1059 265 1113 fuisse3
304 1059 377 1112 qui
416 1058 587 1099 omnino
626 1059 868 1099 consulibus
906 1059 990 1100 illis
1026 1074 1257 1113 numquam
1294 1060 1376 1100 fuit
1407 1059 1460 1100 ad

119 1117 406 1171 scribendum3
445 1117 592 1157 deinde
631 1117 772 1157 omnia
808 1120 900 1157 tum
931 1118 1037 1158 falsa
1068 1121 1236 1158 senatus
1268 1118 1460 1158 consulta

120 1175 427 1217 deferebantur.
488 1174 584 1216 Nisi
622 1175 732 1216 forte
765 1176 891 1216 etiam
929 1176 993 1216 ilh‘
1025 1174 1330 1230 Semproniano
1363 1190 1392 1216 s.
1426 1190 1457 1216 c.

118 1249 186 1275 me
212 1248 354 1275 censes
386 1234 580 1287 adfuisse,
612 1234 685 1287 qui
716 1248 767 1274 ne
796 1233 957 1275 Romae
983 1234 1153 1288 quidem
1184 1234 1257 1288 fui,
1288 1238 1336 1275 ut
1366 1237 1458 1275 tum

65 1306 99 1331 20
121 1293 170 1334 de
202 1307 252 1334 eo
283 1293 336 1333 ad
366 1295 407 1332 te
440 1292 589 1346 scripsi
614 1306 659 1332 re
684 1292 852 1333 recenti.
899 1290 981 1333 Sed
1005 1293 1108 1333 haec
1132 1293 1344 1333 hactenus.
1388 1292 1458 1346 Te,

118 1352 178 1392 mi
206 1351 418 1405 Cornifici,
444 1351 572 1391 etiam
597 1352 723 1404 atque
749 1350 876 1391 etiam
902 1365 1020 1406 rogo,
1051 1354 1098 1391 ut
1124 1351 1265 1391 omnia
1290 1350 1458 1391 Lamiae

119 1410 292 1466 negotia
330 1423 424 1450 mea
463 1411 586 1463 putes
626 1423 714 1449 esse
753 1423 972 1463 curesque,
1013 1412 1061 1449 ut
1098 1409 1316 1464 intellegat
1352 1409 1460 1450 hanc

120 1468 529 1509 commendationem
566 1468 752 1508 maximo
785 1467 867 1508 sibi
901 1468 997 1508 usui
1027 1467 1167 1508 fuisse.
1229 1467 1323 1508 Hoc
1353 1467 1459 1508 mihi

119 1527 283 1582 gratius
313 1527 449 1566 facere
480 1526 591 1566 nihil
619 1528 751 1579 potes.
815 1525 936 1581 Cura,
968 1528 1016 1566 ut
1046 1526 1194 1568 valeas.

66 1644 100 1669 25
724 1629 855 1671 XXX.

285 1709 359 1745 Ser.
386 1710 523 1744 Romae
543 1710 658 1753 paulo
677 1713 760 1754 post
791 1709 825 1744 V
846 1709 904 1743 Id.
929 1709 1014 1744 Iun.
1047 1721 1081 1744 a.
1115 1713 1183 1744 711
1211 1711 1300 1754 (43).

498 1790 689 1825 CICERO
715 1790 1024 1825 CORNIFICIO
1049 1790 1084 1825 S.

208 1873 356 1915 Itane?
398 1876 565 1928 praeter
600 1874 838 1929 litigatores
875 1888 998 1914 nemo
1037 1873 1089 1913 ad
1125 1875 1166 1913 te
1203 1887 1316 1913 meas
1347 1872 1458 1913 litte-

120 1934 217 1974 ras?
248 1932 408 1973 Multae
440 1932 544 1972 istae
571 1932 758 1987 quidem3
789 1934 837 1972 tu
863 1932 974 1972 enim
1005 1931 1230 1985 perfecisti,
1262 1933 1309 1971 ut
1322 1945 1457 1972 nemo

68 1992 211 2033 sosine
248 1991 403 2032 litteris
439 1991 544 2031 meis
580 1990 661 2030 tibi
700 2004 742 2030 se
783 1989 1121 2031 commendatum
1161 1991 1346 2044 putaret3
1387 1989 1460 2030 sed

122 2051 217 2105 quis
247 2064 449 2103 umquam
479 2052 651 2089 tuorum
675 2048 781 2089 mihi
809 2048 915 2088 dixit
947 2062 1047 2101 esse,
1079 2047 1144 2088 cui
1172 2047 1324 2101 darem,
1356 2047 1459 2100 quin

122 2108 337 2150 dederim?
380 2110 453 2148 aut
493 2107 595 2161 quid
634 2107 694 2147 mi
733 2106 955 2147 iucundius
996 2120 1141 2160 quam,
1183 2120 1278 2146 cum
1319 2119 1460 2146 coram

121 2169 261 2208 tecum
291 2166 410 2220 loqui
447 2180 533 2206 non
569 2165 745 2220 possim,
783 2168 855 2205 aut
892 2164 1074 2205 scribere
1106 2164 1159 2204 ad
1188 2166 1230 2204 te
1263 2166 1334 2204 aut
1366 2166 1460 2204 tuas

120 2225 261 2281 legere
291 2225 487 2266 litteras?
517 2222 630 2264 Illud
660 2223 796 2278 magis
826 2223 933 2263 mihi
964 2223 1071 2263 solet
1102 2236 1190 2263 esse
1221 2222 1458 2275 molestum,

69 2295 103 2320 35
123 2284 253 2324 tantis
283 2298 351 2325 me
383 2282 578 2337 impediri
612 2281 976 2335 occupationibus,
1014 2283 1060 2321 ut
1092 2280 1144 2320 ad
1174 2283 1216 2321 te
1248 2280 1459 2321 scribendi
