<?xml version="1.0" encoding="UTF-8"?>
<!DOCTYPE html PUBLIC "-//W3C//DTD XHTML 1.0 Transitional//EN"
    "http://www.w3.org/TR/xhtml1/DTD/xhtml1-transitional.dtd">
<html xmlns="http://www.w3.org/1999/xhtml" xml:lang="en" lang="en">
 <head>
  <title>
</title>
<meta http-equiv="Content-Type" content="text/html;charset=utf-8" />
  <meta name='ocr-system' content='tesseract 3.04.00' />
  <meta name='ocr-capabilities' content='ocr_page ocr_carea ocr_par ocr_line ocrx_word'/>
</head>
<body>
  <div class='ocr_page' id='page_1' title='image "./p1scriptaquaemanse03ciceuoft_0112.png"; bbox 0 0 1659 2552; ppageno 0'>
   <div class='ocr_carea' id='block_1_1' title="bbox 117 933 158 964">
    <p class='ocr_par' dir='ltr' id='par_1_1' title="bbox 117 933 158 964">
     <span class='ocr_line' id='line_1_1' title="bbox 117 933 158 964; baseline 0 0"><span class='ocrx_word' id='word_1_1' title='bbox 117 933 158 964; x_wconf 88' lang='lat'>13</span> 
     </span>
    </p>
   </div>
   <div class='ocr_carea' id='block_1_2' title="bbox 118 2220 160 2250">
    <p class='ocr_par' dir='ltr' id='par_1_2' title="bbox 118 2220 160 2250">
     <span class='ocr_line' id='line_1_2' title="bbox 118 2220 160 2250; baseline 0 0"><span class='ocrx_word' id='word_1_2' title='bbox 118 2220 160 2250; x_wconf 77' lang='lat'>14</span> 
     </span>
    </p>
   </div>
   <div class='ocr_carea' id='block_1_3' title="bbox 187 120 1018 163">
    <p class='ocr_par' dir='ltr' id='par_1_3' title="bbox 187 120 1018 163">
     <span class='ocr_line' id='line_1_3' title="bbox 187 120 1018 163; baseline -0.012 0"><span class='ocrx_word' id='word_1_3' title='bbox 187 121 244 163; x_wconf 73' lang='lat'>20</span> <span class='ocrx_word' id='word_1_4' title='bbox 683 120 1018 155; x_wconf 80' lang='lat' dir='ltr'><strong>EPISTULARUM</strong></span> 
     </span>
    </p>
   </div>
   <div class='ocr_carea' id='block_1_4' title="bbox 183 214 1575 2379">
    <p class='ocr_par' dir='ltr' id='par_1_4' title="bbox 183 214 1575 2379">
     <span class='ocr_line' id='line_1_4' title="bbox 183 214 1523 272; baseline 0 -15"><span class='ocrx_word' id='word_1_5' title='bbox 183 216 361 272; x_wconf 81' lang='lat' dir='ltr'>Pompei</span> <span class='ocrx_word' id='word_1_6' title='bbox 400 217 520 272; x_wconf 92' lang='lat' dir='ltr'>fides,</span> <span class='ocrx_word' id='word_1_7' title='bbox 561 232 685 271; x_wconf 78' lang='lat' dir='ltr'>quam</span> <span class='ocrx_word' id='word_1_8' title='bbox 725 217 774 257; x_wconf 89' lang='lat' dir='ltr'>de</span> <span class='ocrx_word' id='word_1_9' title='bbox 814 230 880 257; x_wconf 88' lang='lat' dir='ltr'>me</span> <span class='ocrx_word' id='word_1_10' title='bbox 924 214 1091 256; x_wconf 82' lang='lat' dir='ltr'>Caesari</span> <span class='ocrx_word' id='word_1_11' title='bbox 1133 215 1319 270; x_wconf 89' lang='lat' dir='ltr'>dederat,</span> <span class='ocrx_word' id='word_1_12' title='bbox 1361 217 1402 257; x_wconf 90' lang='lat' dir='ltr'>et</span> <span class='ocrx_word' id='word_1_13' title='bbox 1442 216 1523 257; x_wconf 88' lang='lat' dir='ltr'>fra-</span> 
     </span>
     <span class='ocr_line' id='line_1_5' title="bbox 184 274 1522 330; baseline -0.001 -14"><span class='ocrx_word' id='word_1_14' title='bbox 184 275 263 317; x_wconf 92' lang='lat' dir='ltr'>tris</span> <span class='ocrx_word' id='word_1_15' title='bbox 299 275 399 330; x_wconf 86' lang='lat' dir='ltr'>mei,</span> <span class='ocrx_word' id='word_1_16' title='bbox 439 290 565 329; x_wconf 89' lang='lat' dir='ltr'>quam</span> <span class='ocrx_word' id='word_1_17' title='bbox 601 275 815 329; x_wconf 83' lang='lat' dir='ltr'>Pompeio.</span> <span class='ocrx_word' id='word_1_18' title='bbox 878 274 1013 315; x_wconf 86' lang='lat' dir='ltr'>Erant</span> <span class='ocrx_word' id='word_1_19' title='bbox 1050 276 1266 328; x_wconf 87' lang='lat' dir='ltr'>praeterea</span> <span class='ocrx_word' id='word_1_20' title='bbox 1302 274 1406 315; x_wconf 88' lang='lat' dir='ltr'>haec</span> <span class='ocrx_word' id='word_1_21' title='bbox 1437 275 1522 315; x_wconf 85' lang='lat' dir='ltr'>ani-</span> 
     </span>
     <span class='ocr_line' id='line_1_6' title="bbox 184 331 1522 388; baseline -0.001 -13"><span class='ocrx_word' id='word_1_22' title='bbox 184 334 484 375; x_wconf 85' lang='lat' dir='ltr'>madvertenda</span> <span class='ocrx_word' id='word_1_23' title='bbox 527 335 570 375; x_wconf 93' lang='lat' dir='ltr'>in</span> <span class='ocrx_word' id='word_1_24' title='bbox 614 334 805 388; x_wconf 84' lang='lat' dir='ltr'>civitate,</span> <span class='ocrx_word' id='word_1_25' title='bbox 856 347 961 387; x_wconf 87' lang='lat' dir='ltr'>quae</span> <span class='ocrx_word' id='word_1_26' title='bbox 1005 335 1103 373; x_wconf 92' lang='lat' dir='ltr'>sunt</span> <span class='ocrx_word' id='word_1_27' title='bbox 1147 333 1259 387; x_wconf 87' lang='lat' dir='ltr'>apud</span> <span class='ocrx_word' id='word_1_28' title='bbox 1300 331 1522 374; x_wconf 74' lang='lat' dir='ltr'>Platonem</span> 
     </span>
     <span class='ocr_line' id='line_1_7' title="bbox 184 390 1522 447; baseline -0.001 -13"><span class='ocrx_word' id='word_1_29' title='bbox 184 395 377 434; x_wconf 90' lang='lat' dir='ltr'>nostrum</span> <span class='ocrx_word' id='word_1_30' title='bbox 421 393 576 447; x_wconf 86' lang='lat' dir='ltr'>scripta</span> <span class='ocrx_word' id='word_1_31' title='bbox 627 392 847 446; x_wconf 84' lang='lat' dir='ltr'>divinitus,</span> <span class='ocrx_word' id='word_1_32' title='bbox 899 391 1071 445; x_wconf 88' lang='lat' dir='ltr'>quales</span> <span class='ocrx_word' id='word_1_33' title='bbox 1121 390 1171 431; x_wconf 89' lang='lat' dir='ltr'>in</span> <span class='ocrx_word' id='word_1_34' title='bbox 1219 405 1269 432; x_wconf 91' lang='lat' dir='ltr'>re</span> <span class='ocrx_word' id='word_1_35' title='bbox 1317 391 1522 446; x_wconf 88' lang='lat' dir='ltr'>publica</span> 
     </span>
     <span class='ocr_line' id='line_1_8' title="bbox 184 449 1575 506; baseline -0.001 -14"><span class='ocrx_word' id='word_1_36' title='bbox 184 452 443 506; x_wconf 80' lang='lat' dir='ltr'>principes</span> <span class='ocrx_word' id='word_1_37' title='bbox 481 454 664 505; x_wconf 91' lang='lat' dir='ltr'>essent,</span> <span class='ocrx_word' id='word_1_38' title='bbox 706 451 826 491; x_wconf 81' lang='lat' dir='ltr'>talis</span> <span class='ocrx_word' id='word_1_39' title='bbox 865 450 1090 504; x_wconf 89' lang='lat' dir='ltr'>reliquos</span> <span class='ocrx_word' id='word_1_40' title='bbox 1123 449 1285 491; x_wconf 91' lang='lat' dir='ltr'>solere</span> <span class='ocrx_word' id='word_1_41' title='bbox 1318 464 1423 491; x_wconf 91' lang='lat' dir='ltr'>esse</span> <span class='ocrx_word' id='word_1_42' title='bbox 1456 451 1521 491; x_wconf 91' lang='lat' dir='ltr'>ci-</span> <span class='ocrx_word' id='word_1_43' title='bbox 1559 461 1575 490; x_wconf 73' lang='lat'><strong>5</strong></span> 
     </span>
     <span class='ocr_line' id='line_1_9' title="bbox 184 508 1523 552; baseline -0.001 -1"><span class='ocrx_word' id='word_1_44' title='bbox 184 525 278 552; x_wconf 86' lang='lat' dir='ltr'>ves.</span> <span class='ocrx_word' id='word_1_45' title='bbox 340 510 553 551; x_wconf 84' lang='lat' dir='ltr'>Tenebam</span> <span class='ocrx_word' id='word_1_46' title='bbox 592 509 796 550; x_wconf 83' lang='lat' dir='ltr'>memoria</span> <span class='ocrx_word' id='word_1_47' title='bbox 835 508 959 549; x_wconf 88' lang='lat' dir='ltr'>nobis</span> <span class='ocrx_word' id='word_1_48' title='bbox 1003 508 1246 549; x_wconf 85' lang='lat' dir='ltr'>consulibus</span> <span class='ocrx_word' id='word_1_49' title='bbox 1290 523 1337 549; x_wconf 89' lang='lat' dir='ltr'>ea</span> <span class='ocrx_word' id='word_1_50' title='bbox 1377 508 1523 550; x_wconf 87' lang='lat' dir='ltr'>funda-</span> 
     </span>
     <span class='ocr_line' id='line_1_10' title="bbox 184 566 1522 622; baseline -0.001 -12"><span class='ocrx_word' id='word_1_51' title='bbox 184 571 327 610; x_wconf 87' lang='lat' dir='ltr'>menta</span> <span class='ocrx_word' id='word_1_52' title='bbox 365 569 473 610; x_wconf 86' lang='lat' dir='ltr'>iacta</span> <span class='ocrx_word' id='word_1_53' title='bbox 509 569 593 609; x_wconf 83' lang='lat' dir='ltr'>iam</span> <span class='ocrx_word' id='word_1_54' title='bbox 632 583 682 609; x_wconf 79' lang='lat' dir='ltr'>ex</span> <span class='ocrx_word' id='word_1_55' title='bbox 715 568 764 608; x_wconf 80' lang='lat' dir='ltr'>K.</span> <span class='ocrx_word' id='word_1_56' title='bbox 795 566 1002 608; x_wconf 81' lang='lat' dir='ltr'>Ianuariis</span> <span class='ocrx_word' id='word_1_57' title='bbox 1034 567 1311 608; x_wconf 87' lang='lat' dir='ltr'>confirmandi</span> <span class='ocrx_word' id='word_1_58' title='bbox 1342 570 1522 622; x_wconf 88' lang='lat' dir='ltr'>senatus,</span> 
     </span>
     <span class='ocr_line' id='line_1_11' title="bbox 185 625 1523 680; baseline 0 -12"><span class='ocrx_word' id='word_1_59' title='bbox 185 630 233 668; x_wconf 93' lang='lat' dir='ltr'>ut</span> <span class='ocrx_word' id='word_1_60' title='bbox 263 628 475 668; x_wconf 86' lang='lat' dir='ltr'>neminem</span> <span class='ocrx_word' id='word_1_61' title='bbox 515 627 661 668; x_wconf 84' lang='lat' dir='ltr'>mirari</span> <span class='ocrx_word' id='word_1_62' title='bbox 694 628 907 680; x_wconf 70' lang='lat' dir='ltr'>oporteret</span> <span class='ocrx_word' id='word_1_63' title='bbox 937 625 1074 667; x_wconf 86' lang='lat' dir='ltr'>Nonis</span> <span class='ocrx_word' id='word_1_64' title='bbox 1105 625 1324 667; x_wconf 89' lang='lat' dir='ltr'>Decembr.</span> <span class='ocrx_word' id='word_1_65' title='bbox 1355 628 1523 668; x_wconf 87' lang='lat' dir='ltr'>tantum</span> 
     </span>
     <span class='ocr_line' id='line_1_12' title="bbox 185 684 1522 739; baseline -0.001 -12"><span class='ocrx_word' id='word_1_66' title='bbox 185 686 253 727; x_wconf 86' lang='lat' dir='ltr'>vel</span> <span class='ocrx_word' id='word_1_67' title='bbox 284 686 413 727; x_wconf 85' lang='lat' dir='ltr'>animi</span> <span class='ocrx_word' id='word_1_68' title='bbox 446 686 573 726; x_wconf 80' lang='lat' dir='ltr'>fuisse</span> <span class='ocrx_word' id='word_1_69' title='bbox 605 686 649 725; x_wconf 88' lang='lat' dir='ltr'>in</span> <span class='ocrx_word' id='word_1_70' title='bbox 681 685 754 725; x_wconf 90' lang='lat' dir='ltr'>illo</span> <span class='ocrx_word' id='word_1_71' title='bbox 793 685 939 726; x_wconf 88' lang='lat' dir='ltr'>ordine</span> <span class='ocrx_word' id='word_1_72' title='bbox 970 684 1038 726; x_wconf 79' lang='lat' dir='ltr'>vel</span> <span class='ocrx_word' id='word_1_73' title='bbox 1075 684 1356 739; x_wconf 83' lang='lat' dir='ltr'>auctoritatis,</span> <span class='ocrx_word' id='word_1_74' title='bbox 1394 685 1522 726; x_wconf 91' lang='lat' dir='ltr'>idem-</span> 
     </span>
     <span class='ocr_line' id='line_1_13' title="bbox 186 742 1575 799; baseline 0 -14"><span class='ocrx_word' id='word_1_75' title='bbox 186 759 266 799; x_wconf 92' lang='lat' dir='ltr'>que</span> <span class='ocrx_word' id='word_1_76' title='bbox 297 745 570 785; x_wconf 81' lang='lat' dir='ltr'>memineram</span> <span class='ocrx_word' id='word_1_77' title='bbox 607 744 731 784; x_wconf 86' lang='lat' dir='ltr'>nobis</span> <span class='ocrx_word' id='word_1_78' title='bbox 767 743 945 798; x_wconf 86' lang='lat' dir='ltr'>privatis</span> <span class='ocrx_word' id='word_1_79' title='bbox 982 757 1114 798; x_wconf 90' lang='lat' dir='ltr'>usque</span> <span class='ocrx_word' id='word_1_80' title='bbox 1146 743 1199 784; x_wconf 82' lang='lat' dir='ltr'>ad</span> <span class='ocrx_word' id='word_1_81' title='bbox 1231 742 1450 785; x_wconf 87' lang='lat' dir='ltr'>Caesarem</span> <span class='ocrx_word' id='word_1_82' title='bbox 1481 745 1522 785; x_wconf 86' lang='lat' dir='ltr'>et</span> <span class='ocrx_word' id='word_1_83' title='bbox 1542 755 1575 780; x_wconf 91' lang='lat'>1⁰</span> 
     </span>
     <span class='ocr_line' id='line_1_14' title="bbox 185 802 1522 857; baseline -0.001 -13"><span class='ocrx_word' id='word_1_84' title='bbox 185 803 388 844; x_wconf 87' lang='lat' dir='ltr'>Bibulum</span> <span class='ocrx_word' id='word_1_85' title='bbox 421 803 623 857; x_wconf 87' lang='lat' dir='ltr'>consules,</span> <span class='ocrx_word' id='word_1_86' title='bbox 655 816 750 843; x_wconf 86' lang='lat' dir='ltr'>cum</span> <span class='ocrx_word' id='word_1_87' title='bbox 782 802 1013 843; x_wconf 86' lang='lat' dir='ltr'>sententiae</span> <span class='ocrx_word' id='word_1_88' title='bbox 1044 804 1213 843; x_wconf 89' lang='lat' dir='ltr'>nostrae</span> <span class='ocrx_word' id='word_1_89' title='bbox 1243 817 1446 857; x_wconf 86' lang='lat' dir='ltr'>magnum</span> <span class='ocrx_word' id='word_1_90' title='bbox 1477 802 1522 843; x_wconf 91' lang='lat' dir='ltr'>in</span> 
     </span>
     <span class='ocr_line' id='line_1_15' title="bbox 185 860 1522 916; baseline -0.001 -14"><span class='ocrx_word' id='word_1_91' title='bbox 185 866 332 903; x_wconf 85' lang='lat' dir='ltr'>senatu</span> <span class='ocrx_word' id='word_1_92' title='bbox 363 862 527 916; x_wconf 86' lang='lat' dir='ltr'>pondus</span> <span class='ocrx_word' id='word_1_93' title='bbox 558 861 779 916; x_wconf 81' lang='lat' dir='ltr'>haberent,</span> <span class='ocrx_word' id='word_1_94' title='bbox 811 875 942 902; x_wconf 92' lang='lat' dir='ltr'>unum</span> <span class='ocrx_word' id='word_1_95' title='bbox 973 861 1060 902; x_wconf 85' lang='lat' dir='ltr'>fere</span> <span class='ocrx_word' id='word_1_96' title='bbox 1091 874 1259 901; x_wconf 91' lang='lat' dir='ltr'>sensum</span> <span class='ocrx_word' id='word_1_97' title='bbox 1290 861 1418 902; x_wconf 87' lang='lat' dir='ltr'>fuisse</span> <span class='ocrx_word' id='word_1_98' title='bbox 1449 860 1522 902; x_wconf 92' lang='lat' dir='ltr'>bo-</span> 
     </span>
     <span class='ocr_line' id='line_1_16' title="bbox 185 918 1522 975; baseline -0.001 -14"><span class='ocrx_word' id='word_1_99' title='bbox 185 935 336 961; x_wconf 89' lang='lat' dir='ltr'>norum</span> <span class='ocrx_word' id='word_1_100' title='bbox 364 921 563 961; x_wconf 89' lang='lat' dir='ltr'>omnium.</span> <span class='ocrx_word' id='word_1_101' title='bbox 624 919 788 975; x_wconf 89' lang='lat' dir='ltr'>Postea,</span> <span class='ocrx_word' id='word_1_102' title='bbox 814 934 909 960; x_wconf 91' lang='lat' dir='ltr'>cum</span> <span class='ocrx_word' id='word_1_103' title='bbox 934 921 982 960; x_wconf 92' lang='lat' dir='ltr'>tu</span> <span class='ocrx_word' id='word_1_104' title='bbox 1006 918 1257 974; x_wconf 87' lang='lat' dir='ltr'>Hispaniam</span> <span class='ocrx_word' id='word_1_105' title='bbox 1283 919 1522 961; x_wconf 81' lang='lat' dir='ltr'>citeriorem</span> 
     </span>
     <span class='ocr_line' id='line_1_17' title="bbox 186 978 1522 1034; baseline -0.001 -14"><span class='ocrx_word' id='word_1_106' title='bbox 186 994 280 1020; x_wconf 87' lang='lat' dir='ltr'>cum</span> <span class='ocrx_word' id='word_1_107' title='bbox 312 979 490 1033; x_wconf 90' lang='lat' dir='ltr'>imperio</span> <span class='ocrx_word' id='word_1_108' title='bbox 523 978 746 1034; x_wconf 87' lang='lat' dir='ltr'>optineres,</span> <span class='ocrx_word' id='word_1_109' title='bbox 777 993 912 1032; x_wconf 88' lang='lat' dir='ltr'>neque</span> <span class='ocrx_word' id='word_1_110' title='bbox 944 993 1010 1019; x_wconf 89' lang='lat' dir='ltr'>res</span> <span class='ocrx_word' id='word_1_111' title='bbox 1040 978 1211 1033; x_wconf 88' lang='lat' dir='ltr'>publica</span> <span class='ocrx_word' id='word_1_112' title='bbox 1235 978 1426 1019; x_wconf 90' lang='lat' dir='ltr'>consules</span> <span class='ocrx_word' id='word_1_113' title='bbox 1451 978 1522 1019; x_wconf 88' lang='lat' dir='ltr'>ha-</span> 
     </span>
     <span class='ocr_line' id='line_1_18' title="bbox 184 1037 1574 1093; baseline -0.001 -14"><span class='ocrx_word' id='word_1_114' title='bbox 184 1038 313 1093; x_wconf 85' lang='lat' dir='ltr'>beret,</span> <span class='ocrx_word' id='word_1_115' title='bbox 346 1038 418 1079; x_wconf 85' lang='lat' dir='ltr'>sed</span> <span class='ocrx_word' id='word_1_116' title='bbox 448 1040 702 1079; x_wconf 79' lang='lat' dir='ltr'>mercatores</span> <span class='ocrx_word' id='word_1_117' title='bbox 731 1037 1046 1091; x_wconf 83' lang='lat' dir='ltr'>provinciarum</span> <span class='ocrx_word' id='word_1_118' title='bbox 1077 1039 1119 1078; x_wconf 90' lang='lat' dir='ltr'>et</span> <span class='ocrx_word' id='word_1_119' title='bbox 1153 1037 1408 1078; x_wconf 86' lang='lat' dir='ltr'>seditionum</span> <span class='ocrx_word' id='word_1_120' title='bbox 1439 1051 1522 1078; x_wconf 86' lang='lat' dir='ltr'>ser·</span> <span class='ocrx_word' id='word_1_121' title='bbox 1541 1047 1574 1073; x_wconf 84' lang='lat'>15</span> 
     </span>
     <span class='ocr_line' id='line_1_19' title="bbox 184 1096 1521 1151; baseline -0.001 -14"><span class='ocrx_word' id='word_1_122' title='bbox 184 1111 259 1137; x_wconf 83' lang='lat' dir='ltr'>vos</span> <span class='ocrx_word' id='word_1_123' title='bbox 286 1111 332 1137; x_wconf 81' lang='lat' dir='ltr'>ac</span> <span class='ocrx_word' id='word_1_124' title='bbox 356 1097 586 1151; x_wconf 89' lang='lat' dir='ltr'>ministros,</span> <span class='ocrx_word' id='word_1_125' title='bbox 618 1096 717 1137; x_wconf 85' lang='lat' dir='ltr'>iecit</span> <span class='ocrx_word' id='word_1_126' title='bbox 743 1096 914 1150; x_wconf 87' lang='lat' dir='ltr'>quidam</span> <span class='ocrx_word' id='word_1_127' title='bbox 940 1110 1058 1136; x_wconf 87' lang='lat' dir='ltr'>casus</span> <span class='ocrx_word' id='word_1_128' title='bbox 1085 1098 1210 1150; x_wconf 87' lang='lat' dir='ltr'>caput</span> <span class='ocrx_word' id='word_1_129' title='bbox 1234 1110 1376 1136; x_wconf 90' lang='lat' dir='ltr'>meum</span> <span class='ocrx_word' id='word_1_130' title='bbox 1401 1096 1521 1150; x_wconf 86' lang='lat' dir='ltr'>quasi</span> 
     </span>
     <span class='ocr_line' id='line_1_20' title="bbox 185 1154 1522 1196; baseline 0 0"><span class='ocrx_word' id='word_1_131' title='bbox 185 1156 425 1196; x_wconf 81' lang='lat' dir='ltr'>certaminis</span> <span class='ocrx_word' id='word_1_132' title='bbox 467 1170 590 1196; x_wconf 87' lang='lat' dir='ltr'>causa</span> <span class='ocrx_word' id='word_1_133' title='bbox 632 1155 676 1195; x_wconf 92' lang='lat' dir='ltr'>in</span> <span class='ocrx_word' id='word_1_134' title='bbox 719 1155 901 1195; x_wconf 88' lang='lat' dir='ltr'>mediam</span> <span class='ocrx_word' id='word_1_135' title='bbox 945 1154 1258 1196; x_wconf 86' lang='lat' dir='ltr'>contentionem</span> <span class='ocrx_word' id='word_1_136' title='bbox 1302 1154 1522 1196; x_wconf 88' lang='lat' dir='ltr'>dissensio-</span> 
     </span>
     <span class='ocr_line' id='line_1_21' title="bbox 183 1213 1523 1268; baseline -0.001 -13"><span class='ocrx_word' id='word_1_137' title='bbox 183 1228 364 1268; x_wconf 90' lang='lat' dir='ltr'>nemque</span> <span class='ocrx_word' id='word_1_138' title='bbox 396 1214 573 1254; x_wconf 84' lang='lat' dir='ltr'>civilem.</span> <span class='ocrx_word' id='word_1_139' title='bbox 636 1213 727 1262; x_wconf 89' lang='lat' dir='ltr'>Quo</span> <span class='ocrx_word' id='word_1_140' title='bbox 759 1213 803 1254; x_wconf 87' lang='lat' dir='ltr'>in</span> <span class='ocrx_word' id='word_1_141' title='bbox 836 1213 1076 1254; x_wconf 86' lang='lat' dir='ltr'>discrimine</span> <span class='ocrx_word' id='word_1_142' title='bbox 1108 1227 1203 1254; x_wconf 90' lang='lat' dir='ltr'>cum</span> <span class='ocrx_word' id='word_1_143' title='bbox 1227 1213 1432 1254; x_wconf 87' lang='lat' dir='ltr'>mirificus</span> <span class='ocrx_word' id='word_1_144' title='bbox 1463 1227 1523 1254; x_wconf 89' lang='lat' dir='ltr'>se-</span> 
     </span>
     <span class='ocr_line' id='line_1_22' title="bbox 183 1271 1523 1328; baseline 0 -15"><span class='ocrx_word' id='word_1_145' title='bbox 183 1275 327 1327; x_wconf 87' lang='lat' dir='ltr'>natus,</span> <span class='ocrx_word' id='word_1_146' title='bbox 372 1272 632 1313; x_wconf 89' lang='lat' dir='ltr'>incredibilis</span> <span class='ocrx_word' id='word_1_147' title='bbox 675 1271 822 1312; x_wconf 86' lang='lat' dir='ltr'>Italiae</span> <span class='ocrx_word' id='word_1_148' title='bbox 865 1272 1017 1326; x_wconf 91' lang='lat' dir='ltr'>totius,</span> <span class='ocrx_word' id='word_1_149' title='bbox 1062 1272 1288 1328; x_wconf 82' lang='lat' dir='ltr'>singularis</span> <span class='ocrx_word' id='word_1_150' title='bbox 1332 1271 1523 1313; x_wconf 90' lang='lat' dir='ltr'>omnium</span> 
     </span>
     <span class='ocr_line' id='line_1_23' title="bbox 183 1330 1574 1385; baseline -0.001 -13"><span class='ocrx_word' id='word_1_151' title='bbox 183 1331 394 1372; x_wconf 89' lang='lat' dir='ltr'>bonorum</span> <span class='ocrx_word' id='word_1_152' title='bbox 436 1345 661 1372; x_wconf 85' lang='lat' dir='ltr'>consensus</span> <span class='ocrx_word' id='word_1_153' title='bbox 700 1331 745 1371; x_wconf 92' lang='lat' dir='ltr'>in</span> <span class='ocrx_word' id='word_1_154' title='bbox 781 1344 849 1371; x_wconf 90' lang='lat' dir='ltr'>me</span> <span class='ocrx_word' id='word_1_155' title='bbox 885 1330 1042 1372; x_wconf 90' lang='lat' dir='ltr'>tuendo</span> <span class='ocrx_word' id='word_1_156' title='bbox 1080 1331 1306 1385; x_wconf 84' lang='lat' dir='ltr'>extitisset,</span> <span class='ocrx_word' id='word_1_157' title='bbox 1345 1345 1432 1372; x_wconf 90' lang='lat' dir='ltr'>non</span> <span class='ocrx_word' id='word_1_158' title='bbox 1463 1330 1522 1371; x_wconf 84' lang='lat' dir='ltr'>di-</span> <span class='ocrx_word' id='word_1_159' title='bbox 1541 1341 1574 1366; x_wconf 83' lang='lat'>20</span> 
     </span>
     <span class='ocr_line' id='line_1_24' title="bbox 185 1387 1520 1445; baseline 0 -15"><span class='ocrx_word' id='word_1_160' title='bbox 185 1403 294 1445; x_wconf 87' lang='lat' dir='ltr'>cam,</span> <span class='ocrx_word' id='word_1_161' title='bbox 345 1389 446 1443; x_wconf 90' lang='lat' dir='ltr'>quid</span> <span class='ocrx_word' id='word_1_162' title='bbox 494 1389 692 1430; x_wconf 87' lang='lat' dir='ltr'>acciderit</span> <span class='ocrx_word' id='word_1_163' title='bbox 742 1387 992 1443; x_wconf 89' lang='lat' dir='ltr'>(multorum</span> <span class='ocrx_word' id='word_1_164' title='bbox 1041 1391 1104 1430; x_wconf 88' lang='lat' dir='ltr'>est</span> <span class='ocrx_word' id='word_1_165' title='bbox 1152 1389 1265 1430; x_wconf 91' lang='lat' dir='ltr'>enim</span> <span class='ocrx_word' id='word_1_166' title='bbox 1314 1391 1356 1430; x_wconf 92' lang='lat' dir='ltr'>et</span> <span class='ocrx_word' id='word_1_167' title='bbox 1404 1389 1520 1430; x_wconf 85' lang='lat' dir='ltr'>varia</span> 
     </span>
     <span class='ocr_line' id='line_1_25' title="bbox 185 1446 1520 1503; baseline -0.001 -14"><span class='ocrx_word' id='word_1_168' title='bbox 185 1446 343 1503; x_wconf 79' lang='lat' dir='ltr'>culpa),</span> <span class='ocrx_word' id='word_1_169' title='bbox 381 1450 547 1488; x_wconf 88' lang='lat' dir='ltr'>tantum</span> <span class='ocrx_word' id='word_1_170' title='bbox 580 1447 715 1488; x_wconf 87' lang='lat' dir='ltr'>dicam</span> <span class='ocrx_word' id='word_1_171' title='bbox 746 1447 881 1502; x_wconf 79' lang='lat' dir='ltr'>brevi,</span> <span class='ocrx_word' id='word_1_172' title='bbox 913 1462 999 1488; x_wconf 91' lang='lat' dir='ltr'>non</span> <span class='ocrx_word' id='word_1_173' title='bbox 1029 1447 1136 1488; x_wconf 91' lang='lat' dir='ltr'>mihi</span> <span class='ocrx_word' id='word_1_174' title='bbox 1167 1447 1414 1502; x_wconf 80' lang='lat' dir='ltr'>exercitum,</span> <span class='ocrx_word' id='word_1_175' title='bbox 1447 1447 1520 1488; x_wconf 87' lang='lat' dir='ltr'>sed</span> 
     </span>
     <span class='ocr_line' id='line_1_26' title="bbox 187 1504 1519 1560; baseline 0 -14"><span class='ocrx_word' id='word_1_176' title='bbox 187 1507 310 1547; x_wconf 82' lang='lat' dir='ltr'>duces</span> <span class='ocrx_word' id='word_1_177' title='bbox 352 1506 542 1547; x_wconf 87' lang='lat' dir='ltr'>defuisse.</span> <span class='ocrx_word' id='word_1_178' title='bbox 603 1504 653 1546; x_wconf 92' lang='lat' dir='ltr'>In</span> <span class='ocrx_word' id='word_1_179' title='bbox 685 1520 768 1560; x_wconf 93' lang='lat' dir='ltr'>quo</span> <span class='ocrx_word' id='word_1_180' title='bbox 808 1508 856 1547; x_wconf 93' lang='lat' dir='ltr'>ut</span> <span class='ocrx_word' id='word_1_181' title='bbox 893 1506 977 1546; x_wconf 88' lang='lat' dir='ltr'>iam</span> <span class='ocrx_word' id='word_1_182' title='bbox 1008 1506 1063 1546; x_wconf 90' lang='lat' dir='ltr'>sit</span> <span class='ocrx_word' id='word_1_183' title='bbox 1095 1506 1138 1546; x_wconf 88' lang='lat' dir='ltr'>in</span> <span class='ocrx_word' id='word_1_184' title='bbox 1175 1506 1227 1546; x_wconf 91' lang='lat' dir='ltr'>iis</span> <span class='ocrx_word' id='word_1_185' title='bbox 1266 1506 1404 1560; x_wconf 87' lang='lat' dir='ltr'>culpa,</span> <span class='ocrx_word' id='word_1_186' title='bbox 1445 1506 1519 1560; x_wconf 84' lang='lat' dir='ltr'>qui</span> 
     </span>
     <span class='ocr_line' id='line_1_27' title="bbox 184 1564 1519 1619; baseline -0.001 -13"><span class='ocrx_word' id='word_1_187' title='bbox 184 1580 251 1606; x_wconf 92' lang='lat' dir='ltr'>me</span> <span class='ocrx_word' id='word_1_188' title='bbox 292 1579 377 1606; x_wconf 90' lang='lat' dir='ltr'>non</span> <span class='ocrx_word' id='word_1_189' title='bbox 419 1564 710 1619; x_wconf 81' lang='lat' dir='ltr'>defendeiunt,</span> <span class='ocrx_word' id='word_1_190' title='bbox 750 1578 835 1605; x_wconf 92' lang='lat' dir='ltr'>non</span> <span class='ocrx_word' id='word_1_191' title='bbox 871 1565 1012 1605; x_wconf 89' lang='lat' dir='ltr'>minor</span> <span class='ocrx_word' id='word_1_192' title='bbox 1048 1567 1110 1605; x_wconf 86' lang='lat' dir='ltr'>est</span> <span class='ocrx_word' id='word_1_193' title='bbox 1142 1564 1186 1605; x_wconf 89' lang='grc'>111</span> <span class='ocrx_word' id='word_1_194' title='bbox 1217 1564 1288 1618; x_wconf 90' lang='lat' dir='ltr'>iis,</span> <span class='ocrx_word' id='word_1_195' title='bbox 1321 1564 1394 1618; x_wconf 88' lang='lat' dir='ltr'>qui</span> <span class='ocrx_word' id='word_1_196' title='bbox 1425 1564 1519 1605; x_wconf 87' lang='lat' dir='ltr'>reli-</span> 
     </span>
     <span class='ocr_line' id='line_1_28' title="bbox 186 1610 1574 1678; baseline 0 -14"><span class='ocrx_word' id='word_1_197' title='bbox 186 1626 384 1678; x_wconf 72' lang='lat' dir='ltr'>querunt,</span> <span class='ocrx_word' id='word_1_198' title='bbox 429 1626 481 1678; x_wconf 89' lang='lat' dir='ltr'>et,</span> <span class='ocrx_word' id='word_1_199' title='bbox 519 1623 555 1664; x_wconf 89' lang='lat' dir='ltr'>si</span> <span class='ocrx_word' id='word_1_200' title='bbox 592 1623 812 1663; x_wconf 85' lang='lat' dir='ltr'>accusandi</span> <span class='ocrx_word' id='word_1_201' title='bbox 850 1625 964 1677; x_wconf 90' lang='lat' dir='ltr'>sunt,</span> <span class='ocrx_word' id='word_1_202' title='bbox 1008 1610 1042 1663; x_wconf 92' lang='lat' dir='ltr'>si</span> <span class='ocrx_word' id='word_1_203' title='bbox 1087 1623 1159 1677; x_wconf 91' lang='lat' dir='ltr'>qui</span> <span class='ocrx_word' id='word_1_204' title='bbox 1199 1623 1520 1678; x_wconf 90' lang='lat' dir='ltr'>pertimuer,unt</span> <span class='ocrx_word' id='word_1_205' title='bbox 1539 1633 1574 1660; x_wconf 86' lang='lat'>25</span> 
     </span>
     <span class='ocr_line' id='line_1_29' title="bbox 184 1658 1521 1737; baseline -0.001 -14"><span class='ocrx_word' id='word_1_206' title='bbox 184 1683 321 1737; x_wconf 82' lang='lat' dir='ltr'>magis</span> <span class='ocrx_word' id='word_1_207' title='bbox 359 1658 487 1722; x_wconf 81' lang='lat' dir='ltr'>etiani</span> <span class='ocrx_word' id='word_1_208' title='bbox 525 1681 874 1736; x_wconf 84' lang='lat' dir='ltr'>reprehendendi,</span> <span class='ocrx_word' id='word_1_209' title='bbox 914 1682 949 1722; x_wconf 91' lang='lat' dir='ltr'>si</span> <span class='ocrx_word' id='word_1_210' title='bbox 988 1681 1059 1735; x_wconf 89' lang='lat' dir='ltr'>qui</span> <span class='ocrx_word' id='word_1_211' title='bbox 1099 1696 1141 1722; x_wconf 91' lang='lat' dir='ltr'>se</span> <span class='ocrx_word' id='word_1_212' title='bbox 1172 1682 1321 1722; x_wconf 83' lang='lat' dir='ltr'>timere</span> <span class='ocrx_word' id='word_1_213' title='bbox 1353 1681 1521 1722; x_wconf 87' lang='lat' dir='ltr'>simula-</span> 
     </span>
     <span class='ocr_line' id='line_1_30' title="bbox 185 1739 1521 1795; baseline -0.001 -13"><span class='ocrx_word' id='word_1_214' title='bbox 185 1744 294 1782; x_wconf 88' lang='lat' dir='ltr'>runt.</span> <span class='ocrx_word' id='word_1_215' title='bbox 355 1739 468 1781; x_wconf 86' lang='lat' dir='ltr'>Illud</span> <span class='ocrx_word' id='word_1_216' title='bbox 499 1741 668 1795; x_wconf 85' lang='lat' dir='ltr'>quidem</span> <span class='ocrx_word' id='word_1_217' title='bbox 701 1743 811 1781; x_wconf 89' lang='lat' dir='ltr'>certe</span> <span class='ocrx_word' id='word_1_218' title='bbox 842 1743 1034 1781; x_wconf 88' lang='lat' dir='ltr'>nostrum</span> <span class='ocrx_word' id='word_1_219' title='bbox 1067 1740 1290 1781; x_wconf 88' lang='lat' dir='ltr'>consilium</span> <span class='ocrx_word' id='word_1_220' title='bbox 1321 1740 1410 1781; x_wconf 92' lang='lat' dir='ltr'>iure</span> <span class='ocrx_word' id='word_1_221' title='bbox 1434 1740 1521 1781; x_wconf 90' lang='lat' dir='ltr'>lau-</span> 
     </span>
     <span class='ocr_line' id='line_1_31' title="bbox 187 1798 1521 1853; baseline -0.001 -13"><span class='ocrx_word' id='word_1_222' title='bbox 187 1800 370 1840; x_wconf 84' lang='lat' dir='ltr'>dandum</span> <span class='ocrx_word' id='word_1_223' title='bbox 408 1801 487 1853; x_wconf 90' lang='lat' dir='ltr'>est,</span> <span class='ocrx_word' id='word_1_224' title='bbox 526 1799 598 1853; x_wconf 89' lang='lat' dir='ltr'>qui</span> <span class='ocrx_word' id='word_1_225' title='bbox 635 1813 751 1840; x_wconf 92' lang='lat' dir='ltr'>meos</span> <span class='ocrx_word' id='word_1_226' title='bbox 789 1798 900 1839; x_wconf 78' lang='lat' dir='ltr'>cives</span> <span class='ocrx_word' id='word_1_227' title='bbox 938 1802 979 1839; x_wconf 90' lang='lat' dir='ltr'>et</span> <span class='ocrx_word' id='word_1_228' title='bbox 1017 1814 1040 1839; x_wconf 89' lang='lat' dir='ltr'>a</span> <span class='ocrx_word' id='word_1_229' title='bbox 1076 1813 1142 1839; x_wconf 91' lang='lat' dir='ltr'>me</span> <span class='ocrx_word' id='word_1_230' title='bbox 1181 1801 1448 1840; x_wconf 85' lang='lat' dir='ltr'>conservatos</span> <span class='ocrx_word' id='word_1_231' title='bbox 1479 1801 1521 1839; x_wconf 90' lang='lat' dir='ltr'>et</span> 
     </span>
     <span class='ocr_line' id='line_1_32' title="bbox 184 1857 1521 1912; baseline -0.001 -13"><span class='ocrx_word' id='word_1_232' title='bbox 184 1873 252 1899; x_wconf 88' lang='lat' dir='ltr'>me</span> <span class='ocrx_word' id='word_1_233' title='bbox 285 1872 449 1899; x_wconf 75' lang='lat' dir='ltr'>servare</span> <span class='ocrx_word' id='word_1_234' title='bbox 487 1857 694 1912; x_wconf 83' lang='lat' dir='ltr'>cupientis</span> <span class='ocrx_word' id='word_1_235' title='bbox 732 1857 935 1911; x_wconf 87' lang='lat' dir='ltr'>spoliatos</span> <span class='ocrx_word' id='word_1_236' title='bbox 973 1857 1149 1898; x_wconf 88' lang='lat' dir='ltr'>ducibus</span> <span class='ocrx_word' id='word_1_237' title='bbox 1187 1857 1317 1899; x_wconf 83' lang='lat' dir='ltr'>servis</span> <span class='ocrx_word' id='word_1_238' title='bbox 1348 1857 1521 1898; x_wconf 85' lang='lat' dir='ltr'>armatis</span> 
     </span>
     <span class='ocr_line' id='line_1_33' title="bbox 186 1915 1573 1970; baseline -0.002 -13"><span class='ocrx_word' id='word_1_239' title='bbox 186 1917 297 1958; x_wconf 87' lang='lat' dir='ltr'>obici</span> <span class='ocrx_word' id='word_1_240' title='bbox 328 1917 537 1958; x_wconf 86' lang='lat' dir='ltr'>noluerim</span> <span class='ocrx_word' id='word_1_241' title='bbox 571 1916 855 1970; x_wconf 82' lang='lat' dir='ltr'>declararique</span> <span class='ocrx_word' id='word_1_242' title='bbox 886 1915 1119 1970; x_wconf 85' lang='lat' dir='ltr'>maluerim,</span> <span class='ocrx_word' id='word_1_243' title='bbox 1151 1918 1308 1970; x_wconf 87' lang='lat' dir='ltr'>quanta</span> <span class='ocrx_word' id='word_1_244' title='bbox 1337 1915 1401 1956; x_wconf 80' lang='lat' dir='ltr'>vis</span> <span class='ocrx_word' id='word_1_245' title='bbox 1432 1929 1520 1956; x_wconf 89' lang='lat' dir='ltr'>esse</span> <span class='ocrx_word' id='word_1_246' title='bbox 1539 1927 1573 1953; x_wconf 81' lang='lat'>30</span> 
     </span>
     <span class='ocr_line' id='line_1_34' title="bbox 184 1974 1520 2030; baseline -0.001 -14"><span class='ocrx_word' id='word_1_247' title='bbox 184 1976 392 2030; x_wconf 87' lang='lat' dir='ltr'>potuisset</span> <span class='ocrx_word' id='word_1_248' title='bbox 430 1975 473 2015; x_wconf 89' lang='lat' dir='ltr'>in</span> <span class='ocrx_word' id='word_1_249' title='bbox 511 1990 715 2015; x_wconf 88' lang='lat' dir='ltr'>consensu</span> <span class='ocrx_word' id='word_1_250' title='bbox 753 1975 978 2029; x_wconf 88' lang='lat' dir='ltr'>bonorum,</span> <span class='ocrx_word' id='word_1_251' title='bbox 1017 1975 1052 2015; x_wconf 91' lang='lat' dir='ltr'>si</span> <span class='ocrx_word' id='word_1_252' title='bbox 1088 1974 1140 2015; x_wconf 89' lang='lat' dir='ltr'>iis</span> <span class='ocrx_word' id='word_1_253' title='bbox 1177 1989 1254 2029; x_wconf 91' lang='lat' dir='ltr'>pro</span> <span class='ocrx_word' id='word_1_254' title='bbox 1284 1988 1351 2014; x_wconf 93' lang='lat' dir='ltr'>me</span> <span class='ocrx_word' id='word_1_255' title='bbox 1383 1976 1520 2015; x_wconf 87' lang='lat' dir='ltr'>stante</span> 
     </span>
     <span class='ocr_line' id='line_1_35' title="bbox 184 2032 1520 2089; baseline -0.002 -14"><span class='ocrx_word' id='word_1_256' title='bbox 184 2048 373 2089; x_wconf 80' lang='lat' dir='ltr'>pugnare</span> <span class='ocrx_word' id='word_1_257' title='bbox 412 2034 619 2089; x_wconf 86' lang='lat' dir='ltr'>licuisset,</span> <span class='ocrx_word' id='word_1_258' title='bbox 661 2048 756 2074; x_wconf 89' lang='lat' dir='ltr'>cum</span> <span class='ocrx_word' id='word_1_259' title='bbox 793 2033 1010 2074; x_wconf 85' lang='lat' dir='ltr'>adflictum</span> <span class='ocrx_word' id='word_1_260' title='bbox 1046 2033 1228 2074; x_wconf 80' lang='lat' dir='ltr'>excitare</span> <span class='ocrx_word' id='word_1_261' title='bbox 1267 2032 1520 2088; x_wconf 83' lang='lat' dir='ltr'>potuissent3</span> 
     </span>
     <span class='ocr_line' id='line_1_36' title="bbox 186 2090 1520 2147; baseline -0.001 -14"><span class='ocrx_word' id='word_1_262' title='bbox 186 2108 366 2147; x_wconf 85' lang='lat' dir='ltr'>quorum</span> <span class='ocrx_word' id='word_1_263' title='bbox 411 2093 580 2146; x_wconf 86' lang='lat' dir='ltr'>quidem</span> <span class='ocrx_word' id='word_1_264' title='bbox 631 2093 818 2133; x_wconf 87' lang='lat' dir='ltr'>animum</span> <span class='ocrx_word' id='word_1_265' title='bbox 861 2094 909 2133; x_wconf 92' lang='lat' dir='ltr'>tu</span> <span class='ocrx_word' id='word_1_266' title='bbox 951 2106 1036 2133; x_wconf 91' lang='lat' dir='ltr'>non</span> <span class='ocrx_word' id='word_1_267' title='bbox 1077 2090 1328 2146; x_wconf 85' lang='lat' dir='ltr'>perspexisti</span> <span class='ocrx_word' id='word_1_268' title='bbox 1371 2090 1520 2145; x_wconf 92' lang='lat' dir='ltr'>solum,</span> 
     </span>
     <span class='ocr_line' id='line_1_37' title="bbox 187 2149 1520 2207; baseline 0 -16"><span class='ocrx_word' id='word_1_269' title='bbox 187 2165 281 2191; x_wconf 83' lang='lat' dir='ltr'>cum</span> <span class='ocrx_word' id='word_1_270' title='bbox 323 2152 371 2192; x_wconf 92' lang='lat' dir='ltr'>de</span> <span class='ocrx_word' id='word_1_271' title='bbox 412 2166 479 2192; x_wconf 93' lang='lat' dir='ltr'>me</span> <span class='ocrx_word' id='word_1_272' title='bbox 520 2165 681 2207; x_wconf 81' lang='lat' dir='ltr'>ageres,</span> <span class='ocrx_word' id='word_1_273' title='bbox 727 2151 799 2191; x_wconf 88' lang='lat' dir='ltr'>sed</span> <span class='ocrx_word' id='word_1_274' title='bbox 838 2151 966 2191; x_wconf 87' lang='lat' dir='ltr'>etiam</span> <span class='ocrx_word' id='word_1_275' title='bbox 1004 2149 1261 2190; x_wconf 85' lang='lat' dir='ltr'>confirmasti</span> <span class='ocrx_word' id='word_1_276' title='bbox 1299 2151 1424 2203; x_wconf 89' lang='lat' dir='ltr'>atque</span> <span class='ocrx_word' id='word_1_277' title='bbox 1461 2151 1520 2191; x_wconf 90' lang='lat' dir='ltr'>te-</span> 
     </span>
     <span class='ocr_line' id='line_1_38' title="bbox 186 2207 1573 2265; baseline -0.001 -16"><span class='ocrx_word' id='word_1_278' title='bbox 186 2210 327 2250; x_wconf 81' lang='lat' dir='ltr'>nuisti.</span> <span class='ocrx_word' id='word_1_279' title='bbox 390 2209 481 2258; x_wconf 88' lang='lat' dir='ltr'>Qua</span> <span class='ocrx_word' id='word_1_280' title='bbox 523 2210 568 2250; x_wconf 90' lang='lat' dir='ltr'>in</span> <span class='ocrx_word' id='word_1_281' title='bbox 611 2223 734 2250; x_wconf 88' lang='lat' dir='ltr'>causa</span> <span class='ocrx_word' id='word_1_282' title='bbox 778 2208 895 2265; x_wconf 89' lang='lat' dir='ltr'>(non</span> <span class='ocrx_word' id='word_1_283' title='bbox 923 2208 1050 2249; x_wconf 91' lang='lat' dir='ltr'>modo</span> <span class='ocrx_word' id='word_1_284' title='bbox 1093 2222 1179 2248; x_wconf 89' lang='lat' dir='ltr'>non</span> <span class='ocrx_word' id='word_1_285' title='bbox 1222 2207 1403 2263; x_wconf 85' lang='lat' dir='ltr'>negabo,</span> <span class='ocrx_word' id='word_1_286' title='bbox 1448 2207 1522 2248; x_wconf 88' lang='lat' dir='ltr'>sed</span> <span class='ocrx_word' id='word_1_287' title='bbox 1539 2219 1573 2245; x_wconf 71' lang='lat'>35</span> 
     </span>
     <span class='ocr_line' id='line_1_39' title="bbox 188 2264 1521 2322; baseline 0.001 -16"><span class='ocrx_word' id='word_1_288' title='bbox 188 2268 314 2307; x_wconf 78' lang='lat' dir='ltr'>etiam</span> <span class='ocrx_word' id='word_1_289' title='bbox 342 2282 505 2322; x_wconf 83' lang='lat' dir='ltr'>semper</span> <span class='ocrx_word' id='word_1_290' title='bbox 530 2271 571 2309; x_wconf 89' lang='lat' dir='ltr'>et</span> <span class='ocrx_word' id='word_1_291' title='bbox 596 2268 827 2309; x_wconf 90' lang='lat' dir='ltr'>meminero</span> <span class='ocrx_word' id='word_1_292' title='bbox 854 2269 895 2308; x_wconf 91' lang='lat' dir='ltr'>et</span> <span class='ocrx_word' id='word_1_293' title='bbox 919 2266 1169 2321; x_wconf 86' lang='lat' dir='ltr'>praedicabo</span> <span class='ocrx_word' id='word_1_294' title='bbox 1195 2264 1395 2322; x_wconf 85' lang='lat' dir='ltr'>libenter)</span> <span class='ocrx_word' id='word_1_295' title='bbox 1421 2280 1521 2307; x_wconf 87' lang='lat' dir='ltr'>usus</span> 
     </span>
     <span class='ocr_line' id='line_1_40' title="bbox 186 2324 1521 2379; baseline 0.001 -14"><span class='ocrx_word' id='word_1_296' title='bbox 186 2339 229 2365; x_wconf 87' lang='lat' dir='ltr'>es</span> <span class='ocrx_word' id='word_1_297' title='bbox 256 2326 506 2379; x_wconf 88' lang='lat' dir='ltr'>quibusdam</span> <span class='ocrx_word' id='word_1_298' title='bbox 538 2326 813 2367; x_wconf 87' lang='lat' dir='ltr'>nobilissimis</span> <span class='ocrx_word' id='word_1_299' title='bbox 837 2324 1081 2366; x_wconf 90' lang='lat' dir='ltr'>hominibus</span> <span class='ocrx_word' id='word_1_300' title='bbox 1106 2324 1355 2366; x_wconf 86' lang='lat' dir='ltr'>fortioribus</span> <span class='ocrx_word' id='word_1_301' title='bbox 1387 2325 1430 2366; x_wconf 92' lang='lat' dir='ltr'>in</span> <span class='ocrx_word' id='word_1_302' title='bbox 1454 2339 1521 2366; x_wconf 88' lang='lat' dir='ltr'>me</span> 
     </span>
    </p>
   </div>
  </div>
 </body>
</html>
