1659 2552
154 2087 173 2117 kg>

201 102 289 142 442
721 102 1059 137 EPISTULARUM

198 197 398 238 dilectum
430 198 585 239 habere
617 198 811 239 noluerit.
860 197 973 239 Nam
998 197 1211 238 sociorum
1236 197 1392 238 auxilia
1418 212 1541 252 prop-

197 259 262 297 ter
299 257 572 298 acerbitatem
610 260 735 311 atque
774 257 950 297 iniurias
987 256 1155 311 imperii
1195 257 1329 297 nostri
1372 260 1445 298 aut
1481 257 1541 298 ita

197 315 411 356 imbecilla
442 319 551 370 sunt,
584 318 631 356 ut
656 330 742 356 non
767 315 950 356 multum
976 330 1053 356 nos
1085 315 1229 356 iuvare
1260 315 1436 370 possint,
1468 318 1541 356 aut

197 374 257 415 ita
295 375 476 416 alienata
514 390 537 415 a
576 374 720 427 nobis,
765 377 811 415 ut
855 389 990 428 neque
1034 374 1361 428 exspectandum
1399 374 1450 415 ab
1489 374 1541 415 iis

197 448 333 487 neque
354 433 704 475 committendum
731 433 782 474 iis
808 433 1034 487 quicquam
1055 447 1143 474 esse
1163 433 1365 474 videatur.
1410 432 1540 489 Regis

197 491 389 533 Deiotari
416 495 456 533 et
482 492 745 533 voluntatem
777 495 819 533 et
851 492 1003 546 copias,
1037 494 1399 546 quantaecumque
1431 495 1541 546 sunt,

196 555 363 592 nostras
394 566 482 591 esse
515 551 642 606 duco,
676 549 942 605 Cappadocia
967 553 1030 592 est
1063 551 1210 604 inanis,
1243 550 1395 605 reliqui
1422 565 1542 607 reges

197 610 452 664 tyrannique
483 624 619 664 neque
641 609 793 663 opibus
819 610 920 650 satis
946 609 1058 651 firmi
1091 624 1167 650 nec
1187 609 1405 651 voluntate
1431 612 1540 650 sunt.

197 668 305 709 Mihi
344 669 386 709 in
423 669 503 709 hac
540 669 751 723 paucitate
790 668 976 709 militum
1017 669 1182 709 animus
1215 671 1326 709 certe
1357 682 1443 710 non
1475 669 1542 709 de-

197 728 295 781 erit,
339 742 461 781 spero
502 742 553 768 ne
596 727 819 768 consilium
861 727 1051 781 quidem,
1096 726 1199 781 quid
1239 740 1433 768 casurum
1475 727 1541 782 sit,

198 786 405 826 incertum
444 788 517 826 est.
579 785 756 827 Utinam
795 786 920 827 saluti
958 789 1128 827 nostrae
1161 786 1378 827 consulere
1409 786 1541 841 possi-

196 846 309 886 mus!
352 845 552 900 dignitati
585 848 696 886 certe
730 845 1007 886 consulemus

844 996 898 1038 H.

198 1078 272 1112 Ser.
307 1090 345 1112 m
369 1079 498 1113 castris
529 1080 578 1113 acl
605 1079 771 1124 Cybistra
795 1079 849 1113 vel
875 1078 942 1112 XI
963 1079 1017 1113 vel
1043 1078 1084 1113 X
1107 1078 1154 1113 K.
1186 1077 1258 1113 Oct.
1292 1090 1325 1113 a.
1353 1080 1424 1113 703
1451 1080 1540 1121 (51).

221 1160 268 1194 M.
296 1159 496 1194 TULLIUS
522 1160 569 1195 M.
596 1160 634 1195 F.
663 1159 832 1195 CICERO
857 1159 1051 1195 PROCOS.
1080 1159 1113 1195 S.
1139 1159 1181 1195 D.
1210 1159 1318 1203 COS„
1344 1159 1428 1203 PR,
1455 1159 1528 1194 TR.

703 1218 784 1262 PL„
812 1218 1029 1253 SENATUI.

287 1313 327 1355 S.
360 1329 396 1355 v.
429 1330 465 1354 v.
498 1314 537 1355 b.
571 1329 604 1355 e.
637 1328 668 1355 e.
702 1329 739 1368 q.
772 1329 808 1355 v.
873 1313 979 1354 Cum
1019 1329 1079 1368 pr.
1119 1313 1169 1354 K.
1209 1312 1320 1354 Sext.
1364 1313 1407 1353 in
1447 1327 1542 1367 pro-

198 1373 380 1413 vinciam
412 1373 619 1414 venissem
651 1387 786 1426 neque
818 1373 1026 1413 maturius
1062 1375 1237 1427 propter
1267 1372 1468 1413 itinerum
1501 1374 1542 1412 et

197 1431 520 1486 navigationum
558 1431 853 1471 difficultatem
891 1431 1033 1472 venire
1071 1431 1321 1485 potuissem,
1359 1431 1542 1471 maxime

198 1490 422 1531 convenire
461 1490 602 1530 offic-io
640 1504 734 1530 meo
773 1489 916 1543 reique
953 1505 992 1543 p.
1026 1489 1257 1530 conducere
1295 1489 1441 1543 putavi
1473 1504 1542 1543 pa-

198 1563 291 1589 rare
317 1563 375 1602 ea,
408 1563 515 1602 quae
547 1548 599 1588 ad
631 1548 862 1589 exercitum
894 1562 1083 1602 quaeque
1116 1549 1169 1589 ad
1200 1562 1288 1589 rem
1314 1548 1543 1589 militarem

197 1607 469 1661 pertinerent.
532 1606 646 1656 Quae
688 1621 783 1647 cum
827 1609 965 1647 essent
1005 1622 1029 1647 a
1068 1621 1134 1647 me
1179 1621 1278 1647 cura
1322 1606 1457 1662 magis
1501 1609 1543 1648 et

199 1666 421 1721 diligentia
447 1680 574 1720 quam
606 1666 806 1706 facultate
833 1669 873 1706 et
900 1666 1019 1720 copia
1046 1666 1288 1719 constituta,
1320 1665 1543 1719 nuntiique

199 1728 239 1765 et
277 1725 444 1765 litterae
484 1724 533 1765 de
574 1724 686 1765 bello
725 1740 748 1765 a
786 1724 954 1765 Parthis
993 1725 1036 1765 in
1073 1724 1337 1779 provinciam
1375 1722 1543 1777 Syriam

198 1783 331 1824 inlato
377 1783 530 1824 cotidie
574 1783 661 1824 fere
705 1783 987 1836 adferrentur,
1032 1784 1113 1824 iter
1155 1783 1261 1824 mihi
1305 1782 1542 1823 faciendum

199 1857 274 1896 per
305 1842 563 1895 Lycaoniam
595 1845 635 1882 et
666 1857 742 1896 per
772 1840 941 1882 Isauros
973 1845 1013 1882 et
1045 1856 1120 1896 per
1147 1841 1454 1896 Cappadociam
1480 1856 1542 1881 ar-

199 1901 383 1941 bitratus
420 1916 524 1941 sum.
588 1900 693 1941 Erat
731 1901 842 1941 enim
874 1915 1029 1956 magna
1060 1901 1243 1955 suspicio
1275 1899 1475 1953 Parthos,
1508 1899 1542 1940 si

200 1974 250 2000 ex
283 1958 407 2013 Syria
433 1959 576 2015 egredi
609 1962 734 2013 atque
767 1960 1007 2013 inrumpere
1039 1959 1082 1999 in
1114 1974 1251 2000 meam
1282 1958 1543 2012 provinciam

200 2021 465 2071 conarentur,
497 2019 578 2058 iter
604 2032 673 2058 eos
698 2032 774 2071 per
798 2017 1118 2072 Cappadociam,
1146 2018 1265 2071 'quod
1289 2032 1336 2058 ea
1361 2017 1543 2057 maxime

200 2079 380 2130 pateret,
421 2091 509 2117 esse
548 2076 744 2117 facturos.
806 2075 955 2130 Itaque
987 2090 1082 2117 cum
1115 2076 1301 2117 exercitu
1333 2089 1408 2129 per
1440 2074 1543 2129 Cap-

199 2135 398 2188 padociae
435 2137 599 2189 partem
632 2150 740 2188 eam,
773 2149 878 2188 quae
912 2149 1006 2175 cum
1039 2134 1188 2176 Cilicia
1219 2134 1437 2175 continens
1469 2137 1544 2187 est,

202 2194 281 2234 iter
312 2193 392 2234 feci
425 2196 643 2247 castraque
676 2193 727 2233 ad
760 2192 974 2247 Cybistra,
1013 2194 1127 2247 quod
1165 2193 1366 2247 oppidum
1399 2194 1461 2232 est
1493 2193 1546 2233 ad

201 2256 390 2292 montem
423 2251 627 2305 Taurum,
659 2252 812 2305 locavi,
846 2254 891 2292 ut
924 2251 1171 2306 Artuasdes,
1205 2266 1277 2292 rex
1306 2250 1545 2305 Armenius,

204 2324 470 2364 quocumque
503 2311 644 2351 animo
677 2313 795 2363 esset,
828 2310 953 2351 sciret
984 2325 1069 2351 non
1100 2309 1248 2364 procul
1280 2324 1303 2350 a
1335 2310 1421 2350 suis
1453 2310 1546 2351 fini-

1561 739 1595 764 10

1562 1174 1595 1199 15

1563 1503 1596 1527 20

1563 1794 1596 1819 25

1563 2087 1596 2112 30
