1659 2552
171 96 257 138 556
686 95 1026 130 EPISTULARUM

171 195 311 233 totum
345 191 562 246 occidisse,
604 192 799 232 inimicos
837 208 860 231 1
897 206 964 232 1110
994 191 1151 245 partim
1183 204 1267 231 non
1300 205 1515 256 oppugna—

170 254 256 306 tos,
287 251 443 305 partim
470 251 598 292 etiam
624 265 712 291 esse
747 251 951 304 defensos,
982 264 1123 290 meum
1155 264 1239 290 non
1270 249 1397 291 modo
1428 249 1514 290 ani-
1557 252 1560 255 '

170 325 306 364 mum,
345 310 417 359 sed
453 324 506 351 ne
545 309 689 350 odium
727 309 897 363 quidem
935 323 1023 350 esse
1060 308 1261 363 liberum,
1299 322 1514 362 unumque

172 383 222 409 ex
256 344 453 410 omnibus
485 368 706 409 Caesa-rem
738 383 826 409 esse
858 368 1094 422 inventum,
1133 368 1205 421 qui
1236 342 1303 408 me
1335 369 1514 420 tantum,

171 431 377 482 quantum
415 442 493 483 ego
532 427 704 481 vellem,
749 429 925 481 amaret,
969 429 1042 467 aut
1079 426 1225 479 etiam,
1266 426 1326 466 sic
1363 428 1410 466 ut
1442 425 1515 466 alii

170 489 340 541 putant,
377 487 489 527 hunc
527 500 659 526 unum
697 500 803 540 esse,
841 486 914 539 qui
946 485 1083 526 vellet.
1146 484 1336 534 Quorum
1373 487 1515 525 tamen

170 545 280 586 nihil
305 548 368 586 est
394 545 483 585 eius
514 545 642 599 modi,
674 547 722 585 ut
747 559 826 600 ego
852 559 919 585 me
950 558 1036 585 non
1067 543 1202 584 multa
1228 543 1515 584 consolatione

172 604 325 645 cotidie
357 604 531 658 leniam,
563 603 636 644 sed
667 603 740 644 illa
771 604 852 644 erit
879 603 1112 644 consolatio
1144 603 1340 656 maxima,
1373 602 1407 643 si
1433 616 1517 642 una

171 663 338 704 erimus
399 662 526 704 Nunc
557 662 609 703 ad
641 662 714 702 illa
738 662 806 703 vel
837 662 1136 718 gravissimum
1168 661 1328 702 accedit
1360 660 1517 702 deside-

173 722 285 762 rium
316 721 391 762 tui.

263 779 492 820 Gabinium
524 779 576 834 si,
614 782 661 820 ut
691 779 829 820 Pansa
860 782 982 833 putat
1015 778 1270 833 oportuisse,
1313 777 1516 819 defendis-

173 854 277 893 sem,
323 839 609 880 concidissem.
681 838 762 887 Qui
806 838 927 879 illum
972 838 1150 879 oderunt
1194 836 1251 892 (ii
1294 839 1393 878 sunt
1435 836 1516 878 toti

174 896 379 953 ordines),
410 901 586 951 propter
618 911 743 951 quem
775 897 966 951 oderunt,
997 911 1064 937 me
1095 897 1235 950 ipsum
1263 896 1399 937 odisse
1428 909 1518 936 coe-

172 957 343 1011 pissent.
406 955 541 997 Tenui
572 971 657 1009 me,
689 959 736 996 ut
767 958 884 1010 puto,
916 956 1102 1011 egregie,
1135 958 1301 995 tantum
1333 958 1380 995 ut
1411 954 1517 995 face-

174 1030 275 1069 rem,
308 1018 514 1069 quantum
547 1029 691 1055 omnes
722 1015 934 1070 viderent,
967 1018 1008 1055 et
1039 1015 1082 1054 in
1116 1014 1230 1054 omni
1263 1028 1437 1067 summa,
1469 1015 1517 1053 ut

175 1089 341 1128 mones,
382 1074 502 1114 valde
539 1088 607 1114 me
648 1073 701 1114 ad
739 1074 873 1114 otium
912 1087 1142 1128 pacemque
1181 1074 1391 1113 converto.
1452 1070 1517 1112 De

173 1133 296 1174 libris
337 1132 553 1186 Tyrannio
598 1135 661 1173 est
705 1135 898 1173 cessator.
962 1132 1200 1185 Chrysippo
1245 1131 1401 1185 dicam3
1445 1130 1518 1171 sed

175 1206 240 1233 res
274 1206 450 1246 operosa
482 1194 545 1232 est
577 1194 617 1232 et
654 1191 840 1231 hominis
872 1191 1175 1246 perdiligentis.
1239 1188 1384 1231 Sentio
1416 1189 1517 1244 ipse,

176 1251 248 1305 qui
281 1251 324 1291 in
351 1264 515 1291 summo
549 1250 689 1290 studio
721 1250 830 1291 nihil
855 1250 1072 1303 adsequor.
1128 1249 1192 1290 De
1216 1248 1380 1289 Latinis
1405 1261 1517 1301 vero,

176 1324 259 1363 quo
297 1324 365 1350 me
396 1312 576 1362 vertam,
609 1309 768 1363 nesci03
806 1309 866 1350 ita
897 1309 1094 1349 mendose
1127 1310 1168 1348 et
1200 1307 1444 1348 scribuntur
1475 1308 1516 1346 et

174 1370 369 1409 veneunt.
421 1367 503 1408 Sed
527 1370 681 1421 tamen,
714 1367 827 1421 quod
851 1367 943 1407 fieri
970 1366 1138 1420 poterit,
1170 1380 1255 1406 non
1282 1364 1515 1420 neglegam.

175 1427 204 1480 ’ξ’
233 1426 448 1480 Crebrius,
486 1429 533 1466 ut
571 1428 668 1466 ante
701 1426 752 1466 ad
782 1428 824 1466 te
857 1425 1022 1479 scripsi,
1059 1424 1219 1465 Romae
1252 1426 1331 1478 est,
1370 1426 1411 1464 et
1443 1422 1516 1477 qui

176 1486 318 1526 omnia
342 1485 372 1538 ’ἱ-
397 1484 580 1538 adiurat,
613 1484 763 1525 debere
794 1484 875 1524 tibi
901 1484 1021 1524 valde
1053 1483 1307 1524 renuntiant.
1358 1481 1426 1523 Ab
1453 1496 1517 1522 ae-

175 1544 287 1584 rario
318 1546 422 1597 puto
455 1543 693 1584 confectum
725 1557 830 1597 esse,
862 1543 961 1583 dum
994 1542 1153 1582 absum.

1535 729 1569 754 10

1537 1023 1570 1048 15

1535 1317 1570 1341 20

265 1602 475 1651 Quattuor
505 1601 745 1657 tragoedias
777 1602 957 1642 sedecim
985 1601 1132 1641 diebus
1165 1599 1394 1641 absolvisse
1421 1612 1516 1639 cum
1537 1610 1569 1634 2⁵

176 1661 358 1716 scribas,
407 1664 455 1701 tu
499 1661 725 1714 quicquam
769 1661 821 1701 ab
867 1661 949 1701 alio
993 1659 1233 1700 mutuaris?
1284 1661 1325 1699 et
1372 1656 1518 1706 πάθος

176 1720 354 1774 quaeris,
387 1734 482 1760 cum
514 1719 729 1760 Electram
761 1722 801 1760 et
834 1719 1046 1773 Aeropam
1079 1717 1325 1772 ser-ipsens?
1376 1715 1518 1757 Cessa—

176 1782 245 1819 tor
276 1793 364 1820 esse
395 1778 485 1819 noli
517 1781 559 1819 et
589 1778 697 1818 illud
729 1778 893 1831 γνῶθι
929 1778 1133 1819 σεαυτόν’
1166 1776 1254 1817 11011
1285 1777 1434 1830 putare
1466 1774 1519 1815 ad

177 1838 470 1893 adrogantiam
511 1837 783 1878 minuendam
828 1837 965 1877 solum
1009 1850 1097 1877 esse
1148 1836 1328 1888 dictum,
1371 1847 1518 1875 verum

176 1897 304 1937 etiam
336 1900 383 1937 ut
415 1897 527 1937 bona
557 1899 704 1936 nostra
734 1896 945 1949 norimus3
986 1895 1058 1935 sed
1090 1898 1131 1935 et
1163 1894 1265 1935 istas
1296 1896 1337 1934 et
1369 1891 1518 1947 Erigo-

175 1970 273 1996 nam
305 1955 411 1996 mihi
438 1955 565 1995 velim
590 1955 746 1995 mittas.
800 1953 943 1995 Habes
975 1955 1031 1996 acl
1061 1953 1163 1993 duas
1194 1951 1394 2007 epistolas
1424 1964 1519 2005 pro-

175 2028 322 2055 xlmas,

1537 1903 1570 1928 30
