1659 2552
164 109 249 149 532
666 107 1008 143 EPISTULARUM

254 204 317 245 De
350 219 394 245 re
424 204 595 259 publica
626 204 806 244 nimium
839 206 881 244 te
912 203 1105 244 laborare
1139 203 1260 244 doleo
1292 205 1335 244 et
1364 202 1510 244 melio-

166 278 256 304 rem
288 264 422 304 civem
455 278 542 304 esse
569 278 695 317 quam
726 262 1022 315 Philoctetam,
1055 262 1127 316 qui
1154 264 1324 317 accepta
1354 261 1511 303 iniuria

167 337 214 363 ea
252 322 489 376 spectacula
527 321 772 376 quaerebat,
812 336 918 375 quae·
955 321 1036 362 tibi
1075 321 1224 361 acerba
1256 334 1344 362 esse
1375 320 1509 361 video.

165 380 333 422 Amabo
365 383 418 435 te,
451 381 600 421 advola
627 379 898 436 (consolabor
922 382 964 421 te
990 383 1032 420 et
1058 394 1226 420 omnem
1258 378 1510 435 abstergebo

169 439 377 496 dolorem)
417 443 457 480 et
496 440 646 493 adduc,
686 439 721 480 si
752 454 819 481 me
851 453 983 493 amaS,
1021 438 1222 494 Marium3
1260 438 1332 480 sed
1363 438 1511 493 adpro-
1548 448 1564 474 5

166 502 321 553 perate.
383 498 545 539 Hortus
579 498 693 538 domi
727 501 799 539 est.

732 649 804 691 IX.
839 648 949 704 [XL]

381 731 454 767 Scr.
481 732 627 765 ineunte
658 742 772 765 mense
806 729 1011 765 Februario
1042 741 1076 765 a.
1104 733 1177 764 700
1210 731 1300 773 (54).

411 812 604 847 MARCUS
632 811 812 854 QUINTO
839 811 1018 846 FRATRI
1043 810 1276 846 SALUTEM.

258 909 498 964 Epistolam
534 908 644 949 hanc
676 908 866 949 convicio
899 908 1190 963 efflagitarunt
1222 906 1406 948 oodjoilli
1436 906 1512 947 tui.
1533 920 1566 945 ιο

169 968 281 1010 Nam
314 983 380 1009 res
413 967 583 1022 quidem
616 967 707 1021 ipsa
739 970 780 1008 et
812 967 847 1008 is
880 967 984 1021 dies,
1017 981 1100 1021 quo
1133 969 1180 1006 tu
1212 980 1255 1007 es
1286 966 1513 1020 profectus,

169 1028 279 1069 nihil
309 1027 415 1068 mihi
448 1027 501 1067 ad
531 1026 801 1067 scribendum
832 1026 1072 1081 argumenti
1104 1040 1200 1066 sane
1233 1024 1370 1066 dabat.
1420 1022 1514 1078 Sed,

171 1101 296 1141 quem
341 1086 393 1126 ad
435 1085 630 1139 modum,
675 1099 816 1125 coram
860 1099 955 1125 cum
999 1099 1163 1138 sumus,
1210 1098 1347 1124 sermo
1389 1082 1514 1124 nobis

171 1146 312 1186 deesse
342 1159 429 1186 non
453 1145 572 1198 solet,
604 1144 663 1184 sic
689 1143 891 1197 epistolae
916 1146 1085 1184 nostrae
1117 1143 1272 1184 debent
1302 1142 1515 1183 interdum

126 1236 143 1247 H
170 1204 416 1246 halucinari.
479 1203 762 1244 Tenediorum
794 1203 927 1258 igitur
957 1203 1132 1243 libertas
1164 1201 1299 1242 securi
1330 1200 1515 1242 Tenedia
1534 1213 1568 1238 15

170 1264 358 1318 praecisa
390 1265 464 1317 est7
500 1276 595 1303 cum
627 1276 698 1302 eos
730 1264 897 1315 praeter
927 1276 994 1302 me
1026 1264 1068 1319 et
1098 1260 1302 1301 Bibulum
1334 1262 1375 1301 et
1407 1258 1515 1300 Cali-

172 1323 289 1363 dium
321 1325 363 1363 et
393 1321 630 1362 Favonium
661 1335 785 1361 nemo
819 1320 1071 1361 defenderet.
1133 1319 1196 1359 De
1228 1322 1269 1359 te
1295 1333 1320 1359 a
1343 1317 1515 1374 Magne·

170 1381 286 1421 tibus
325 1381 377 1421 ab
417 1379 564 1433 Sipylo
602 1379 762 1420 mentio
801 1381 864 1419 est
900 1378 1135 1419 honorifica
1175 1378 1306 1431 facta,
1347 1391 1442 1418 cum
1473 1379 1515 1418 te

170 1454 303 1480 unum
343 1439 529 1479 dicerent
563 1437 843 1492 postulationi
880 1437 925 1478 L.
959 1436 1069 1477 Sesti
1101 1435 1260 1476 Pansae
1298 1436 1513 1476 restitisse.

171 1497 365 1552 Reliquis
403 1497 551 1538 diebus
589 1497 623 1537 si
662 1496 764 1550 quid
801 1496 898 1549 erit⁷
938 1495 1051 1549 quod
1087 1498 1129 1536 te
1167 1495 1272 1535 scire
1305 1509 1410 1549 opus
1448 1495 1515 1549 sit,
1534 1508 1568 1533 20
1625 1500 1634 1543 ζ

173 1560 245 1597 aut
283 1556 449 1597 etiamsi
486 1555 595 1596 nihil
628 1555 725 1608 erit,
763 1557 904 1595 tamen
942 1554 1123 1595 scribam
1156 1553 1310 1594 cotidie
1342 1553 1514 1607 aliquid
1630 1547 1633 1555 ’

173 1615 314 1656 Pridie
346 1613 446 1655 Idus
470 1628 606 1668 neque
638 1613 718 1654 tibi
744 1627 879 1667 neque
906 1612 1142 1667 Pomponio
1170 1612 1304 1653 deero.
1345 1611 1516 1653 Lucreti

171 1677 385 1729 poemata,
421 1676 469 1714 ut
501 1672 668 1726 scribis,
706 1672 766 1712 ita
798 1675 912 1725 sunt,
953 1672 1100 1712 multis
1137 1670 1370 1712 luminibus
1401 1671 1516 1727 inge-

173 1734 250 1787 nii,
288 1733 446 1773 multae
483 1735 625 1772 tamen
663 1731 784 1784 artis3
825 1730 914 1784 sed,
956 1745 1049 1771 cum
1081 1730 1263 1784 veneris,
1303 1729 1443 1771 virum
1473 1732 1516 1771 te

172 1792 350 1847 putabo,
384 1792 418 1832 si
452 1790 626 1832 Sallusti
658 1789 941 1844 Empedoclea
972 1789 1142 1845 legeris,
1182 1788 1399 1830 hominem
1429 1802 1516 1830 non
1534 1800 1568 1825 2⁵

173 1851 346 1906 putabo.

737 1953 787 1995 X.
821 1952 952 2008 [ΧΠ]

386 2035 460 2070 Ser.
488 2035 624 2070 Romae
654 2034 782 2069 Idibus
809 2034 1024 2069 Februariis
1054 2045 1087 2067 a.
1115 2036 1188 2068 700
1214 2035 1304 2076 (54).

415 2116 608 2151 MARCUS
636 2115 815 2157 QUINTO
841 2088 1020 2149 FRATRI
1046 2114 1279 2149 SALUTEM.

265 2201 436 2244 Gaudeo
468 2200 548 2242 tibi
579 2200 782 2240 iucundas
808 2213 896 2240 esse
921 2213 1035 2240 meas
1066 2198 1242 2253 litteras,
1273 2211 1349 2239 nec
1373 2200 1515 2240 tamen
1534 2212 1569 2236 so
1617 2223 1622 2232 .

174 2261 416 2301 habuissem
447 2259 657 2300 scribendi
695 2272 807 2300 nunc
839 2258 1007 2312 quidem
1041 2257 1175 2298 ullum
1207 2259 1515 2312 argumentum,
1551 2283 1554 2286 >
1626 2273 1632 2305 ς

175 2319 256 2359 nisi
294 2323 388 2359 tuas
426 2318 688 2371 accepissem.
749 2316 861 2358 Nam
899 2316 1034 2370 pridie
1065 2314 1181 2369 Idus,
1223 2329 1317 2356 cum
1349 2315 1516 2370 Appius
