1659 2552
128 1401 169 1432 16

128 2104 168 2134 17

196 118 279 160 546
707 119 1047 154 EPISTULARUM

194 230 260 255 me
293 214 408 269 quod
438 215 648 269 admones,
684 229 759 256 nec
790 215 851 255 fui
884 230 1085 269 umquam
1116 215 1236 256 valde
1267 217 1460 272 cupidus,
1491 219 1534 259 et

193 287 306 314 nunc
344 273 492 315 domus
533 274 774 328 suppeditat
813 273 919 314 mihi
959 273 1181 315 hortorum
1223 276 1531 317 amoenitatem.

193 332 375 380 Romam
416 346 510 373 cum
551 333 758 373 venissem
796 347 829 373 a
863 332 898 372 d.
939 344 1022 372 XIII
1059 332 1109 373 K.
1151 331 1374 389 Octobres,
1414 334 1533 376 abso-

193 391 331 432 lutum
364 391 518 432 offendi
552 391 794 431 i11·1e<libus
825 391 910 431 tuis
941 393 1111 445 tectum,
1144 392 1257 445 quod
1287 407 1413 447 supra
1439 407 1534 434 0011-

195 450 328 490 clavia
364 464 450 491 non
486 450 702 504 placuerat
738 449 820 490 tibi
857 464 945 490 esse
981 450 1213 491 multorum
1251 451 1531 507 fastigiorum.
1570 463 1588 489 5

193 507 243 549 Id
280 523 392 549 nunc
428 509 604 549 honeste
642 509 780 564 vergit
816 509 859 548 in
898 511 1056 549 tectum
1088 509 1302 550 inferioris
1332 510 1532 564 porticus.

196 566 342 608 Cicero
375 569 531 621 noster,
563 567 663 607 dum
689 581 767 622 ego
800 567 960 621 absum,
992 582 1078 608 non
1103 568 1280 608 cessavit
1305 569 1417 622 apud
1442 569 1534 610 rhe-

193 628 340 667 toiQem
382 625 445 667 De
466 626 554 666 eius
574 626 810 667 eruditione
831 626 944 680 quod
968 625 1145 680 labor,es
1170 627 1278 667 nihil
1304 630 1378 682 est,
1404 642 1534 682 quon-

193 685 278 726 iam
316 685 535 750 ingenium
573 685 661 725 eius
698 685 828 739 nosti,
866 684 1053 725 studium
1085 699 1163 739 ego
1195 685 1328 726 video.
1385 684 1535 728 Cetera

195 744 285 784 eius
315 744 375 785 sic
405 744 601 798 suscipio,
633 746 681 784 ut
711 758 778 784 me
808 746 955 797 putem
985 747 1197 798 praestare
1231 744 1391 785 debere
1554 757 1587 782 10

286 801 514 843 Gabinium
551 805 637 843 tres
675 802 811 842 adhuc
848 802 1052 843 factiones
1081 802 1316 856 postulant,
1352 803 1397 844 L.
1429 803 1535 844 Len-

194 861 325 915 tulus,
358 861 541 902 flaminis
573 861 703 915 filius,
741 861 814 916 qui
845 860 929 901 iam
962 861 1011 902 de
1041 861 1260 902 maiestate
1290 861 1534 917 postulavit,

195 919 257 960 Ti.
318 919 434 961 Nero
479 934 573 960 cum
617 920 741 960 bonis
783 919 1161 974 subscriptoribUS,
1211 919 1254 961 C.
1297 919 1534 975 Memmius,

195 978 392 1019 tribunus
434 979 502 1033 pl,
546 992 641 1019 cum
683 978 728 1019 L.
771 977 986 1032 Capitone.
1058 978 1127 1019 Ad
1169 978 1317 1019 urbem
1361 980 1533 1020 accessit

195 1052 229 1078 a.
257 1037 293 1078 d.
326 1049 392 1077 ΧΠ
423 1037 473 1078 Κ.
501 1035 671 1078 Octobr.
731 1036 854 1078 Nihil
885 1037 1052 1091 turpius
1082 1051 1159 1078 nec
1191 1037 1406 1078 desertius.
1451 1036 1533 1079 Sed
1553 1049 1586 1074 15

194 1096 261 1137 his
292 1096 459 1137 iudiciis
490 1096 599 1136 nihil
625 1096 758 1137 audeo
784 1096 1004 1137 confidere.
1066 1095 1188 1145 Quod
1221 1095 1324 1137 Cato
1355 1110 1441 1137 non
1466 1111 1534 1137 va—

194 1155 325 1209 lebat,
364 1155 500 1195 adhuc
533 1155 581 1195 de
619 1155 809 1209 pecuniis
841 1154 1083 1209 repetundis
1113 1169 1199 1196 non
1231 1157 1319 1195 erat
1349 1154 1534 1209 postula-

195 1217 273 1254 tus.
323 1213 552 1268 Pompeius
579 1228 603 1253 a
627 1228 693 1254 me
720 1213 839 1254 valde
873 1213 1089 1254 contendit
1122 1213 1171 1254 de
1203 1213 1340 1254 reditu
1372 1214 1417 1254 in
1441 1228 1534 1269 gra-

195 1273 319 1326 tiam,
360 1273 433 1313 sed
470 1272 606 1312 adhuc
642 1272 750 1312 nihil
786 1272 968 1326 profecit
1004 1286 1097 1327 nec,
1137 1272 1172 1312 si
1209 1272 1339 1312 ullam
1370 1275 1533 1326 partem

194 1306 406 1372 libertatis
446 1331 616 1384 tenebo,
656 1331 860 1384 proficiet.
928 1330 1039 1371 Tuas
1055 1306 1234 1370 litteras
1264 1329 1560 1371 vehementer·
1553 1342 1586 1366 20

197 1392 404 1444 exspecto.
455 1388 577 1438 Quod
602 1389 751 1429 scribis
776 1392 818 1429 te
841 1389 1004 1429 audisse
1030 1389 1074 1428 in
1094 1388 1412 1429 candidatorum
1438 1402 1532 1429 con-

196 1448 400 1488 sularium
432 1448 615 1488 coitione
646 1462 713 1488 me
745 1447 1003 1500 interfuisse,
1034 1446 1078 1487 id
1109 1447 1261 1487 falsum
1293 1449 1366 1487 est.
1427 1445 1532 1488 Eius

195 1506 311 1547 modi
343 1506 455 1547 enim
492 1506 707 1560 pactiones
745 1506 789 1546 in
821 1520 868 1546 93
899 1505 1081 1546 coitione
1118 1505 1251 1546 factae
1283 1507 1398 1558 sunt,
1430 1519 1534 1559 quas

195 1568 343 1619 postea
379 1564 605 1605 Memmius
646 1564 865 1619 patefecit,
909 1566 956 1604 ut
993 1578 1116 1604 nemo
1157 1563 1292 1604 bonus
1333 1563 1533 1605 interesse

198 1623 410 1677 debuerit,
452 1626 492 1663 et
530 1623 656 1664 simul
692 1623 798 1663 mihi
836 1622 1185 1663 committendum
1222 1636 1308 1663 non
1344 1622 1446 1676 fuit,
1485 1625 1533 1663 ut
1552 1632 1586 1658 25

196 1683 249 1723 iis
287 1682 545 1723 coitionibus
583 1682 847 1735 interessem,
890 1681 1043 1735 quibus
1079 1681 1259 1722 Messala
1298 1680 1533 1722 excludere-

196 1745 276 1781 tur.
340 1740 417 1781 Cui
456 1740 627 1794 quidem
659 1740 929 1781 vehementer
966 1740 1067 1781 satis
1104 1739 1212 1780 facio
1245 1739 1370 1780 rebus
1401 1739 1534 1780 omni—

196 1800 287 1854 bus,
319 1802 366 1840 ut
398 1799 600 1853 arbitror,
633 1799 760 1839 etiam
791 1799 1003 1840 Memmio.
1064 1797 1255 1839 Domitio
1287 1797 1369 1851 ipsi
1399 1797 1535 1838 multa

196 1859 281 1899 iam
321 1858 421 1912 feci,
467 1872 572 1912 quae
610 1858 746 1898 voluit
788 1872 976 1911 quaeque
1017 1872 1039 1897 a
1079 1871 1145 1897 me
1185 1856 1347 1910 petivit.
1410 1854 1534 1898 Scau-

197 1932 290 1957 rum
322 1917 526 1958 beneficio
560 1916 814 1957 defensionis
845 1916 965 1956 valde
1003 1915 1200 1971 obligavi.
1262 1914 1414 1955 Adhuc
1445 1916 1533 1955 erat
1552 1924 1586 1949 30

195 1975 316 2017 valde
349 1975 574 2029 incertum,
606 1978 648 2016 et
681 1974 846 2028 quando
880 1974 1050 2015 comitia
1083 1977 1123 2038 et
1156 1973 1226 2027 qui
1256 1973 1446 2014 consules
1471 1972 1533 2013 fu-

196 2034 282 2075 turi
314 2036 462 2074 essent.

287 2090 392 2133 Cum
423 2092 532 2132 hanc
564 2092 647 2133 iam
679 2091 901 2146 epistola-m
934 2090 1241 2145 complicarem,
1273 2087 1483 2129 tabellarii
1509 2102 1534 2128 a

196 2151 318 2192 vobis
349 2153 555 2192 venerunt
587 2166 620 2191 a
654 2150 689 2190 d.
721 2162 769 2190 XI
801 2149 850 2190 K.
889 2150 918 2202 †
956 2149 1179 2203 septembr.
1218 2147 1416 2188 vicesimo
1455 2145 1532 2187 die.

197 2208 230 2250 O
262 2223 329 2250 me
362 2209 608 2250 sollicitum!
651 2211 855 2262 quantum
888 2222 966 2263 ego
999 2207 1114 2248 dolui
1147 2207 1191 2247 in
1223 2204 1411 2246 Caesaris
1442 2218 1533 2245 sua·
1551 2215 1585 2241 35

195 2268 379 2308 vissimis
404 2268 575 2308 litteris!
618 2266 710 2320 Sed,
744 2281 827 2321 quo
854 2269 973 2307 erant
998 2265 1222 2319 suaviores,
1255 2277 1303 2305 eo
1328 2263 1539 2304 maiorem.

197 2325 384 2366 dolorem
416 2326 531 2367 illius
562 2326 633 2367 ille
666 2340 783 2366 casus
815 2324 1040 2366 adferebat.
1091 2323 1173 2365 Sed
1204 2321 1256 2363 ad
1285 2324 1379 2363 tuas
1409 2321 1532 2362 venio
