1659 2552
152 121 154 124 ,
194 83 278 124 538
702 79 1039 115 EPISTULARUM

151 894 170 924 Ν)

705 222 818 264 XIV.
859 221 958 277 [XV
972 222 1030 277 b.]

495 304 568 339 Ser.
597 304 733 338 Romae
757 315 802 338 m.
834 303 956 348 Quint.
983 315 1016 338 (ι.
1043 305 1116 337 700
1142 304 1231 346 (54).

379 385 599 422 MARCUS
626 385 825 430 QUINTO
852 384 1061 420 FRATRI
1081 383 1348 419 SALUTEM.

286 470 457 512 Calamo
491 473 531 510 et
558 471 793 509 atramento
826 472 1073 523 temperato,
1106 468 1251 509 charta
1282 468 1409 509 etiam
1441 467 1538 509 den-

195 533 285 572 tata
316 545 381 571 res
415 532 573 585 agetur.
636 527 796 568 Scribis
829 528 941 568 enim
978 531 1020 568 te
1060 542 1174 568 meas
1214 527 1378 568 litteras
1418 541 1537 581 supe·
1574 538 1587 562 ι·

195 589 328 630 riores
366 589 437 629 vix
474 588 614 643 legere
651 587 857 641 potuisse3
905 587 949 627 in
993 600 1076 641 quo
1119 586 1228 626 nihil
1271 599 1434 640 eorum,
1477 585 1537 626 mi

195 650 342 701 frater,
374 647 473 700 fuit,
506 660 611 699 quae
642 648 776 700 putas.
838 645 987 699 Neque
1019 645 1131 685 enim
1164 647 1392 699 occupatus
1423 658 1538 685 eram

195 722 330 760 neque
361 705 634 760 perturbatus
659 718 735 745 nec
762 704 895 744 iratus
921 704 1058 758 alicui,
1090 703 1162 744 sed
1192 703 1274 744 hoc
1298 703 1407 744 facio
1433 717 1538 744 sem-

195 780 282 820 per,
314 768 372 819 ut,
405 764 659 819 quicumque
686 763 869 804 calamus
895 763 939 803 in
964 777 1113 803 manus
1141 776 1256 803 meas
1281 762 1456 817 venerit,
1488 775 1537 803 eo

197 825 255 865 sic
287 827 383 864 utar
412 826 630 876 tamquam
662 822 785 863 bono.
1557 834 1591 858 10

286 882 446 923 Verum
466 881 634 922 attende
653 895 777 935 nunc,
802 880 860 921 mi
882 880 1042 934 optime
1062 882 1103 920 et
1123 879 1370 920 suavissime
1395 879 1538 934 frater,

198 942 250 983 ad
270 956 317 982 ea
338 942 437 982 dum
457 940 655 994 rescribo,
681 954 787 994 quae
813 943 859 980 tu
883 939 926 979 in
945 939 1024 979 hac
1044 938 1188 979 eadem
1215 938 1333 979 brevi
1359 937 1540 992 epistola

197 1007 506 1055 πραγματικῶς
543 999 663 1039 valde
701 998 918 1052 scripsisti.
980 997 1043 1038 De
1077 1011 1159 1051 quo
1194 997 1303 1051 petis
1336 1000 1381 1037 ut
1413 997 1467 1037 ad
1496 999 1539 1038 te

197 1060 307 1100 nihil
339 1059 570 1112 occultans,
601 1057 710 1098 nihil
742 1057 1031 1110 dissimulans,
1062 1056 1171 1096 nihil
1202 1056 1283 1096 tibi
1314 1055 1540 1111 indulgens

197 1119 380 1174 genuine
405 1118 673 1171 fraterneque
699 1116 938 1169 rescribam,
965 1115 1008 1155 id
1033 1118 1106 1168 est,
1133 1118 1276 1155 utrum
1301 1115 1331 1167 †
1350 1114 1466 1156 voles
1491 1117 1539 1155 ut
1558 1126 1593 1151 15

200 1178 430 1218 dixerimus
461 1176 514 1217 ad
539 1175 844 1230 expediendum
876 1178 929 1229 te,
962 1175 995 1214 si
1023 1188 1145 1214 causa
1171 1174 1237 1228 sit,
1269 1187 1538 1214 commorere.

200 1236 257 1290 Si,
288 1237 347 1276 mi
380 1235 546 1288 Quinte,
577 1249 707 1289 parva
738 1234 879 1288 aliqua
910 1247 976 1274 res
1008 1235 1135 1286 esset,
1168 1233 1212 1273 in
1244 1247 1325 1286 qua
1357 1231 1540 1272 sciscita-

199 1310 290 1336 rere
323 1295 425 1349 quid
456 1294 626 1347 vellem,
658 1296 817 1346 tamen,
849 1306 944 1333 cum
975 1292 1068 1332 tibi‘
1087 1291 1368 1345 permissurus
1394 1304 1539 1344 essem,

200 1357 247 1394 ut
266 1354 435 1406 faceres,
456 1353 570 1406 quod
588 1352 728 1405 velles,
749 1365 827 1405 ego
849 1351 936 1404 ipse
957 1350 1060 1404 quid
1078 1350 1242 1403 vellem,
1263 1349 1538 1390 ostenderem.

199 1411 249 1452 In
280 1412 359 1452 hac
384 1426 483 1452 vero
509 1426 553 1451 re
584 1411 666 1451 hoc
695 1411 885 1464 profecto
912 1408 1089 1462 quaeriS‚
1121 1408 1239 1448 cuius
1269 1407 1384 1448 modi
1417 1407 1539 1448 illum
1558 1420 1592 1445 20

200 1486 369 1524 annum,
403 1470 474 1523 qui
501 1469 704 1522 sequitur,
730 1470 956 1521 expectem.
1007 1466 1136 1507 Plane
1163 1470 1235 1506 aut
1260 1465 1540 1520 tranquillum

200 1529 324 1570 nobis
368 1532 439 1569 aut
483 1531 594 1568 certe
633 1526 986 1578 munitissimum,
1031 1525 1144 1579 quod
1187 1525 1340 1566 cotidie
1379 1525 1541 1579 domus,

201 1588 314 1642 quod
341 1588 493 1641 forum,
527 1586 640 1640 quod
664 1585 819 1626 theatri
846 1584 1176 1639 significationes
1203 1584 1432 1638 declarant3
1463 1597 1541 1624 nec

200 1648 229 1700 ’ξ-
254 1647 462 1699 laborant,
494 1645 608 1699 quod
638 1659 731 1685 mea
757 1643 1011 1684 conscientia
1045 1643 1261 1697 copiarum
1286 1645 1540 1697 nostrarum,

201 1706 314 1760 quod
354 1704 559 1758 Caesaris,
604 1703 718 1757 quod
754 1702 929 1756 Pompei
967 1702 1149 1757 gratiam
1186 1705 1394 1755 tenemus,
1436 1701 1541 1742 haec
1559 1713 1593 1738 25

201 1780 279 1818 me,
311 1768 357 1805 ut
391 1763 610 1816 confidam,
642 1762 812 1802 faciunt.
847 1760 920 1801 Sin
953 1761 1106 1814 aliquis
1138 1763 1330 1814 erumpet
1361 1759 1540 1801 amentis

200 1823 386 1864 hominis
407 1823 536 1876 furor,
569 1821 709 1862 omnia
730 1823 827 1861 sunt
848 1820 900 1860 ad
919 1834 1013 1860 eum
1035 1819 1313 1874 frangendum
1334 1818 1539 1873 expedita.

201 1882 316 1922 Haec
348 1882 407 1922 ita
440 1881 593 1934 sentio,
631 1879 788 1933 iudico,
820 1879 872 1919 ad
904 1881 944 1919 te
977 1878 1192 1932 explorate
1224 1877 1384 1931 scribo3
1422 1877 1541 1918 dubi-

201 1944 290 1982 tare
322 1943 363 1981 te
395 1954 481 1980 non
507 1938 800 1991 adsentatorie,
832 1937 903 1978 sed
929 1937 1112 1977 fraterne
1138 1939 1246 1977 veto.
1289 1935 1425 1984 Quare
1451 1949 1541 1976 sua-

201 2000 346 2040 vitatis
378 1998 573 2052 equidem
604 1999 771 2037 nostrae
804 1995 1003 2036 fruendae
1035 2009 1157 2036 causa
1190 2009 1384 2049 cuperem
1415 1996 1457 2035 te
1489 1993 1542 2034 ad
1560 2007 1594 2031 30

201 2058 244 2098 id
275 2061 442 2111 tempus
468 2057 622 2110 venire,
656 2055 769 2110 quod
797 2054 973 2106 dixeras,
1005 2054 1077 2094 sed
1108 2053 1214 2094 illud
1244 2053 1355 2094 malo
1387 2055 1541 2106 tamen,

202 2117 316 2170 quod
358 2118 481 2170 putas
519 2115 654 2169 magis
686 2128 707 2154 e
740 2128 783 2153 re
814 2116 897 2153 tua.
959 2111 1070 2153 Nam
1114 2112 1187 2152 illa-
1230 2112 1356 2152 etiam
1396 2111 1541 2167 magni

201 2178 403 2228 aestumo,
430 2174 708 2228 ἀμφιλαφίαν
734 2172 850 2212 illam
876 2175 992 2211 tuam
1013 2174 1054 2212 et
1079 2171 1402 2224 explicationem
1429 2170 1542 2210 debi-

201 2237 342 2274 torum
381 2236 563 2273 tuorum.
626 2231 737 2272 Illud
775 2229 944 2284 quidem
977 2229 1036 2269 sic
1067 2229 1240 2282 habeto,
1278 2228 1386 2268 nihil
1417 2228 1562 2279 nobis⁴

201 2291 420 2345 expeditis,
453 2291 487 2331 si
520 2290 765 2342 valebimus,
797 2290 886 2329 fore
918 2288 1186 2328 fortunatius.
1559 2298 1594 2324 35
