1659 2552
150 84 238 126 390
648 85 990 121 EPISTULARUM

105 192 124 223 2
151 195 229 222 nos
261 182 303 222 et
335 182 492 235 quanta
525 181 778 222 coniunctio.
840 180 945 222 Peto
978 181 1113 236 igitur
1144 195 1168 222 a
1199 183 1240 222 te
1272 183 1392 223 tanto
1425 181 1501 223 sci-

151 240 252 281 licet
289 240 449 295 studio,
491 243 649 294 quanto
691 240 904 295 intellegis
946 240 1097 281 debere
1134 254 1202 281 me
1242 243 1386 295 petere
1422 255 1500 295 pro

152 298 326 340 homine
356 301 444 340 tam
475 299 582 340 mihi
614 299 850 339 necessario
883 301 925 339 et
957 301 1044 339 tam
1077 299 1295 353 familiari,
1332 302 1380 340 ut
1411 300 1501 341 eius

152 358 345 414 negotia,
385 372 491 412 quae
531 360 629 398 sunt
666 357 711 398 in
742 357 905 398 Achaia
942 371 993 398 ex
1032 371 1101 412 eo,
1140 357 1254 412 quod
1284 358 1406 400 heres
1438 361 1501 399 est

152 416 208 458 M.
241 416 418 471 Mindio,
449 416 571 457 fratri
605 430 693 471 suo,
728 417 801 470 qui
833 415 904 457 Eli
935 417 1178 472 negotiatus
1211 420 1286 472 est,
1317 417 1501 472 explices
1538 430 1553 454 5

153 478 196 516 et
233 476 431 530 expedias
469 489 564 516 cum
602 475 694 516 iure
726 478 767 516 et
798 478 1025 529 potestate,
1065 490 1191 530 quam
1223 475 1370 531 habes,
1409 478 1501 517 tum

154 534 282 576 etiam
309 535 561 575 auctoritate
587 536 628 575 et
648 534 825 575 consilio
851 537 936 575 tuo.
989 533 1059 575 Sic
1090 534 1203 576 enim
1234 535 1502 590 praescripsi-

152 608 247 634 mus
285 594 354 647 iis,
393 593 547 647 quibus
585 607 633 634 ea
670 593 842 649 negotia
872 593 1184 648 mandavimus,
1224 596 1272 635 ut
1305 594 1502 635 omnibus

154 652 199 693 in
231 652 375 707 rebus,
417 666 523 706 quae
560 651 605 692 in
643 652 830 706 aliquam
868 653 1200 694 controversiam
1237 656 1501 707 vocarentur,

153 713 196 752 te
228 711 390 752 arbitro
423 714 476 766 et,
508 710 623 767 quod
660 711 882 752 commodo
920 714 994 752 tuo
1026 711 1119 752 fieri
1150 714 1310 766 posset,
1347 714 1390 753 te
1422 711 1502 753 djs-
1522 724 1555 749 10

156 772 371 824 ceptatore
408 772 639 811 uterentur.
701 768 752 810 Id
788 772 835 811 ut
871 770 1048 811 honoris
1084 771 1168 811 mei
1208 784 1331 812 causa
1374 771 1501 812 susci-

107 840 128 871 3
154 829 258 883 pias,
290 830 507 870 vementer
536 831 578 870 te
611 829 739 870 etiam
771 832 897 883 atque
930 829 1059 870 etiam
1090 843 1207 885 rogo.
1247 828 1361 870 Illud
1385 844 1502 884 prae-

154 891 280 942 terea,
313 888 348 928 si
373 902 460 929 non
486 887 670 928 alienum
696 891 769 928 tua
790 888 997 943 dignitate
1023 888 1195 943 putabis
1221 902 1322 944 esse,
1353 888 1502 930 feceris

154 946 261 987 mihi
292 949 552 1003 pergratum,
584 947 621 987 si
653 947 725 1001 qui
759 946 1020 988 djffioiliores
1046 950 1181 1001 erunt,
1213 950 1261 988 ut
1291 961 1381 989 rem
1412 947 1503 988 sine

155 1006 444 1047 controversia
477 1005 627 1047 confici
657 1006 808 1060 nolint,
845 1006 879 1046 si
911 1020 994 1059 eos,
1026 1006 1228 1060 quoniam
1260 1020 1356 1047 cum
1386 1020 1502 1048 sena·
1522 1018 1554 1042 15

154 1067 246 1105 tore
279 1079 345 1106 res
377 1067 451 1119 est,
483 1064 665 1106 Romam
697 1065 901 1106 reieceris.
964 1064 1087 1114 Quod
1118 1080 1202 1120 quo
1233 1065 1398 1106 minore
1430 1065 1502 1107 du-

155 1123 364 1165 bitatione
407 1124 545 1165 facere
587 1138 753 1178 posses,
796 1124 961 1165 litteras
1005 1124 1058 1164 ad
1100 1127 1141 1165 te
1183 1139 1206 1165 a
1245 1123 1302 1165 M.
1339 1123 1502 1179 Lepido

156 1182 343 1237 consule,
375 1197 462 1224 non
495 1197 601 1237 quae
632 1185 674 1224 te
706 1183 868 1237 aliquid
900 1183 1095 1224 iuberent
1127 1182 1282 1239 (neque
1315 1183 1428 1224 enim
1459 1183 1504 1224 id

154 1243 252 1282 tuae
294 1242 516 1297 dignitatis
556 1256 645 1283 esse
689 1240 987 1298 arbitramur),
1031 1242 1104 1283 sed
1148 1241 1331 1296 quodam
1374 1241 1502 1284 modo

107 1311 129 1340 4
156 1301 277 1354 quasi
321 1300 691 1342 commendaticias
735 1300 1002 1355 sumpsimus
1070 1299 1330 1355 Scriberem,
1375 1315 1501 1354 quam
1522 1312 1555 1336 20

154 1359 198 1400 id
238 1359 492 1400 beneficium
534 1359 641 1400 bene
679 1359 792 1413 apud
827 1359 1080 1400 Mescinium
1119 1359 1336 1413 positurus
1380 1373 1501 1413 esses,

153 1418 237 1458 nisi
263 1421 304 1458 et
330 1420 371 1459 te
404 1419 509 1459 scire
536 1418 791 1458 confiderem
823 1420 864 1458 et
894 1417 1001 1458 mihi
1032 1420 1231 1472 peterem.
1293 1416 1364 1459 Sic
1389 1418 1502 1459 enim

153 1476 282 1517 velim
321 1477 554 1531 existimes,
591 1491 678 1518 non
715 1477 856 1517 minus
892 1491 960 1531 me
993 1476 1042 1517 de
1080 1476 1195 1517 illius
1227 1491 1271 1517 re
1308 1476 1501 1518 laborare

155 1550 283 1589 quam
314 1536 454 1589 ipsum
487 1535 536 1576 de
569 1549 653 1576 sua.
717 1533 800 1576 Sed
826 1549 921 1576 cum
953 1535 1075 1575 illum
1107 1535 1256 1576 studeo
1285 1550 1412 1590 quam
1444 1536 1502 1576 fa-

155 1593 311 1634 cillime
350 1594 404 1635 ad
439 1609 563 1635 suum
599 1594 819 1649 pervenire
857 1596 949 1634 tum
990 1594 1097 1634 illud
1127 1594 1296 1648 laboro,
1337 1596 1385 1635 ut
1415 1608 1502 1636 non
1521 1606 1553 1630 2⁵

153 1653 380 1694 minimum
415 1652 497 1694 hac
532 1667 626 1694 mea
658 1653 1023 1694 commendatione
1061 1667 1104 1694 se
1136 1656 1409 1694 consecutum
1440 1668 1503 1694 ar-

153 1711 350 1753 bitretur.

739 1815 916 1859 XXVII.

437 1898 512 1933 Ser.
540 1899 688 1941 Romae,
713 1903 755 1933 ut
779 1898 932 1941 videtur,
962 1910 995 1933 α.
1025 1901 1098 1933 ’708
1126 1899 1216 1942 (46).

612 1978 780 2014 CICERO
809 1979 980 2014 SERVIO
1009 1979 1042 2015 S.
1521 1993 1555 2018 30

109 2075 125 2105 1
242 2063 362 2106 Licet
403 2064 552 2106 eodem
596 2064 789 2119 exemplo
834 2064 1000 2118 saepius
1041 2063 1122 2105 tibi
1165 2063 1292 2104 huius
1335 2062 1503 2118 generis

153 2122 319 2164 litteras
356 2124 543 2177 mittam,
585 2137 680 2164 cum
718 2123 878 2179 gratias
916 2137 1060 2178 agam,
1102 2122 1216 2177 quod
1246 2135 1360 2162 meas
1392 2135 1503 2162 com-

154 2182 446 2223 mendationes
473 2185 561 2223 tam
589 2182 816 2237 diligenter
843 2181 1040 2223 observes
1073 2179 1207 2236 (quod
1231 2179 1312 2221 feci
1338 2179 1382 2220 in
1407 2180 1502 2221 aliis

155 2244 195 2279 et
228 2240 398 2295 faciam,
437 2243 484 2282 ut
514 2240 656 2293 video,
694 2239 897 2295 saepius),
939 2240 1012 2282 sed
1042 2242 1184 2280 tamen
1215 2252 1300 2279 non
1332 2252 1503 2292 parcam

155 2312 306 2352 operae
339 2302 400 2355 et,
440 2302 487 2341 ut
518 2314 593 2340 vos
631 2299 776 2340 soletis
808 2299 851 2340 in
889 2298 1101 2353 formulis,
1139 2298 1199 2338 sic
1230 2311 1309 2353 ego
1342 2297 1385 2337 in
1418 2298 1502 2352 epi·
1521 2307 1555 2334 35
