1659 2552
145 1151 160 1180 1

665 641 806 676 LIBER
838 640 1062 683 QUARTUS

276 727 379 769 AD.
412 726 551 769 SER.
583 724 965 768 SULPICIUM
1002 724 1086 767 ΕΤ
1120 724 1443 767 CETEROS.

845 841 877 884 Ι.

257 925 330 960 Scr.
357 925 398 959 in
421 925 570 959 Laterio
596 929 661 959 aut
687 923 836 959 Arcano
866 924 904 969 Q.
935 924 1116 959 Ciceronis
1140 925 1222 958 cire.
1249 923 1345 958 Non.
1374 924 1465 969 Apr.

737 984 770 1006 a.
800 974 870 1005 705
900 973 990 1015 (49).
1568 984 1585 1010 5
1637 1012 1640 1023 γ

482 1053 531 1088 Μ.
560 1052 728 1088 CICERO
756 1052 789 1087 S.
816 1052 859 1087 D.
888 1052 986 1087 SER.
1015 1052 1239 1088 SULPICIO.

281 1137 322 1178 C.
351 1137 588 1191 Trebatius,
620 1137 842 1178 familiaris
874 1151 1004 1191 meus,
1035 1137 1088 1178 ad
1118 1151 1185 1178 me
1217 1137 1386 1192 scripsit
1412 1139 1454 1179 te
1480 1151 1531 1179 ex

191 1212 233 1237 se
255 1197 477 1251 quaesisse,
510 1196 664 1250 quibus
690 1196 734 1236 in
759 1195 863 1236 locis
887 1210 1032 1250 essem,
1056 1196 1318 1250 molesteque
1343 1198 1385 1238 te
1410 1196 1531 1251 ferre,

191 1256 305 1309 quod
335 1270 402 1296 me
439 1257 615 1310 propter
652 1254 938 1295 valetudinem
974 1257 1111 1309 tuam,
1153 1268 1248 1295 cum
1289 1254 1342 1295 ad
1381 1254 1530 1297 urbem

190 1314 467 1368 accessissem,
499 1328 585 1354 non
616 1313 804 1367 vidisses,
837 1315 879 1353 et
909 1312 991 1354 hoc
1021 1316 1211 1367 tempore
1236 1313 1344 1354 velle
1374 1316 1416 1354 te
1446 1327 1531 1355 me·
1551 1327 1584 1351 10

190 1387 302 1427 cum,
341 1373 375 1413 si
412 1372 588 1427 propius
625 1372 911 1426 accessissem,
953 1372 1003 1412 de
1035 1372 1176 1413 officio
1208 1372 1428 1426 utriusque
1458 1386 1531 1414 110-

188 1434 325 1472 strum
358 1431 678 1472 communicare.
739 1429 933 1483 Utinam,
973 1429 1104 1484 Servi,
1137 1430 1263 1471 salvis
1295 1430 1420 1472 rebus
1452 1429 1532 1487 (sic

190 1490 302 1531 enim
343 1492 405 1530 est
447 1487 687 1544 dicendum)
732 1489 929 1543 conloqui
967 1489 1250 1543 potuissemus
1288 1489 1399 1530 inter
1435 1491 1529 1531 nos!

186 1550 378 1603 profecto
411 1548 572 1602 aliquid
604 1547 695 1601 opis
728 1547 935 1588 occidenti
966 1547 1027 1588 rei
1048 1547 1251 1607 publicae
1276 1547 1530 1590 tulissemus.

190 1607 430 1663 Cognoram
468 1607 579 1648 enim
621 1606 704 1646 iam
737 1606 886 1647 absens
918 1608 960 1647 te
991 1601 1094 1647 haec
1124 1606 1236 1647 mala
1265 1607 1401 1648 multo
1433 1609 1530 1649 ante
1550 1618 1583 1644 15
1638 1627 1639 1633 ¹

187 1666 481 1721 providentem
520 1666 782 1706 defensorem
818 1665 933 1719 pacis
971 1667 1012 1705 et
1049 1665 1093 1705 in
1132 1665 1351 1706 consulatu
1382 1667 1457 1708 tuo
1489 1668 1531 1708 et

187 1728 284 1780 post
305 1725 569 1766 consulatum
594 1724 741 1778 fuisse3
774 1738 852 1780 ego
873 1726 1025 1778 autem,
1052 1738 1146 1764 cum
1167 1724 1390 1765 consilium
1408 1727 1530 1766 tuum

187 1784 414 1839 probarem
455 1785 496 1824 et
537 1783 648 1824 idem
689 1783 778 1836 ipse
826 1782 1045 1837 sentirem,
1089 1783 1198 1823 nihil
1236 1783 1556 1838 proficiebam3-

187 1857 280 1884 sero
314 1842 425 1883 0111111
457 1856 665 1895 veneram,
697 1841 811 1881 solus
843 1856 975 1895 eram,
1014 1841 1130 1882 rudis
1162 1856 1250 1883 esse
1281 1842 1455 1883 videbar
1485 1842 1529 1883 in

188 1916 322 1956 causa,
356 1901 584 1942 incideram
616 1900 659 1941 in
691 1900 913 1941 hominum
944 1900 1161 1955 pugnandi
1188 1900 1437 1955 cupidorum
1468 1900 1528 1941 in-
1548 1912 1581 1937 20
1640 1895 1642 1902 X

187 1961 334 2001 sanias.
395 1959 540 2013 Nunc,
583 1959 782 2014 quoniam
822 1959 931 1999 nihil
972 1959 1055 2000 iam
1095 1959 1288 2000 videmur
1328 1958 1528 2013 opitulari

185 2034 308 2074 posse
340 2019 400 2059 rei
432 2019 636 2073 publicae,
669 2018 704 2058 si
737 2018 839 2072 quid
870 2020 950 2071 est,
992 2017 1036 2058 in
1068 2032 1151 2072 quo
1183 2017 1395 2058 nobismet
1426 2017 1528 2072 ipsis

188 2078 403 2119 consulere
440 2078 668 2132 possimus,
705 2090 790 2117 non
830 2079 877 2116 ut
915 2076 1076 2130 aliquid
1113 2091 1164 2117 ex
1201 2075 1382 2130 pristino
1414 2078 1527 2117 statu

185 2140 331 2177 nostro
358 2137 625 2190 retineamus,
651 2135 724 2176 sed
749 2138 796 2176 ut
823 2149 948 2189 quam
974 2134 1269 2176 honestissime
1295 2134 1527 2190 lugeamus,

186 2209 308 2236 nemo
347 2198 409 2236 est
449 2195 658 2248 omnium,
700 2193 870 2248 quicum
910 2193 1052 2258 potius
1089 2192 1195 2233 mihi
1227 2207 1354 2246 quam
1386 2196 1526 2234 tecum
1546 2204 1579 2230 25

186 2254 581 2294 communicandum
612 2255 775 2307 putem·
807 2266 883 2293 nec
914 2251 1026 2292 enim
1059 2251 1389 2292 clarissimorum
1415 2252 1525 2293 viro-

185 2326 296 2364 rum,
341 2327 521 2365 quoium
565 2311 723 2352 similes
767 2325 854 2351 esse
899 2309 1114 2355 debemus
1159 2309 1351 2364 exempla
1388 2325 1524 2365 neque
