1659 2552
180 75 267 116 474
681 76 1020 111 EPISTULARUM

793 217 908 259 VIII.

247 298 319 334 Ser.
353 299 395 333 in
421 298 625 344 Campania
652 299 704 333 vel
729 310 781 333 επ.
808 310 852 333 m.
879 299 962 333 Ian.
988 300 1042 334 vel
1068 298 1172 334 Febr.
1201 311 1232 334 α.
1263 302 1333 335 705
1361 302 1451 344 (49).

576 380 615 421 Q.
645 380 812 415 CICERO
839 380 1005 415 TIRONI
1031 381 1064 415 S.
1091 380 1132 415 D.

268 463 447 520 Magnae
473 465 597 505 nobis
627 467 689 505 est
721 464 998 505 sollicitudini
1024 464 1221 506 valetudo
1254 468 1337 506 tua.
1398 465 1522 519 Nam,

180 523 365 577 tametsi,
410 523 480 577 qui
526 523 718 577 veniunt,
762 523 977 564 ἀκίνδυνα
1021 523 1119 577 μέν,
1164 525 1430 579 χρονιώτερα
1474 522 1522 566 δὲ
1559 538 1574 563 5

179 581 398 635 nuntiant,
439 584 581 622 tamen
622 582 665 622 111
706 596 859 637 magna
901 581 1187 623 consolatione
1227 583 1375 639 ingens
1414 583 1522 624 inest

181 640 439 694 sollicitudo,
484 641 517 680 si
564 641 722 681 diutius
764 656 787 680 a
829 640 953 681 nobis
993 641 1189 681 afuturus
1227 656 1286 696 es,
1331 642 1366 682 is
1404 642 1522 683 cuius

179 713 301 739 usum
335 703 375 739 et
408 699 659 740 suavitatem
691 699 965 740 desiderando
998 700 1212 740 sentimus.
1274 700 1337 741 Ac
1369 703 1522 755 tamen,

180 772 436 811 quamquam
467 758 609 799 videre
640 761 682 799 te
713 761 804 799 tota
836 758 1093 813 cogitatione
1126 759 1266 813 cupio,
1307 762 1448 800 tamen
1479 762 1521 800 te

178 817 347 870 penitus
387 831 514 872 rogo⁷
554 832 606 858 ne
645 820 688 858 te
727 819 814 857 tam
855 817 1006 873 longae
1046 817 1308 873 navigationi
1350 821 1391 859 et
1429 818 1521 859 viae
1542 832 1574 857 10

178 890 253 929 per
284 875 467 916 hiemem
492 875 574 916 nisi
606 876 712 917 bene
743 877 914 916 firmum
946 876 1185 917 committas
1211 891 1315 917 neve
1346 877 1520 932 naviges

179 934 261 974 nisi
300 935 527 988 explorate.
590 933 675 975 Vix
713 935 756 975 in
798 935 899 988 ipsis
937 935 1060 975 tectis
1099 937 1140 975 et
1178 935 1345 989 oppidis
1385 935 1521 991 frigus

180 992 348 1033 infirma
385 993 626 1034 valetudine
662 993 838 1047 vitatur,
876 993 1031 1034 nedum
1067 993 1111 1033 in
1148 994 1256 1034 mari
1294 997 1335 1035 et
1366 994 1435 1035 via
1466 994 1522 1035 sit

179 1051 301 1092 facile
334 1052 479 1093 abesse
511 1052 563 1093 ab
597 1052 752 1093 iniuria
783 1052 997 1106 temporis.

356 1146 528 1199 εἓιῖῙῦχος
560 1143 607 1187 δὲ
640 1149 780 1202 λεπτῷ
812 1145 943 1200 χρωτὶ
975 1146 1330 1200 πολεμιώτατον’,
1541 1160 1573 1184 15

178 1226 318 1280 inquit
349 1226 593 1282 Euripides3
632 1228 697 1269 cui
730 1231 777 1269 tu
810 1231 1014 1282 quantum
1047 1228 1207 1281 credas,
1244 1227 1403 1282 nesci03
1441 1241 1519 1283 ego

179 1288 290 1326 certe
335 1286 524 1341 singulos
569 1287 657 1327 eius
700 1301 844 1327 versus
895 1286 1061 1341 singula
1106 1286 1232 1340 [eius]
1277 1286 1521 1327 testimonia

177 1347 293 1397 puto.
355 1344 507 1398 Effice,
549 1346 583 1385 si
624 1360 691 1386 me
730 1345 889 1401 diligis,
931 1348 978 1385 ut
1015 1345 1153 1385 valeas
1191 1347 1232 1385 et
1270 1347 1317 1384 ut
1354 1344 1406 1384 ad
1443 1358 1519 1385 nos

177 1403 325 1442 firmus
363 1417 409 1443 ac
447 1404 590 1444 valens
628 1419 754 1457 quam
791 1404 976 1457 primum
1009 1403 1161 1443 venias.
1222 1402 1332 1443 Ama
1369 1417 1446 1444 nos
1478 1406 1520 1444 et

176 1461 279 1501 vale.
343 1460 525 1510 Quintus
557 1462 583 1502 f.
616 1462 696 1502 tibi
729 1462 908 1502 salutem
940 1461 1052 1502 dicit.
1539 1476 1572 1501 κο

814 1612 884 1654 IX.

437 1693 509 1728 Ser.
538 1694 722 1728 Brundisi
747 1694 810 1727 11⁷
833 1694 879 1728 K.
907 1694 994 1729 Dec.
1023 1706 1054 1728 α.
1084 1696 1153 1728 704
1182 1697 1270 1737 (50).

354 1775 552 1810 TULLIUS
579 1775 639 1809 ET
667 1775 833 1810 CICERO
861 1775 1027 1810 TIRONI
1056 1775 1145 1810 SUO
1173 1775 1206 1810 S.
1233 1776 1271 1811 P.
1299 1776 1340 1810 D.

264 1870 355 1912 Nos
387 1886 410 1911 a
441 1874 494 1925 te,
526 1874 574 1911 ut
606 1871 698 1925 scis,
734 1871 1000 1912 discessimus
1032 1886 1065 1911 a.
1099 1871 1135 1911 d.
1168 1882 1235 1911 1111
1267 1870 1376 1911 Non.
1408 1869 1516 1911 Nov.

176 1928 411 1970 Leucadem
438 1930 629 1970 venimus
656 1944 689 1970 a.
718 1929 753 1969 d.
781 1941 861 1970 vm
887 1928 945 1969 Id.
972 1929 1093 1983 Now,
1120 1945 1152 1969 a.
1181 1929 1216 1969 d.
1243 1941 1307 1969 VII
1333 1929 1516 1969 Actium.
1537 1941 1570 1966 25

177 1986 242 2028 Ibi
284 1991 458 2042 propter
498 1990 793 2042 tempestatem
835 2003 868 2028 a.
908 1988 943 2028 d.
983 2000 1029 2028 ΥΙ
1066 1987 1319 2028 Id..morati
1362 2001 1516 2028 sumus.

176 2045 279 2087 Inde
305 2062 337 2087 a.
361 2047 396 2086 d.
423 2059 453 2086 V
478 2045 537 2087 Id.
566 2046 793 2100 Corcyram
820 2046 1049 2087 bellissime
1074 2046 1376 2101 navigavimus
1419 2044 1518 2086 Cor-

178 2119 300 2158 cyrae
332 2106 490 2146 fuimus
516 2120 648 2159 usque
675 2105 727 2145 ad
758 2120 791 2145 a.
820 2105 855 2144 d.
882 2116 961 2144 XVI
988 2104 1038 2145 K.
1064 2104 1161 2145 Dec.
1195 2104 1518 2157 tempestatibus

178 2164 341 2204 retenti.
392 2163 441 2204 A.
471 2163 505 2204 d.
536 2175 597 2203 XV
624 2163 673 2203 K.
708 2163 749 2203 in
782 2166 952 2216 portum
981 2162 1311 2216 Corcyraeorum
1343 2162 1394 2201 ad
1422 2162 1516 2203 Cas-

179 2222 323 2275 siopen
356 2222 491 2262 stadia-
523 2233 613 2262 CXX
651 2222 941 2275 processimus.
1003 2220 1068 2261 Ibi
1102 2221 1253 2261 retenti
1285 2221 1421 2260 ventis
1453 2235 1517 2262 su—
1537 2233 1570 2258 :30

178 2294 271 2319 111113
298 2295 429 2334 usque
456 2280 509 2321 ad
534 2295 566 2320 a.
590 2280 625 2320 d.
647 2292 745 2320 vnn
766 2280 815 2320 K.
860 2278 1036 2334 Interea,
1064 2279 1135 2333 qui
1163 2278 1311 2333 cupide
1337 2280 1518 2332 profecti
