1659 2552
395 86 460 120 AD
491 85 648 127 QUINT.
676 85 845 120 FRATR.
872 85 1013 119 LIBER
1038 85 1054 119 1
1080 89 1110 120 2.
1349 84 1431 125 511

93 183 147 223 sit
184 182 236 222 ad
272 180 392 223 Flavi
430 196 519 222 rem
557 184 600 223 et
637 181 690 222 ad
727 195 895 222 causam
933 180 1314 235 accommodatum3
1352 181 1436 221 fert

94 240 205 282 enim
247 240 435 295 graviter
474 240 602 281 homo
644 243 685 281 et
725 240 808 281 mei
850 239 1247 281 observantissimus
1289 242 1330 279 et
1370 239 1435 279 sui

93 300 197 340 iuris
230 299 533 354 dignitatisque
576 299 760 339 retinens
793 312 835 339 se
867 299 979 353 apud
1009 301 1050 339 te
1081 312 1217 352 neque
1249 297 1436 338 amicitia

93 372 168 399 1166
200 358 291 398 iure
324 358 521 411 valuisse,
561 361 618 411 et,
658 360 705 398 ut
738 357 905 411 opinor,
935 356 1055 398 Flavi
1087 357 1313 410 aliquando
1346 371 1435 396 rem

59 428 74 453 5
95 419 136 457 et
166 416 394 470 Pompeius
427 419 467 457 et
501 415 652 456 Caesar
683 416 762 457 tibi
796 415 1154 470 commendarunt,
1190 418 1231 456 et
1262 415 1352 469 ipse
1384 416 1436 455 ad

94 478 136 516 te
169 475 393 529 scripserat
423 474 594 515 Flavius
627 478 667 515 et
699 489 777 530 ego
810 477 931 515 certe.
994 473 1148 528 Quare,
1186 474 1221 514 si
1253 474 1339 514 ulla
1371 488 1436 514 res

96 536 175 588 est,
219 548 344 587 quam
382 533 462 574 tibi
500 549 566 573 me
603 536 772 587 petente
804 533 1038 574 faciendam
1074 535 1214 587 putes,
1254 532 1358 572 haec
1389 547 1437 572 ea

96 592 161 633 sit.
219 592 265 632 Si
296 606 362 632 1116
396 606 520 645 311133,
554 606 669 646 cura,
701 592 887 646 elabora,
918 592 1083 645 perfice,
1115 593 1162 632 ut
1192 591 1364 632 Flavius
1396 593 1436 631 et

95 650 176 691 tibi
209 653 250 691 et
281 650 388 691 mihi
421 665 547 704 quam
584 650 789 691 maximas
819 647 978 706 gratias
1011 652 1118 705 agat.
1179 649 1273 690 Hoc
1304 652 1346 690 te
1378 649 1437 690 ita

44 720 76 745 10
95 723 213 765 rogo,
246 711 293 749 ut
324 709 485 749 maiore
518 709 657 749 studio
690 724 838 765 rogare
869 723 953 749 non
985 709 1155 762 possim.

187 766 310 816 Quod
350 768 402 808 ad
441 782 508 808 me
551 768 599 808 de
637 767 812 808 Hermia
849 767 1015 822 scribis,
1056 767 1162 807 mihi
1198 766 1437 807 mehercule

95 826 217 867 valde
255 826 483 866 molestum
520 826 611 866 fuit.
673 826 856 867 Litteras
893 826 946 866 ad
981 828 1023 867 te
1063 840 1213 879 parum
1254 826 1437 866 fraterne

98 885 364 939 scripseram,
397 899 500 938 quas
526 885 715 925 oratione
741 884 929 939 Diodoti,
953 884 1120 925 Luculli
1145 884 1301 938 liberti,
1330 897 1439 925 com-

96 946 255 997 motus,
295 943 344 984 de
375 943 570 997 pactione
609 944 752 984 statim
784 943 897 997 quod
929 943 1160 998 audieram,
1198 942 1439 983 iracundius

45 1011 78 1037 15
99 1002 350 1056 scripseram
388 1004 429 1042 et
467 1016 663 1042 revocare
705 1002 936 1056 cupiebam.
996 1001 1110 1042 Huic
1148 1004 1196 1042 tu
1237 1001 1439 1055 epistolae

96 1075 183 1101 non
208 1061 391 1101 fraterne
419 1061 598 1114 scriptae
624 1061 807 1101 fraterne
834 1060 959 1101 debes
985 1060 1213 1116 ignoscere.
1251 1059 1314 1100 De
1337 1058 1439 1100 Cen-

98 1120 259 1173 sorino,
292 1118 501 1173 Antonio,
535 1118 707 1173 Cassiis,
748 1118 948 1160 Scaevola
978 1122 1020 1160 te
1052 1119 1104 1159 ab
1137 1118 1189 1159 iis
1221 1118 1360 1173 diligi,
1391 1120 1439 1158 ut

99 1178 264 1232 scribis,
296 1177 566 1218 vehementer
596 1178 770 1233 gaudeo.
834 1177 982 1218 Cetera
1015 1178 1187 1218 fuerunt
1219 1177 1263 1217 in
1295 1177 1440 1217 eadem

100 1236 281 1290 epistola
312 1236 526 1291 graviora,
565 1251 691 1289 quam
721 1237 892 1290 vellem,
936 1236 1096 1291 Ἥρθὰν
1126 1236 1206 1277 τὰν
1237 1236 1366 1277 ναῦν’
1399 1238 1440 1275 61

48 1305 81 1330 20
101 1293 228 1344 (ἅπαξ
260 1295 446 1335 «(111νεῖνῖ
496 1294 659 1335 Maiora
690 1295 771 1335 ista
803 1297 942 1349 erunt,
973 1309 1089 1335 meae
1123 1294 1440 1349 obiurgationes

100 1353 273 1394 fuerunt
315 1353 471 1393 amoris
513 1353 780 1407 plenissimae
823 1354 853 1406 ἦ·
894 1368 999 1407 quae
1044 1355 1142 1393 sunt
1184 1366 1269 1393 non
1313 1352 1441 1407 nulla,

101 1411 173 1452 sed
209 1413 351 1452 tamen
389 1412 617 1452 mediocria
656 1415 696 1453 et
733 1427 864 1467 parva
902 1412 1056 1466 pot-ius
1118 1411 1212 1467 Ego
1250 1414 1291 1452 te
1323 1426 1442 1452 num

102 1484 228 1523 quam
259 1470 346 1510 ulla
377 1470 422 1510 in
453 1485 497 1511 re
530 1471 705 1526 dignum
739 1471 916 1511 minima
947 1470 1271 1536 reprehensione
1302 1472 1443 1524 putas-

103 1542 203 1582 sem,
237 1542 331 1568 cum
363 1530 405 1569 16
438 1529 698 1570 sanctissime
730 1543 914 1585 gereres,
946 1529 1027 1569 nisi
1060 1528 1254 1569 inimicos
1284 1529 1443 1569 multos

52 1596 84 1621 25
103 1586 366 1627 haberemus
429 1586 542 1652 Quae
581 1588 633 1628 ad
669 1590 711 1628 te
749 1588 890 1641 aliqua
921 1602 1011 1628 cum
1051 1587 1338 1627 admonitione
1370 1590 1443 1627 aut

104 1644 400 1699 obiurgatione
438 1645 602 1699 scripsi,
644 1646 793 1700 scripsi
830 1648 1004 1699 piMoptei
1045 1645 1309 1701 diligentiam
1351 1659 1443 1685 cau-

102 1703 232 1744 tionis
264 1716 397 1756 meae,
435 1703 479 1743 in
512 1718 593 1757 qua
624 1706 665 1744 et
695 1718 845 1744 maneo
879 1707 920 1744 et
950 1703 1130 1744 manebo
1163 1706 1222 1758 et,
1252 1703 1365 1743 idem
1396 1706 1443 1743 ut

103 1762 243 1815 facias,
275 1775 361 1801 non
393 1761 590 1801 desistam
621 1776 781 1817 rogare.

191 1795 362 1860 Attalus
399 1819 685 1873 Hypaepenus
720 1834 885 1860 mecum
924 1820 1028 1875 egit,
1066 1822 1113 1860 ut
1151 1833 1193 1860 se
1225 1833 1277 1859 ne
1315 1819 1444 1872 impe-

52 1889 85 1914 30
107 1878 236 1931 dires,
278 1891 361 1931 quo
404 1878 564 1932 minus,
609 1878 722 1932 quod
761 1879 814 1918 ad
851 1877 896 1926 Q.
929 1878 958 1931 †
994 1877 1216 1918 Publiceni
1261 1879 1443 1917 statuam

107 1936 321 1976 decretum
353 1939 426 1989 est,
458 1939 713 1991 erogaretur.
775 1936 898 1985 Quod
928 1950 1006 1991 ego
1038 1939 1079 1976 te
1107 1939 1147 1976 et
1173 1950 1277 1991 rogo
1311 1938 1352 1976 et
1377 1935 1445 1976 ad-

105 2009 269 2048 moneo,
300 2008 352 2035 ne
383 1995 480 2035 talis
506 1995 587 2035 viri
618 1997 788 2049 tamque
819 1995 955 2035 nostri
986 1994 1209 2035 necessarii
1239 1994 1445 2034 honorem

105 2053 240 2093 minui
283 2067 359 2107 per
401 2056 443 2093 te
487 2056 558 2093 aut
602 2053 797 2107 impediri
837 2053 952 2094 velis.
1012 2053 1236 2093 Praeterea
1275 2051 1444 2106 Aesopi,

106 2111 241 2151 nostri
283 2111 484 2167 [tragedi]
524 2112 764 2165 familiaris,
804 2111 976 2152 Licinus
1014 2126 1157 2152 servus
1198 2111 1278 2151 tibi
1318 2112 1444 2151 notus

54 2179 87 2204 35
107 2169 283 2224 aufugit.
344 2168 386 2210 Is
425 2169 606 2210 Athenis
649 2171 760 2224 apud
798 2170 1026 2210 Patronem
1066 2169 1324 2224 Epicureum
1366 2183 1444 2222 pro

106 2227 241 2268 libero
266 2228 365 2283 fuit,
397 2228 493 2268 inde
518 2228 562 2268 in
587 2227 734 2268 Asiam
759 2229 885 2269 venit.
945 2227 1099 2268 Postea
1123 2228 1245 2268 Plato
1273 2227 1444 2281 quidam

108 2284 351 2341 Sardianus,
383 2286 632 2340 EpicureUS,
671 2287 742 2340 qui
774 2286 954 2327 Athenis
992 2287 1098 2327 solet
1130 2301 1217 2327 esse
1248 2286 1446 2339 multum,

1467 1070 1510 1100 13

1473 1829 1515 1860 14
