1659 2552
74 758 107 782 10

72 1144 106 1169 15

71 1461 107 1486 20

74 1751 109 1776 25

75 2043 110 2068 30

586 122 727 156 LIBER
752 123 819 157 VH
847 127 994 158 17—19.
1392 127 1471 167 187

129 219 250 258 turus
281 231 424 258 mense
456 215 607 272 Aprili.
658 217 746 258 Has
778 218 942 259 litteras
973 219 1121 274 scripsi
1156 220 1199 260 in
1231 220 1472 276 Pomptino,

129 290 224 317 cum
256 276 308 316 ad
339 276 483 316 villam
516 275 571 316 M.
604 276 761 317 Aemili
793 277 1054 318 Philemonis
1093 278 1383 334 devertissem,
1422 295 1472 321 ex

129 349 211 389 qua
243 335 326 375 iam
359 335 573 376 audieram
612 336 829 376 fremitum
868 336 1086 377 clientium
1117 352 1327 392 meorum,
1367 353 1472 393 quos

129 393 299 448 quidem
331 396 378 434 tu
416 393 522 434 mihi
555 394 807 449 conciliasti3
845 409 943 435 nam
974 394 1151 436 Ulubris
1182 396 1357 437 honoris
1388 398 1471 438 mei

129 466 252 493 causa
283 452 369 493 vim
407 452 635 493 maximam
676 453 1005 494 ranunculorum
1037 469 1079 495 se
1112 468 1344 496 commosse
1377 470 1472 496 con-

128 510 277 552 stabat.
342 510 463 564 Cura,
495 514 542 551 ut
574 511 723 552 valeas.
756 524 804 552 VI
833 510 893 553 Id.
919 511 1054 567 April.
1089 513 1138 553 de
1168 512 1410 568 Pomptino.

216 569 457 624 Epistulam
482 572 611 624 tuam,
644 585 770 623 quam
802 571 942 625 accepi
974 571 1026 612 ab
1052 571 1097 612 L.
1124 571 1343 627 Arruntio,
1376 586 1471 613 con-
1501 595 1503 598 ·

127 628 232 669 scidi
270 628 554 683 innocentem3
598 629 706 669 nihil
744 629 856 670 enim
894 629 1096 683 habebat,
1137 631 1251 685 quod
1288 645 1373 672 non
1405 631 1472 672 vel

128 687 172 727 in
211 687 406 728 contione
448 690 560 728 recte
597 687 683 743 legi
722 691 876 742 posset.
945 687 1027 729 Sed
1067 691 1107 729 et
1144 689 1375 730 Arruntius
1413 690 1471 730 ita

127 747 169 786 te
206 746 425 786 mandasse
464 746 620 799 aiebat,
662 748 703 786 et
740 749 787 786 tu
820 747 1110 802 adscripseras.
1172 747 1334 789 Verum
1367 748 1473 789 illud

126 806 238 859 esto3
279 804 388 845 nihil
424 807 466 845 te
504 804 557 844 ad
593 819 660 845 me
700 808 848 858 postea
880 806 1095 860 scripsisse
1129 806 1324 861 demiror,
1356 821 1473 861 prae-

126 863 274 904 sertim
306 866 394 904 tam
426 863 547 903 novis
581 863 716 903 rebus.

744 968 855 1010 XIX.

415 1047 489 1082 Ser.
518 1048 611 1094 Περί
642 1049 677 1083 V
698 1048 745 1083 K.
774 1049 898 1083 Seoete'l.
926 1061 961 1083 u.
991 1053 1061 1085 710
1093 1052 1181 1094 (44).

553 1129 721 1164 CICERO
748 1130 988 1165 TREBATIO
1011 1131 1044 1166 S.

215 1212 337 1268 Vide,
370 1214 517 1268 quanti
544 1214 656 1267 apud
680 1228 747 1254 me
774 1214 848 1269 sis,
881 1215 960 1255 etsi
986 1215 1076 1256 iure
1102 1215 1147 1255 id
1173 1216 1361 1269 quidem3
1387 1231 1472 1257 non

126 1272 240 1313 enim
277 1275 320 1313 te
358 1286 500 1313 amore
532 1272 666 1313 vinco.
728 1272 890 1313 Verum
921 1276 1074 1328 tamen,
1116 1275 1230 1328 quod
1261 1276 1472 1329 praesenti

125 1330 207 1372 tibi
231 1345 362 1385 prope
389 1331 681 1386 subnegaram,
713 1346 799 1372 non
823 1332 1057 1372 tribueram
1084 1335 1206 1386 certe,
1239 1332 1283 1373 id
1308 1333 1473 1374 absenti

128 1389 279 1430 debere
310 1404 396 1430 non
426 1390 559 1444 potui.
620 1388 790 1444 Itaque,
822 1393 869 1431 ut
899 1390 1086 1444 primum
1118 1390 1241 1432 Velia
1272 1392 1472 1447 navigare

127 1448 264 1503 coepi,
303 1448 470 1489 institui
508 1447 666 1502 Topica
702 1448 961 1489 Aristotelea
999 1449 1263 1491 conscribere
1296 1451 1348 1491 ab
1380 1451 1472 1505 ipsa

126 1506 231 1547 urbe
269 1507 552 1548 commonitus
590 1507 879 1548 amantissima
915 1508 990 1548 tui.
1052 1507 1163 1549 Eum
1200 1509 1360 1549 librum
1391 1510 1472 1549 tibi

126 1565 225 1605 misi
262 1564 398 1620 Regio
437 1565 659 1619 scriptum,
701 1581 827 1620 quam
864 1567 1109 1620 planissime
1141 1581 1207 1608 res
1239 1567 1312 1608 illa
1343 1568 1472 1608 scribi

126 1622 278 1677 potuit.
341 1622 416 1664 Sin
447 1624 527 1664 tibi
560 1624 765 1678 quaedam
790 1625 1048 1666 videbuntur
1073 1626 1328 1680 opsc-uriora,
1361 1627 1473 1682 cogi-

127 1684 218 1722 tare
257 1681 429 1722 debebis
466 1682 627 1722 nullam
665 1686 798 1723 artem
838 1683 994 1724 litteris
1032 1683 1121 1724 sine
1162 1685 1393 1738 interprete
1432 1688 1472 1725 et

129 1739 219 1780 sine
263 1740 404 1793 aliqua
447 1740 748 1781 exercitatione
796 1742 956 1795 percipi
999 1756 1132 1795 posse.
1203 1742 1303 1784 Non
1344 1743 1472 1798 longe

129 1798 302 1852 abieris3
333 1813 435 1838 num
468 1798 532 1839 ius
564 1799 687 1840 civile
712 1802 900 1840 vestrum
927 1815 977 1841 ex
1001 1800 1124 1841 libris
1156 1802 1354 1856 cognosci
1380 1804 1472 1855 pot-

129 1856 224 1897 est?
278 1857 351 1910 qui
398 1871 653 1910 quamquam
696 1857 870 1911 plurimi
913 1861 1027 1913 sunt,
1073 1859 1289 1900 doctorem
1329 1862 1471 1900 tamen

128 1929 336 1969 usumque
364 1915 611 1956 desiderant.
651 1914 914 1969 Quamquam
940 1919 999 1970 tu,
1032 1917 1066 1957 si
1093 1920 1252 1958 attente
1277 1918 1403 1973 leges,
1437 1918 1471 1958 si

129 1973 313 2028 saepius,
350 1988 426 2027 per
457 1976 499 2014 te
532 1974 674 2014 omnia
712 1988 966 2028 consequere
1003 1977 1050 2015 ut
1083 1978 1193 2016 certe
1231 1976 1471 2031 intellegas3

129 2035 176 2073 ut
212 2046 313 2073 vero
352 2032 479 2072 etiam
516 2032 597 2086 ipsi
634 2032 716 2072 tibi
753 2032 835 2073 loci
872 2033 1091 2087 proposita
1129 2034 1375 2087 quaestione
1407 2049 1472 2075 oc-

130 2093 319 2145 currant,
357 2090 657 2131 exercitatione
690 2105 961 2145 consequere3
1002 2092 1045 2132 in
1078 2106 1160 2145 qua
1192 2092 1362 2146 quidem
1394 2107 1471 2133 nos

129 2151 171 2189 te
209 2149 540 2203 continebimus,
582 2149 617 2189 si
656 2151 697 2189 et
734 2149 839 2190 salvi
877 2149 1125 2190 redierimus
1163 2153 1205 2191 et
1243 2151 1357 2191 salva
1389 2151 1470 2192 ista

130 2208 438 2249 offenderimus.
502 2223 527 2247 v
560 2207 609 2248 K.
644 2206 788 2248 Sextil.
820 2207 968 2263 Regio.
