1659 2552
118 852 137 882 ΚΘ

112 2317 131 2346 4

164 99 250 141 222
652 99 992 134 EPISTULARUM

164 196 363 250 perpauci
401 195 753 236 necessitudinem
793 194 925 235 secuti
965 193 1153 234 officium
1193 194 1508 249 praestiterunt.

164 254 313 309 Itaque
350 254 457 295 mihi
495 257 558 295 est
596 253 811 294 Domitius
850 252 1185 306 inimicissimus,
1223 256 1271 294 ut
1307 268 1359 294 ne
1391 254 1510 295 fami-

164 314 313 354 liarem
345 313 515 378 quidem
549 327 670 353 suum
699 326 953 366 quemquam
985 313 1072 352 tam
1106 311 1243 352 oderit
1274 326 1400 366 quam
1431 327 1510 367 me,

165 375 292 426 atque
318 386 366 413 90
393 372 540 427 magis,
573 371 686 425 quod
718 385 792 425 per
824 370 1024 411 iniuriam
1056 370 1138 411 sibi
1169 372 1293 424 putat
1318 373 1509 425 ereptum

165 434 422 484 auffltratum,
456 430 607 484 quoius
639 444 718 484 ego
751 432 898 469 auctor
929 428 1094 469 fuerim.
1143 427 1269 470 Nunc
1293 429 1398 470 furit
1422 432 1509 470 tam
1548 441 1565 467 5

165 490 332 545 gavisos
363 489 556 530 homines
589 503 711 529 suum
745 488 933 528 dolorem
965 488 995 541 †
1024 502 1239 542 unumque
1270 502 1394 529 move
1425 490 1510 529 stu-

166 548 393 589 diosiorem
431 547 610 602 Antoni3
654 561 752 587 nam
786 545 857 587 Cn.
892 545 1168 587 Saturninum
1201 546 1510 588 adulescentem

166 607 254 661 ipse
294 607 366 647 Cn.
400 606 615 647 Domitius
654 620 773 646 reum
811 605 913 646 fecit
950 619 1048 646 sane
1081 619 1207 659 quam
1239 605 1456 660 superiore
1487 621 1512 646 a

164 666 252 707 vita
284 666 558 712 invidiosum;
598 665 712 718 quod
743 663 947 704 iudicium
978 678 1090 705 nunc
1122 664 1166 705 in
1198 664 1510 719 exspectatione

165 727 247 778 est,
291 724 417 765 etiam
462 724 505 764 in
542 724 660 764 bona
703 737 776 777 spe
815 725 913 777 post
955 721 1047 764 Sex.
1092 722 1300 764 Peducaei
1346 723 1511 764 absolu-
1531 737 1565 762 10

164 784 335 824 tionem.

253 841 316 882 De
349 855 511 882 summa
544 855 587 881 re
619 840 790 895 publica
821 854 943 894 saepe
974 839 1055 880 tibi
1087 840 1236 894 scripsi
1266 854 1334 881 me
1364 841 1412 881 in
1441 854 1511 881 an-

164 915 266 941 num
298 914 442 954 pacem
474 913 559 940 non
591 899 751 953 videre,
783 901 842 953 et,
881 913 964 953 quo
996 898 1170 953 propius
1203 913 1251 939 ea
1282 898 1510 953 contentio,

167 974 292 1012 quam
323 959 416 999 fieri
447 972 614 999 necesse
641 960 715 1012 est,
748 957 919 1012 accedit,
951 971 1000 998 eo
1027 957 1180 998 clarius
1206 957 1250 998 id
1273 957 1509 1012 periculum

166 1020 349 1072 apparet.
412 1016 686 1071 Propositum
717 1016 799 1057 hoc
830 1019 910 1070 est,
943 1016 992 1056 de
1025 1030 1127 1071 quo,
1160 1016 1232 1070 qui
1264 1030 1406 1057 rerum
1436 1030 1508 1070 po-
1529 1029 1562 1054 15

164 1077 341 1130 tiuntur,
373 1079 471 1116 sunt
504 1075 756 1129 dimicaturi,
788 1075 902 1129 quod
930 1073 1001 1115 Cn.
1028 1074 1255 1129 Pompeius
1287 1075 1509 1116 constituit

164 1149 250 1176 non
281 1135 370 1189 pati
404 1134 446 1175 C.
475 1133 695 1175 Caesarem
733 1134 948 1175 consulem
980 1133 1104 1175 aliter
1135 1134 1244 1188 fieri,
1281 1133 1364 1174 nisi
1395 1147 1509 1174 exer-

166 1194 297 1234 citum
335 1196 376 1234 et
412 1193 651 1248 provincias
689 1192 929 1246 tradiderit,
969 1190 1136 1233 Caesari
1169 1195 1310 1234 autem
1340 1206 1508 1246 persua-

165 1267 257 1293 sum
302 1255 364 1293 est
407 1266 450 1293 se
493 1252 656 1292 salvum
701 1265 789 1292 esse
832 1265 918 1292 non
960 1265 1103 1305 posse,
1145 1252 1183 1293 si
1227 1251 1279 1292 ab
1321 1250 1507 1292 exercitu

165 1311 400 1365 recesserit3
431 1311 514 1351 fert
539 1310 655 1350 illam
681 1312 822 1351 tamen
842 1309 1144 1363 condicionem,
1169 1312 1218 1350 ut
1243 1309 1367 1350 ambo
1394 1320 1507 1350 91191·ι
1527 1322 1561 1347 20

165 1370 272 1410 citus
303 1370 482 1410 tradant.
546 1368 616 1410 Sic
647 1368 710 1409 illi
743 1382 905 1409 amores
944 1370 985 1408 et
1022 1368 1233 1409 invidiosa
1265 1367 1505 1408 coniunctio

164 1442 248 1469 non
275 1428 328 1468 ad
354 1428 561 1468 occultam
593 1427 743 1468 recidit
775 1426 1140 1480 obtrectationem,
1172 1426 1245 1467 sed
1269 1426 1322 1466 ad
1347 1426 1505 1467 bellum

164 1501 207 1527 se
248 1487 407 1540 erupit3
444 1500 597 1540 neque,
636 1500 825 1526 mearum
866 1499 1007 1526 rerum
1049 1485 1162 1539 quid>
1192 1485 1357 1526 consilii
1398 1485 1506 1539 capi-

164 1559 248 1598 am,
291 1544 473 1599 reperi03
511 1544 625 1598 quod
662 1558 747 1585 non
786 1543 952 1596 dubito,
991 1544 1093 1597 quin
1132 1547 1173 1585 te
1206 1558 1372 1598 quoque
1403 1543 1507 1584 haec

164 1603 413 1644 deliberatio
451 1603 507 1644 sit
546 1603 854 1657 perturbatura.
916 1601 1029 1642 Nam
1059 1602 1166 1643 mihi
1199 1616 1293 1643 cum
1324 1601 1505 1643 homini·
1525 1614 1558 1640 25

164 1662 242 1702 bus
282 1662 348 1702 his
389 1664 431 1702 et
474 1662 612 1717 gratia
652 1664 694 1702 et
733 1662 762 1715 †
801 1661 1154 1702 necessitudinem
1199 1675 1294 1702 cum
1338 1675 1505 1702 causam

163 1720 280 1761 illam
312 1721 422 1761 unde
454 1720 646 1761 homines
679 1720 759 1760 odi.
821 1718 933 1760 Illud
958 1722 999 1760 te
1025 1734 1110 1760 non
1137 1720 1322 1761 arbitror
1346 1720 1505 1775 fugere,

163 1780 264 1833 quin
295 1779 489 1820 homines
522 1779 564 1819 in
598 1778 855 1819 dissensione
888 1778 1118 1819 domestica
1150 1778 1345 1832 debeant,
1378 1792 1504 1843 quam

163 1838 233 1878 diu
279 1838 461 1878 civiliter
503 1838 592 1878 sine
636 1837 764 1877 armis
808 1839 1012 1891 certetur,
1055 1837 1342 1878 honestiorem
1385 1831 1504 1890 sequi

161 1899 336 1950 partem,
369 1897 442 1937 ubi
475 1896 527 1936 ad
559 1896 717 1936 bellum
745 1898 786 1936 et
812 1898 948 1936 castra
973 1898 1147 1937 ventum
1172 1896 1239 1950 sit,
1271 1895 1502 1936 firmiorem
1523 1907 1556 1933 30

162 1958 203 1996 ct
228 1956 272 1996 id
297 1955 447 1996 melius
475 1957 670 2008 statuere,
703 1954 817 2008 quod
848 1954 981 1995 tutius
1008 1954 1073 1995 sit.
1114 1953 1164 1994 In
1188 1954 1268 1995 hac
1294 1953 1503 1994 discordia

160 2014 282 2054 video
328 2013 400 2054 Cn.
445 2013 695 2068 Pompeium
740 2016 950 2067 senatum,
995 2013 1150 2067 quique
1194 2027 1259 2054 res
1304 2012 1502 2066 iudicant,

160 2087 299 2113 secum
325 2072 584 2126 habiturum,
617 2072 668 2112 ad
690 2070 909 2113 Caesarem
936 2086 1092 2125 omnes,
1125 2071 1197 2125 qui
1223 2085 1317 2111 cum
1349 2070 1502 2111 timore

159 2134 231 2171 aut
251 2131 362 2171 mala
382 2146 454 2185 spe
473 2131 630 2185 vivant,
657 2144 916 2184 accessuros3
948 2130 1180 2170 exercitum
1201 2129 1502 2170 conferendum

159 2204 242 2230 non
264 2204 362 2230 esse.
411 2188 594 2230 Omnino
623 2189 724 2229 satis
756 2189 924 2243 spatiist
962 2189 1014 2229 ad
1046 2187 1367 2229 considerandas
1399 2187 1502 2228 utri-
1521 2198 1555 2224 35

159 2262 289 2301 usque
323 2248 463 2302 copias
496 2251 537 2289 et
575 2247 811 2303 eligendam
843 2249 1018 2301 partem.

246 2306 383 2360 Prope
416 2306 574 2348 oblitus
607 2320 712 2361 sum,
744 2306 857 2359 quod
888 2305 1070 2346 maxime
1102 2304 1184 2345 fuit
1220 2304 1500 2346 scribendum.
