1659 2552
652 104 794 139 LIBER
818 104 835 139 I
861 107 892 138 9.
1392 102 1448 143 27

107 200 381 255 antiquorum
430 202 471 240 et
514 198 807 241 Aristoteliam
856 201 897 240 et
941 197 1197 240 Isocrateam
1241 198 1449 240 rationem

109 260 338 301 oratoriam
376 258 709 313 conplectuntur.
772 257 929 312 Scripsi
966 258 1094 299 etiam
1131 257 1323 299 versibus
1363 260 1449 298 tres

107 319 242 360 libros
283 318 363 359 ‘de
395 317 713 372 temporibus
743 317 906 372 meis'3
947 331 1053 371 quos
1084 317 1169 357 iam
1201 316 1365 371 pridem
1397 316 1450 357 ad

108 380 151 419 te
175 377 395 431 misissem,
422 376 457 416 si
482 391 571 417 esse
597 376 779 417 edendos
803 379 1033 431 putassem3
1060 378 1158 416 sunt
1183 375 1296 416 enim
1321 377 1449 415 testes

75 447 91 473 5
110 438 152 478 et
183 438 306 477 erunt
337 435 583 489 sempiterni
613 435 864 476 meritorum
893 449 994 490 erga
1024 449 1091 475 me
1116 437 1289 475 tuorum
1316 448 1449 474 meae-

111 509 192 549 que
223 494 394 549 pietatis
425 493 548 548 †sed,
582 494 681 547 quia
711 493 886 535 verebar
915 507 1002 534 non
1033 508 1115 548 eos,
1148 493 1220 547 qui
1247 507 1289 533 se
1314 492 1450 533 laesos

110 553 419 595 arbitrarentur
456 551 632 608 (etenim
672 552 717 593 id
755 552 835 593 feci
874 567 997 607 parce
1039 555 1080 593 et
1120 550 1345 607 molliter),
1378 551 1451 592 sed

109 626 201 666 eos,
243 626 348 666 quos
389 613 478 652 erat
518 611 733 652 infinitum
773 611 878 652 bene
916 611 966 652 de
1002 625 1065 653 me
1100 611 1276 651 meritos
1314 610 1450 651 omnis

110 670 338 712 nominare.
401 669 515 719 Quos
540 672 682 711 tamen
706 670 820 724 ipsos
844 670 989 725 libros,
1021 670 1057 710 si
1082 684 1219 724 quem,
1246 669 1312 710 cui
1339 671 1450 709 recte

58 742 93 767 10
112 729 387 783 committam,
418 729 629 783 invenero,
662 729 817 770 curabo
843 729 909 786 ad'
920 731 961 769 te
985 728 1268 783 perferendos.
1308 727 1450 781 Atque

111 789 236 830 istam
277 788 448 842 quidem
487 790 651 842 partem
691 787 802 828 vitae
843 788 1241 842 consuetudinisque
1280 789 1449 828 nostrae

111 850 247 889 totam
279 847 331 887 ad
361 849 402 887 te
435 846 597 901 defero3
630 849 835 900 quantum
858 847 1025 901 litteris,
1057 850 1263 900 quantum
1287 845 1450 899 studiiS,

112 905 326 947 veteribus
362 905 518 946 nostris
559 905 924 959 delectationibus,
967 906 1165 959 consequi
1204 904 1451 959 poterimuS,

112 965 157 1006 id
188 979 311 1005 omne
342 964 395 1004 ad
425 963 650 1005 arbitrium
680 967 821 1019 tuum,
853 965 926 1018 qui
957 964 1061 1005 haec
1092 978 1257 1018 semper
1287 963 1450 1017 amasti,

59 1034 94 1060 15
112 1023 392 1064 libentissime
425 1023 697 1064 conferemus.

202 1081 316 1131 Quae
348 1082 400 1122 ad
429 1096 496 1122 me
529 1082 577 1122 de
608 1082 693 1122 tuis
724 1081 850 1122 rebus
876 1081 1117 1122 domesticis
1142 1080 1304 1135 scribis,
1330 1094 1452 1134 quae-
1478 1092 1522 1122 24

115 1154 195 1195 que
232 1140 338 1181 mihi
376 1140 658 1195 commendas,
697 1154 744 1180 ea
780 1142 922 1181 tantae
958 1140 1065 1181 mihi
1096 1154 1218 1180 curae
1250 1142 1366 1193 sunt,
1404 1141 1451 1179 ut

114 1213 181 1240 me
218 1199 351 1240 nolim
389 1199 622 1253 admoneri,
664 1200 805 1255 rogari
845 1213 945 1240 vero
983 1199 1072 1239 sine
1110 1212 1265 1254 magno
1308 1197 1452 1238 dolore

114 1258 186 1298 vix
216 1258 385 1312 possim.
419 1257 541 1306 Quod
572 1257 621 1298 de
654 1257 801 1306 Quinti
832 1257 976 1298 fratris
1006 1258 1180 1313 negotio
1212 1256 1378 1311 scribis,
1410 1258 1452 1297 te

59 1329 96 1354 20
114 1316 255 1371 priore
288 1319 455 1371 aestate,
488 1316 602 1370 quod
631 1316 781 1357 morbo
813 1316 1041 1371 impeditus
1073 1317 1117 1357 in
1145 1315 1337 1356 Ciliciam
1367 1329 1453 1355 non

114 1375 348 1429 transieriS,
387 1375 589 1416 conficere
626 1389 712 1416 non
748 1375 952 1430 potuisse,
983 1390 1096 1416 nunc
1133 1378 1273 1415 autem
1312 1374 1454 1415 omnia

114 1434 336 1488 facturum,
367 1436 414 1475 ut
435 1434 642 1488 conficias,
667 1434 711 1474 id
736 1434 841 1475 scito
868 1449 956 1475 esse
982 1434 1072 1475 eius
1097 1434 1224 1488 modi,
1250 1436 1297 1474 ut
1323 1434 1454 1473 frater

114 1507 232 1533 meus
263 1506 359 1533 vere
391 1492 603 1534 existimet
643 1493 840 1534 adiuncto
871 1493 954 1534 isto
986 1493 1117 1533 fundo
1149 1492 1454 1546 patrimonium

116 1551 206 1591 fore
243 1565 365 1591 suum
396 1565 470 1606 per
500 1554 542 1592 te
581 1551 868 1592 constitutum.
930 1551 995 1592 Tu
1031 1566 1098 1592 me
1131 1551 1180 1591 de
1211 1551 1296 1591 tuis
1328 1550 1454 1591 rebus

62 1620 98 1645 25
119 1609 314 1650 omnibus
352 1611 393 1650 et
431 1610 481 1651 de
511 1609 682 1650 Lentuli
717 1610 781 1651 tui
818 1611 1038 1664 nostrique
1076 1609 1226 1650 studiis
1268 1612 1309 1650 et
1341 1623 1455 1650 exer-

119 1667 390 1708 citationibus
432 1668 559 1709 velim
603 1683 729 1723 quam
777 1669 1104 1710 familiarissime
1149 1668 1370 1709 certiorem
1414 1670 1455 1708 et

118 1740 244 1779 quam
264 1726 504 1790 saepi-ssime
529 1727 657 1767 facias
683 1727 993 1782 existumesque
1018 1727 1231 1768 neminem
1257 1727 1454 1780 cuiquam

117 1798 253 1838 neque
303 1784 505 1825 cariorem
551 1800 687 1839 neque
735 1786 1027 1827 iucundiorem
1075 1800 1277 1840 umquam
1326 1786 1455 1826 fuisse

119 1857 245 1897 quam
276 1845 317 1882 te
348 1842 470 1896 mihi,
502 1842 628 1897 idque
659 1858 726 1884 me
756 1859 842 1885 non
872 1845 999 1885 modo
1032 1847 1079 1885 ut
1110 1847 1158 1885 tu
1184 1844 1351 1897 sentias,
1384 1844 1457 1884 sed

65 1912 100 1937 ³0
119 1903 166 1942 ut
199 1914 343 1942 omnes
374 1903 531 1956 gentes,
563 1901 691 1942 etiam
721 1904 768 1942 ut
799 1903 1025 1957 posteritas
1063 1903 1200 1944 omnis
1235 1878 1456 1957 intellegat

119 1974 207 2000 esse
240 1960 462 1999 facturum.

205 2016 371 2083 Appius
401 2017 446 2058 in
476 2018 741 2058 sermonibus
769 2021 891 2059 antea
917 2019 1149 2073 dictitabat,
1174 2021 1322 2072 postea
1349 2018 1456 2059 dixit
1483 2030 1525 2061 25

119 2076 247 2117 etiam
290 2076 334 2117 in
377 2078 524 2117 senatu
563 2076 703 2130 palam
743 2091 847 2131 sese,
893 2077 927 2117 si
967 2077 1132 2117 licitum
1170 2079 1278 2117 esset
1318 2077 1456 2142 legem

116 2134 323 2176 curiatam
362 2135 490 2189 fer-,re
532 2135 782 2175 sortiturum
822 2149 909 2176 esse
951 2149 1046 2176 cum
1087 2135 1248 2191 collega
1286 2135 1455 2189 provin-

67 2193 246 2248 ³5ciam3
277 2193 313 2234 si
344 2194 504 2234 curiata
534 2193 603 2234 lex
633 2207 718 2234 non
750 2196 868 2248 esset,
900 2207 943 2234 se
973 2196 1221 2247 paraturum
1246 2208 1342 2235 cum
1374 2194 1456 2235 col-

118 2251 214 2307 lega
249 2251 413 2306 tibique
450 2266 754 2307 successurum3
790 2252 1011 2308 legemque
1050 2252 1254 2293 curiatam
1292 2253 1456 2294 consuli

119 2309 220 2350 ferri
252 2324 356 2364 opus
387 2325 492 2365 esse,
523 2325 689 2352 necesse
719 2325 806 2352 non
837 2325 942 2366 esse3
980 2325 1039 2365 se,
1080 2311 1280 2365 quoniam
1311 2325 1363 2352 ex
1395 2325 1457 2353 se-
