1659 2552
77 874 110 898 10

77 1166 109 1191 15

77 1459 110 1484 20

78 1751 112 1776 25

80 2044 114 2068 30

80 2334 113 2360 35

635 120 778 156 LIBER
801 120 853 156 Ν
878 125 910 166 3,
935 124 968 157 4.
1414 119 1470 162 85

129 217 339 272 appareat,
371 231 466 258 cum
496 231 564 258 me
596 216 707 258 colat
732 219 774 259 et
800 216 1006 272 observet,
1037 215 1119 258 tibi
1151 230 1318 272 quoque
1350 215 1395 257 in
1420 229 1469 257 eo

129 290 173 318 se
204 276 341 317 facere
372 275 674 332 gratissimum.

762 380 837 424 IV.

271 461 345 496 Ser.
372 462 510 497 Romae
534 473 588 497 ex.
614 473 659 496 m.
685 460 780 506 Sept.
807 466 872 497 aut
896 462 947 498 in.
978 461 1050 498 Oct.
1078 473 1111 497 α.
1140 464 1212 497 708
1240 463 1331 506 (46).

421 543 469 578 Μ.
498 542 665 577 CICERO
694 544 728 579 S.
753 544 796 579 D.
824 543 923 580 SER.
951 543 1173 579 SULPICIO.

215 625 392 682 Accipio
423 626 736 668 excusationem
767 629 901 681 tuam,
940 642 1022 682 qua
1052 641 1152 668 usus
1185 641 1245 681 63,
1277 641 1352 668 cur
1382 641 1468 668 sae-

127 685 223 741 pius
255 686 307 727 ad
337 701 404 727 me
433 686 598 727 litteras
629 700 714 727 uno
747 686 938 740 exemplo
972 686 1166 740 dedisses,
1202 686 1274 727 sed
1306 685 1466 740 accipio

129 759 180 786 ex
211 759 259 786 ea
288 747 424 799 parte,
463 747 668 798 quatenus
700 747 773 785 aut
803 745 1072 804 neglegentia
1103 747 1175 785 aut
1207 745 1467 799 inprobitate

128 818 286 857 eorum,
317 803 391 857 qui
421 803 620 857 epistolas
652 803 875 858 accipiant,
906 803 999 844 fieri
1030 803 1191 858 scribis,
1222 818 1275 845 ne
1307 804 1359 844 ad
1389 817 1466 844 nos

128 862 412 917 perferantur3
450 862 566 902 illam
597 865 761 916 partem
793 862 1092 916 excusationis,
1131 877 1213 917 qua
1243 865 1285 903 te
1317 862 1466 903 scribis

129 921 348 962 ‘orationis
378 921 642 975 paupertate’
675 919 754 976 (sic
784 921 896 962 enim
928 919 1132 977 appellas)
1164 921 1297 962 isdem
1325 921 1466 962 verbis

129 979 327 1034 epistolas
359 980 523 1034 saepius
554 979 735 1034 mittere,
766 994 843 1020 nec
873 994 1001 1021 nosco
1033 994 1110 1021 nec
1133 980 1282 1035 probo,
1314 982 1356 1020 et
1387 994 1466 1035 ego

128 1039 234 1093 ipse,
273 1052 398 1092 quem
434 1041 481 1080 tu
518 1053 594 1092 per
630 1038 770 1079 iocum
808 1037 887 1095 (sic
919 1039 1031 1080 enim
1063 1037 1241 1094 accipio)
1281 1038 1466 1079 ‘divitias

129 1097 348 1138 orationis’
378 1097 534 1138 habere
572 1096 692 1151 dicis,
732 1111 799 1138 me
830 1112 916 1138 non
948 1112 1036 1139 esse
1067 1098 1295 1138 verborum
1327 1097 1468 1138 admo-

130 1156 230 1197 dum
260 1156 430 1210 inopem
461 1169 643 1211 agnosco
676 1154 1008 1212 (εἰρωνεύεσθαι
1041 1156 1152 1197 6111111
1183 1170 1270 1197 11011
1300 1170 1467 1196 11666336

130 1213 229 1270 est),
267 1214 339 1255 sed
376 1216 517 1255 tamen
554 1214 666 1255 idem
704 1213 799 1271 (nec
828 1214 910 1255 1106
948 1212 1306 1270 εἰρωνευόμενος)
1345 1214 1467 1255 facile

130 1273 231 1314 cedo
263 1275 434 1314 tuorum
466 1272 721 1327 scriptorum
752 1273 982 1314 subtih'tati
1013 1276 1055 1315 et
1087 1273 1330 1329 elegantiae.

218 1330 453 1373 Consilium
483 1334 622 1387 tuum,
664 1346 747 1386 quo
784 1334 826 1373 te
863 1347 987 1373 usum
1023 1332 1173 1373 scribis
1204 1332 1286 1373 hoc
1315 1331 1467 1373 Achai-

130 1404 225 1431 cum
264 1390 485 1446 negotium
524 1405 610 1431 non
653 1390 928 1445 recusavisse,
976 1405 1071 1432 cum
1115 1405 1280 1445 semper
1317 1390 1468 1445 proba<

128 1449 299 1503 vissein,
330 1451 423 1490 tum
453 1449 589 1490 multo
620 1449 756 1505 magis
786 1449 965 1504 probavi
994 1449 1115 1490 lectis
1146 1449 1231 1490 tuis
1261 1449 1468 1504 proximis

129 1507 301 1563 litteris3
333 1521 477 1548 omnes
509 1507 622 1548 enim
653 1522 816 1562 causae,
849 1522 951 1562 quas
984 1522 1298 1562 commemoras,
1330 1508 1470 1549 iustis-

130 1565 260 1607 simae
290 1568 388 1606 sunt
418 1569 574 1620 tuaque
605 1569 646 1607 et
678 1567 928 1608 auctoritate
954 1569 995 1608 et
1019 1567 1244 1621 prudentia
1276 1566 1470 1623 dignissi-

130 1638 233 1665 mae.
295 1623 418 1673 Quod
448 1625 571 1666 aliter
602 1625 799 1666 cecidisse
830 1640 920 1667 rem
952 1625 1186 1680 existimas,
1223 1628 1350 1679 atque
1382 1625 1470 1679 opi-

130 1684 254 1723 natus
279 1682 348 1736 sis,
380 1682 424 1723 id
447 1683 528 1724 tibi
552 1683 670 1724 nullo
696 1684 822 1725 modo
849 1684 1081 1740 adsentior3
1111 1684 1195 1738 sed,
1228 1684 1327 1738 quia
1351 1686 1470 1724 tanta

131 1740 396 1795 perturbatio
428 1743 470 1782 61
501 1742 691 1783 confusio
724 1745 787 1783 est
812 1757 970 1797 rerum,
1002 1743 1061 1783 ita
1086 1743 1277 1796 perculsa
1303 1745 1344 1783 et
1375 1757 1471 1797 pro-

132 1801 264 1840 strata
294 1799 537 1840 foedissimo
574 1800 686 1841 bello
719 1800 855 1841 iacent
887 1801 1045 1855 omnia,
1082 1803 1130 1841 ut
1162 1801 1197 1841 is
1230 1800 1380 1854 cuique
1410 1801 1471 1841 lo-

132 1872 221 1911 cus,
261 1857 336 1899 ubi
367 1857 456 1912 ipse
487 1857 559 1912 sit,
597 1860 639 1899 et
675 1858 757 1899 sibi
789 1859 966 1912 quisque
997 1859 1259 1900 miserrimus
1291 1873 1379 1911 esse
1411 1859 1471 1899 vi-

133 1916 296 1970 deatur,
336 1918 561 1970 propterea
598 1919 639 1957 61
676 1917 740 1957 1111
778 1917 944 1958 601131111
982 1917 1170 1971 paenitet
1207 1920 1266 1970 te,
1308 1920 1349 1958 et
1380 1931 1470 1970 nos,

133 1974 205 2029 qui
237 1975 352 2016 domi
383 1989 544 2028 sumus,
581 1974 662 2015 tibi
699 1974 813 2016 beati
844 1975 1053 2029 videmur,
1095 1978 1137 2015 at
1169 1978 1316 2015 contra
1346 1975 1470 2016 nobis

131 2047 218 2074 non
241 2035 289 2074 tu
315 2033 486 2087 quidem
510 2047 665 2074 vacuus
690 2033 908 2087 molestiis,
939 2034 1011 2074 sed
1036 2047 1136 2087 prae
1161 2033 1284 2074 nobis
1310 2033 1470 2074 beatus.

131 2090 273 2145 Atque
300 2091 390 2133 ,hoc
420 2092 512 2146 ipso
544 2092 695 2132 melior
735 2094 798 2132 est
828 2094 901 2132 tua
933 2106 1059 2145 quam
1089 2094 1235 2132 nostra
1267 2092 1470 2146 condicio,

132 2150 246 2204 quod
269 2152 328 2203 tu,
361 2150 463 2205 quid
489 2150 639 2204 doleat,
672 2150 854 2191 scribere
880 2151 1018 2204 audes,
1049 2164 1126 2191 nos
1151 2164 1203 2190 ne
1229 2149 1273 2190 id
1299 2150 1471 2204 quidem

131 2211 225 2249 tuto
255 2223 495 2263 possumus,
527 2223 605 2250 nec
635 2208 679 2249 id
709 2208 882 2250 victoris
913 2209 1037 2262 vitio,
1076 2223 1159 2263 quo
1190 2208 1300 2249 nihil
1330 2209 1471 2250 mode-

131 2266 276 2321 ratius,
306 2267 380 2308 sed
403 2267 536 2323 ipsius
562 2267 775 2322 victoriae,
803 2281 909 2322 quae
935 2267 1131 2309 civilibus
1157 2267 1280 2308 bellis
1307 2281 1472 2323 semper

133 2327 195 2366 est
229 2325 424 2367 insolens.

1493 1335 1513 1364 [θ
