1659 2552
597 101 740 136 LIBER
765 102 833 137 VII
859 105 1007 137 20—-23,
1393 102 1473 144 189

128 206 381 238 sessionem
414 196 459 246 Q.
494 196 667 241 CAEPIO
701 209 918 240 PRAETOR
948 209 1011 239 Ex
1042 208 1215 239 Emoro
1250 209 1335 240 svo
1369 210 1472 239 Mlm

127 255 307 309 DEDIT',
339 270 494 312 negare
526 257 666 298 aiebat
694 256 888 298 Servium
914 256 1081 298 tabulas
1113 257 1356 297 testamenti
1383 271 1471 298 esse

127 327 208 367 eaS,
240 328 344 367 quas
375 314 629 357 instituisset
662 316 714 365 is,
747 316 820 370 qui
852 315 1080 356 factionem
1112 315 1355 356 testamenti
1387 330 1473 356 non

127 371 342 428 habuerit3
373 373 455 414 hoc
485 374 597 415 idem
624 374 815 415 Ofillium
849 374 1002 430 dicere3
1034 376 1174 415 tecum
1207 388 1250 414 se
1281 374 1472 414 locutum

92 430 312 486 5negabat
353 446 504 486 meque
548 433 735 489 rogavit,
780 435 827 474 ut
865 447 907 474 se
945 435 987 474 et
1025 446 1193 473 causam
1234 447 1353 473 suam
1391 432 1471 473 tibi

128 490 477 531 commendarem.
538 491 629 533 Nee
666 492 732 533 vir
767 491 935 546 melior,
975 491 1034 532 mi
1072 491 1215 546 Testa,
1252 505 1329 532 nec
1365 490 1470 531 mihi

128 547 304 589 amicior
334 548 378 589 P.
413 548 518 591 Silio
551 550 775 605 quisquam
808 553 881 605 est,
913 553 955 591 te
980 553 1123 591 tamen
1149 552 1336 604 excepto.
1371 548 1471 590 Gra-

126 606 339 648 tissimum
371 608 477 649 mihi
508 609 642 664 igitur
673 609 839 664 feceris,
877 608 912 650 si
950 609 1003 650 ad
1033 623 1129 650 eum
1161 609 1274 650 ultro
1306 608 1470 649 veneris

127 664 249 719 eique
280 666 497 720 pollicitus
529 667 629 722 eris,
661 668 753 722 sed,
786 668 821 708 si
852 682 918 708 me
951 682 1082 721 amas,
1115 682 1242 721 quam
1272 667 1469 722 primum.

74 735 107 760 10
126 722 220 764 Hoc
250 726 292 765 te
324 724 594 767 vehementer
626 726 755 768 etiam
793 728 918 781 atque
952 726 1079 767 etiam
1112 740 1228 782 rogo.

730 877 864 919 XXII.

255 955 330 992 Ser.
357 958 398 992 in
428 958 634 993 Tusculano
662 971 706 993 m.
733 959 833 1000 Iun„
858 963 899 992 ut
923 959 1077 1001 videtur,
1102 970 1136 993 α.
1165 961 1235 993 710
1261 960 1350 1002 (44).

551 1038 718 1074 CICERO
746 1039 986 1074 TREBATIO
1014 1039 1047 1075 S.

212 1131 422 1175 Inluseras
454 1134 547 1175 heri
579 1134 690 1175 inter
721 1134 914 1189 scyphos,
947 1135 1062 1189 quod
1088 1135 1276 1176 dixeram
1302 1138 1467 1176 contro-

72 1203 106 1229 15
125 1192 306 1233 versiam
337 1206 443 1247 esse,
482 1195 679 1247 possetne
715 1193 854 1247 heres,
893 1194 1007 1248 quod
1037 1194 1200 1234 furtum
1232 1196 1355 1234 antea
1385 1194 1467 1234 fac·

124 1253 217 1291 tum
248 1253 368 1306 esset,
398 1251 503 1292 furti
535 1254 647 1293 recte
679 1266 813 1307 agere.
851 1250 1012 1306 Itaque,
1044 1252 1124 1293 etsi
1156 1252 1328 1293 domum
1360 1252 1465 1293 bene

122 1311 250 1363 potus
275 1323 452 1364 seroque
477 1310 695 1365 redieram,
727 1312 869 1351 tamen
900 1311 944 1351 id
969 1313 1106 1365 caput,
1138 1310 1213 1351 ubi
1242 1311 1346 1351 haec
1371 1325 1466 1352 con-

123 1368 330 1409 troversia
361 1371 436 1423 est,
466 1369 613 1410 notavi
644 1372 686 1410 et
718 1369 975 1423 descriptum
1006 1369 1088 1410 tibi
1118 1369 1228 1423 misi,
1260 1372 1307 1410 ut
1338 1370 1466 1410 scires

123 1425 184 1480 id,
225 1427 340 1481 quod
374 1430 422 1468 tu
461 1428 674 1469 neminem
711 1427 888 1469 sensisse
926 1428 1111 1483 dicebas,
1153 1427 1245 1469 Sex.
1283 1427 1465 1483 Aelium,

71 1496 104 1521 20
123 1483 191 1525 M'.
222 1484 463 1540 Manilium,
493 1486 550 1527 M.
582 1486 764 1527 Brutum
796 1486 984 1528 sensisse.
1046 1486 1140 1543 Ego
1172 1489 1315 1527 tamen
1348 1486 1467 1528 Scae-

125 1543 244 1584 volae
276 1547 318 1585 et
348 1544 498 1586 Testae
529 1545 754 1586 adsentior.

717 1696 873 1738 XXIII.

207 1773 282 1809 Ser.
309 1775 446 1810 Romae
471 1787 525 1810 ex.
551 1789 584 1811 α.
613 1779 685 1811 692
713 1780 792 1822 (6²2)
821 1782 886 1812 aut
906 1778 1021 1821 paulo
1041 1782 1135 1822 post,
1160 1782 1201 1813 ut
1226 1778 1377 1812 videtur.

425 1856 592 1891 CICERO
621 1857 654 1892 S.
680 1857 723 1892 D.
751 1858 798 1893 M.
826 1857 970 1892 FADIO
998 1858 1165 1892 GALLO.

71 1962 104 1988 25
212 1950 396 1992 Tantum
428 1952 542 2006 quod
572 1966 624 1992 ex
648 1951 848 2006 Arpinati
880 1967 1088 2007 veneram,
1121 1968 1216 1994 c-um
1240 1951 1355 1994 mihj'
1374 1968 1397 1994 a
1422 1956 1464 1994 te

123 2009 290 2051 litterae
316 2010 503 2051 redditae
530 2013 639 2064 sunt,
672 2011 723 2051 ab
751 2012 980 2066 eodemque
1007 2012 1148 2065 accepi
1172 2011 1328 2053 Aviani
1351 2012 1464 2053 litte-

124 2082 207 2122 raS,
247 2068 292 2109 in
333 2069 487 2123 quibus
523 2069 604 2110 hoc
641 2068 777 2110 inerat
813 2070 1175 2124 liberalissimum,
1216 2070 1389 2111 nomina
1420 2085 1463 2112 se

123 2126 353 2182 facturum,
398 2142 493 2169 cum
535 2127 738 2182 venisset,
783 2143 865 2182 qua
908 2143 986 2184 ego
1027 2129 1180 2170 vellem
1225 2128 1302 2170 die.
1367 2129 1463 2183 Fac,

124 2199 295 2240 quaeso,
333 2186 406 2240 qui
437 2201 516 2242 ego
554 2201 663 2241 sum,
703 2201 790 2228 esse
822 2190 881 2242 te,
922 2190 1038 2228 estne
1076 2189 1148 2228 aut
1184 2187 1248 2228 tui
1287 2187 1462 2242 pudoris

70 2254 104 2280 30
124 2246 196 2284 aut
232 2245 367 2286 nostri
403 2246 590 2300 primum
626 2259 776 2301 rogare
809 2246 857 2286 de
891 2246 973 2300 die,
1013 2246 1162 2287 deinde
1197 2246 1293 2300 plus
1325 2261 1463 2288 annua

122 2302 366 2356 postulare?
429 2303 511 2346 Sed
542 2306 696 2359 essent,
736 2304 795 2345 mi
829 2303 958 2359 Galle,
992 2305 1133 2346 omnia
1163 2304 1321 2360 facilia,
1353 2305 1389 2346 si
1421 2308 1462 2347 et
