1659 2552
605 93 748 127 LIBER
773 93 839 127 VH
867 96 991 127 7—10.
1396 95 1479 136 179

136 189 192 230 sis
228 189 510 243 hiematurus3
555 203 575 229 e
609 189 749 230 uidem
788 189 915 230 velim
953 202 1049 229 cum
1089 186 1280 242 Caesare,
1320 190 1392 230 sed
1429 190 1481 231 ad

136 262 232 289 eum
262 250 438 302 propter
470 248 559 288 eius
579 204 742 289 (tactum
774 247 882 288 nihil
914 262 1007 288 sum
1039 261 1164 288 ausus
1197 248 1397 303 scribere3
1429 249 1481 289 ad

135 306 317 348 Balbum
349 309 490 347 tamen
523 306 682 361 scripsi.
745 306 808 347 Tu
840 306 921 347 tibi
954 306 1070 347 desse
1102 306 1211 361 noli3
1244 307 1376 347 serius
1407 322 1479 361 po-

135 365 220 406 tius
253 365 305 406 ad
335 379 429 419 nos,
468 365 568 406 dum
606 365 782 419 plenior.
845 364 968 414 Quod
1003 364 1087 405 huc
1117 379 1334 419 properes,
1371 365 1480 406 nihil

100 427 219 479 5est,
259 424 508 478 praesertim
549 423 723 464 Battara
762 426 943 464 mortuo.
1012 422 1095 464 Sed
1134 423 1215 464 tibi
1257 424 1481 464 consilium

135 497 221 524 non
253 483 354 523 dest.
413 481 524 531 Quid
555 482 838 536 constitueris,
870 482 994 536 cupio
1021 482 1136 523 scire.
1180 481 1252 523 Cn.
1281 481 1481 523 Octavius

137 544 199 582 est
231 556 284 582 an
317 540 390 581 Cn.
424 540 645 581 Cornelius
678 541 866 594 quidam⁷
907 543 1006 582 tuus
1037 541 1275 595 familiaris,
1315 555 1480 582 summo

136 614 289 656 genere
320 602 456 653 natus,
488 602 624 640 terrae
656 600 780 640 filius.
842 598 884 640 Is
917 614 984 640 me
1023 599 1122 653 quia
1160 600 1238 640 scit
1270 602 1392 640 tuum
1424 600 1482 640 fa-

137 659 345 699 miliarem
384 672 490 712 esse,
528 658 676 700 crebro
714 658 766 698 ad
803 672 947 699 cenam
985 658 1149 699 invitat.
1211 657 1366 699 Adhuc
1395 672 1482 699 non

84 732 116 756 ιο
136 718 277 772 potuit
307 716 548 771 perducere,
579 717 651 758 sed
681 716 787 757 mihi
820 719 962 757 tamen
993 719 1163 772 gratum
1196 719 1269 758 est.

781 867 831 909 X.

419 948 493 983 Ser.
521 948 658 984 Romae
682 960 734 984 esc.
761 960 806 983 m.
833 949 918 984 Dec.
946 961 978 983 a.
1009 951 1080 983 700
1107 951 1197 992 (⁴521).

484 1030 530 1065 M.
559 1029 727 1065 CICERO
755 1030 788 1065 S.
815 1030 857 1064 D.
885 1029 1135 1064 TREBATIO.

225 1126 330 1182 Legi
368 1129 462 1167 tuas
501 1125 683 1180 litteras,
725 1140 775 1166 ex
814 1125 968 1179 quibus
1005 1125 1196 1166 intellexi
1233 1127 1274 1166 te
1313 1124 1480 1166 Caesari

86 1200 119 1225 15
138 1188 284 1227 nostro
310 1185 431 1226 valde
462 1184 795 1225 iureconsultum
825 1184 969 1225 videri.
1031 1183 1121 1238 Est,
1154 1184 1267 1237 quod
1297 1184 1481 1239 gaudeas

139 1248 180 1286 te
218 1245 262 1285 in
299 1244 381 1285 ista
416 1243 509 1284 loca
545 1243 726 1297 venisse,
770 1243 844 1283 ubi
888 1242 1050 1297 aliquid
1093 1257 1237 1297 sapere
1279 1242 1479 1283 viderere.

140 1302 299 1352 Quodsi
330 1302 374 1343 in
404 1301 670 1342 Britanniam
703 1316 870 1356 quoque
894 1301 1110 1355 profectus
1136 1315 1257 1355 esses,
1288 1301 1479 1354 profecto

139 1376 262 1403 nemo
299 1361 344 1402 in
381 1361 455 1401 illa
492 1363 610 1401 tanta
647 1360 785 1401 insula
815 1360 995 1415 peritior
1024 1362 1067 1401 te
1098 1359 1258 1400 fuisset.
1318 1358 1480 1400 Verum

139 1424 281 1461 tamen
313 1418 543 1476 (rideamus
572 1419 688 1474 licet3
727 1433 819 1459 sum
857 1419 970 1459 enim
1001 1433 1025 1459 a
1055 1421 1097 1459 te
1128 1416 1352 1473 invitatus)
1385 1417 1481 1458 sub-

88 1493 121 1518 ·20
140 1479 308 1520 invideo
346 1478 427 1519 tibi
470 1477 583 1518 ultro
622 1478 749 1518 etiam
787 1477 1035 1518 accersitum
1073 1477 1125 1517 ab
1164 1490 1230 1530 eo,
1271 1476 1325 1516 ad
1355 1490 1480 1530 quem

142 1537 269 1578 ceteri
305 1551 391 1577 non
427 1539 601 1590 propter
638 1536 879 1590 superbiam
910 1536 1016 1590 eius,
1054 1535 1126 1576 sed
1156 1537 1331 1589 propter
1362 1548 1480 1575 occu-

141 1595 356 1650 pationem
377 1594 588 1648 adspirare
607 1609 693 1635 non
711 1597 899 1649 possunt.
945 1593 1027 1635 Sed
1051 1597 1099 1635 tu
1124 1594 1169 1634 in
1194 1594 1276 1634 ista
1300 1593 1481 1647 epistula

142 1654 251 1695 nihil
274 1653 381 1694 mihi
406 1653 612 1707 scripsisti
637 1653 687 1693 de
712 1653 797 1693 tuis
823 1653 960 1707 rebus,
986 1666 1092 1707 quae
1116 1651 1356 1693 mehercule
1374 1651 1482 1692 mihi

142 1726 229 1753 non
259 1711 414 1752 minori
447 1725 569 1752 curae
601 1714 698 1752 sunt
730 1726 856 1765 quam
887 1725 1014 1752 meae.
1075 1709 1210 1751 Valde
1241 1712 1398 1764 metuo,
1428 1724 1481 1750 ne

90 1784 123 1808 25
143 1770 298 1826 frigeas
335 1770 380 1810 in
415 1769 615 1810 hibernis.
678 1768 812 1818 Quam
851 1769 904 1810 ob
942 1783 1031 1810 rem
1070 1769 1233 1809 camino
1265 1768 1480 1809 luculento

143 1829 347 1870 utendum
397 1842 543 1869 censeo
593 1826 725 1883 (idem
766 1827 908 1868 Mucio
952 1830 994 1868 et
1036 1826 1212 1868 Manilio
1256 1825 1481 1881 placebat),

143 1887 390 1942 praesertim
428 1886 501 1940 qui
538 1886 650 1941 sagis
685 1900 771 1926 non
803 1885 1048 1926 abundares.
1111 1884 1375 1939 Quamquam
1405 1898 1481 1924 vos

144 1960 255 1987 nunc
285 1946 382 1986 istic
413 1946 514 1985 satis
546 1945 678 1985 calere
704 1944 846 1999 audio3
879 1958 962 1998 quo
989 1943 1159 1997 quidem
1183 1942 1481 1984 nuntio‘valde

143 2004 380 2046 mehercule
425 2003 474 2044 de
516 2006 559 2044 te
606 2003 841 2043 timueram.
916 2001 998 2043 Sed
1039 2004 1087 2042 tu
1131 2002 1176 2041 in
1218 2016 1262 2042 re
1306 2001 1481 2041 militari

93 2077 125 2101 30
144 2064 280 2105 multo
319 2077 361 2104 es
400 2061 562 2103 cautior
600 2076 726 2116 quam
757 2060 801 2101 in
839 2059 1203 2114 advocationibus,
1242 2060 1315 2113 qui
1346 2073 1482 2113 neque

146 2123 190 2163 in
234 2121 398 2163 Oceano
442 2123 587 2161 natare
630 2119 814 2161 volueris
864 2118 1197 2160 studiosissimus
1239 2117 1369 2159 homo
1412 2132 1482 2158 na-

145 2181 262 2222 tandi
281 2195 417 2235 neque
437 2181 624 2234 spectare
645 2177 886 2232 essedarios,
914 2192 1039 2232 quem
1059 2180 1182 2218 antea
1201 2190 1253 2217 ne
1274 2176 1483 2217 andabata

145 2239 315 2294 quidem
353 2238 598 2280 defraudare
635 2240 888 2292 poteramus.
957 2234 1040 2277 Sed
1083 2235 1167 2276 iam
1211 2235 1312 2276 satis
1355 2235 1483 2276 iocati

145 2312 298 2339 sumus

1200 2363 1268 2396 12*

1506 318 1525 348 10

1506 1605 1525 1634 10
