1659 2552
183 121 269 162 438
682 120 1021 155 EPISTULARUM

181 217 359 258 fortasse
397 216 618 258 nobiscum
657 220 797 270 erunt,
842 219 894 269 et,
936 218 982 256 ut
1020 216 1222 271 arbitror,
1267 216 1425 258 diutius
1462 217 1523 258 ibi

181 275 577 331 commorabimur);
609 275 775 315 labrum
809 275 843 315 si
875 275 919 315 in
951 275 1118 316 balineo
1150 290 1236 316 non
1268 278 1346 330 est,
1379 278 1426 316 ut
1457 276 1524 330 sit,

180 336 283 376 item
323 337 476 389 cetera,
515 348 621 388 quae
659 336 757 374 sunt
795 333 847 373 ad
878 333 1038 374 victum
1077 337 1118 375 et
1155 334 1208 375 ad
1238 334 1524 376 valetudinem

180 394 423 435 necessaria.
486 393 603 434 Vale.
654 392 704 433 K.
735 392 824 433 Oct.
853 392 902 433 de
928 391 1158 434 Venusino.

792 543 905 585 XXI.
1562 559 1578 584 5

227 626 302 662 Ser.
330 626 514 662 Brundisi
540 626 655 670 paulo
683 630 766 670 post
790 637 823 660 α.
851 627 884 660 d.
911 626 985 660 III
1005 626 1100 661 Non.
1128 626 1212 661 Iun.
1240 638 1273 661 a.
1297 628 1365 660 707
1387 628 1477 671 (47).

462 708 661 742 TULLIUS
688 706 963 741 TERENTIAE
991 707 1112 742 SUAE
1140 708 1173 742 S.
1200 708 1243 743 D.

270 803 309 846 S.
337 820 372 845 v.
400 804 439 845 b.
467 818 499 845 e.
526 819 562 845 v.
601 803 666 844 Da
694 818 876 857 operam,
902 806 950 844 ut
976 803 1253 858 convalescas,
1281 803 1394 858 quod
1421 817 1526 858 opus

181 863 279 918 erit,
318 866 365 904 ut
402 877 467 904 res
506 865 756 916 tempusque
794 862 1000 916 postulat,
1038 863 1262 916 provideas
1300 865 1426 928 atque
1459 862 1527 903 ad-

180 898 396 963 ministres
422 924 463 962 et
489 921 541 962 ad
571 936 639 962 me
667 922 715 962 de
744 921 941 962 omnibus
972 921 1099 963 rebus
1125 936 1252 976 quam
1284 921 1527 977 saepissime
1548 935 1580 960 10

180 981 345 1022 litteras
376 981 533 1022 mittas.
583 979 700 1021 Vale.

788 1084 921 1126 XXII.

470 1166 543 1202 Ser.
572 1166 756 1201 Brundisi
782 1166 830 1200 K.
858 1166 952 1211 Sept.
979 1179 1011 1201 a.
1041 1169 1114 1202 707
1140 1169 1231 1211 (47).

442 1248 641 1283 TULLIUS
675 1248 709 1283 S.
741 1248 784 1282 D.
819 1248 1096 1282 TERENTIAE
1133 1248 1266 1283 SUAE.

271 1332 310 1374 S.
343 1348 379 1373 V.
413 1333 451 1373 b.
485 1347 517 1374 e.
550 1348 586 1374 v.
649 1332 740 1373 Nos
778 1332 933 1373 cotidie
970 1332 1215 1373 tabellarios
1251 1333 1421 1372 nostros
1460 1344 1527 1371 ex·
1548 1346 1580 1369 15

181 1394 430 1445 spectamus.
493 1390 575 1440 Qui
607 1391 641 1432 si
674 1391 884 1445 venerint,
916 1391 1093 1431 fortasse
1126 1391 1283 1431 erimus
1315 1389 1526 1443 certiores,

182 1450 285 1503 quid
322 1450 446 1490 nobis
483 1449 722 1490 faciendum
761 1449 833 1502 sit,
874 1449 1160 1502 faciemusque
1192 1452 1233 1489 te
1266 1448 1411 1489 statim
1443 1462 1528 1488 cer-

180 1509 345 1548 tiorem.
407 1507 708 1549 Valetudinem
739 1510 857 1548 tuam
890 1521 989 1548 cura
1021 1507 1257 1564 diligenter.
1308 1506 1425 1548 Vale.
1476 1506 1526 1547 K.

182 1565 395 1621 Septemb.

776 1671 932 1713 XXIII.
1548 1684 1582 1708 20

408 1751 481 1788 Ser.
509 1752 696 1787 Brundisi
715 1753 814 1796 prid.
842 1752 898 1787 Id.
928 1751 1021 1787 Sext.
1049 1763 1083 1787 a.
1111 1754 1183 1787 ‘707
1210 1753 1299 1795 (47).

466 1833 664 1868 TULLIUS
691 1833 967 1868 TERENTIAE
995 1833 1116 1868 SUAE
1144 1833 1177 1869 S.
1201 1833 1244 1869 D.

272 1917 312 1959 S.
345 1933 381 1959 v.
414 1918 453 1959 b.
488 1932 518 1958 e.
552 1933 588 1958 v.
651 1917 857 1958 Redditae
894 1917 1001 1958 mihi
1039 1917 1209 1958 tandem
1243 1919 1341 1958 sunt
1372 1931 1396 1958 a
1428 1915 1527 1958 Cae-

183 1991 274 2018 sare
311 1976 479 2017 litterae
518 1977 620 2017 satis
656 1976 870 2030 liberales,
912 1979 953 2017 et
992 1976 1082 2030 ipse
1121 1976 1320 2030 opinione
1352 1975 1528 2016 celerius

182 2038 386 2076 venturus
428 2049 516 2075 esse
558 2035 723 2075 dicitur.
788 2034 865 2075 Cui
907 2037 1051 2075 utrum
1093 2034 1263 2075 obviam
1302 2033 1527 2088 procedam
1547 2045 1581 2071 25

184 2109 236 2134 an
279 2093 350 2134 hic
394 2107 489 2134 eum
534 2096 789 2147 exspectem,
834 2089 928 2134 cum
973 2093 1251 2148 constituero,
1295 2092 1444 2132 faciam
1486 2094 1528 2133 te

184 2152 418 2193 certiorem.
481 2151 743 2192 Tabellarios
780 2151 886 2192 mihi
924 2151 1050 2192 velim
1084 2166 1210 2206 quam
1250 2151 1434 2205 primum
1467 2164 1528 2191 re-

182 2211 339 2309 ffiittgs.
361 2209 686 2309 ¹:Valetudinem
705 2212 822 2251 tuam
844 2224 942 2251 cura
963 2209 1200 2266 diligenter.
1238 2208 1354 2249 Vale.
1389 2208 1439 2249 D.
1465 2224 1526 2263 pr.

236 2302 242 2309 .
308 2284 359 2310 ex
383 2303 389 2309 .
