1659 2552
92 225 112 256 2

97 1221 119 1252 4

146 117 224 159 148
637 115 976 150 EPISTULARUM

139 212 342 267 epistolae
384 211 543 253 differo.
618 210 698 252 His
742 213 883 252 autem
923 210 1079 251 litteris
1121 210 1311 252 animum
1351 212 1487 266 tuum,

140 286 266 326 quem
297 271 472 312 minime
504 270 765 311 imbecillum
797 284 885 310 esse
918 272 960 310 et
991 268 1118 310 audio
1150 272 1192 310 et
1224 283 1365 324 spero,
1406 271 1487 311 etsi

140 344 225 371 non
270 329 587 384 sapientissimi,
630 332 672 370 at
715 328 961 369 amicissimi
1002 327 1190 368 hominis
1234 328 1487 371 auctoritate

141 389 477 430 confirmandum
509 388 636 428 etiam
669 390 794 441 atque
827 387 955 427 etiam
986 388 1104 440 puto,
1135 400 1213 428 nec
1236 387 1290 428 iis
1316 386 1487 442 quidem

141 447 298 501 verbis,
339 447 493 501 quibus
530 449 571 487 te
610 446 802 487 consoler
838 448 886 486 ut
924 445 1142 486 adflictum
1180 447 1222 486 et
1253 445 1338 487 iam
1371 446 1488 488 omni

142 520 215 560 spe
253 506 401 546 salutis
439 505 652 558 orbatum,
691 504 763 545 sed
800 507 847 544 ut
879 518 993 559 eum,
1035 503 1085 545 de
1117 503 1236 546 cuius
1267 504 1488 546 incolumi·

142 567 229 605 tate
260 579 345 605 non
382 564 478 618 plus
511 564 718 617 dubitem,
757 577 884 617 quam
921 565 963 604 te
1002 562 1178 604 memini
1210 562 1405 604 dubitare
1437 563 1487 605 de

141 638 244 664 mea.
306 622 429 677 Nam,
462 636 556 663 cum
587 636 654 662 me
687 636 738 662 ex
763 636 807 662 re
832 637 871 676 p.
898 621 1159 676 expulissent
1189 621 1238 677 ii,
1271 622 1344 677 qui
1369 622 1488 663 illam

143 682 289 723 cadere
320 696 442 735 posse
476 683 612 721 stante
650 695 716 721 me
747 694 834 721 non
869 683 1094 735 putarunt,
1129 680 1306 722 memini
1335 695 1403 722 me
1436 695 1488 722 ex

141 740 288 782 multis
320 740 573 794 hospitibus,
605 739 677 793 qui
710 739 762 779 ad
792 754 860 780 me
893 754 944 780 ex
974 738 1089 794 Asia,
1120 739 1166 780 in
1197 754 1281 794 qua
1309 741 1358 781 tu
1384 753 1487 795 eras,

142 801 360 853 venerant,
401 798 545 839 audire
583 800 625 838 te
664 798 713 838 de
753 798 942 854 glorioso
980 801 1021 839 et
1059 797 1184 839 celeri
1221 798 1361 840 reditu
1391 812 1487 840 meo

144 858 402 899 confirmare.
465 856 509 897 Si
541 859 583 897 te
615 856 723 897 ratio
757 857 962 911 quaedam
993 856 1197 898 Etruscae
1229 856 1488 912 disciplinae,

144 931 270 970 quam
302 931 325 957 a
354 918 492 970 patre,
524 914 791 956 nobilissimo
824 918 950 970 atque
983 915 1146 970 optimo
1177 915 1290 970 viro,
1323 929 1488 971 accepe-

145 990 223 1029 ras,
254 989 340 1015 non
372 974 536 1028 fefellit,
566 988 619 1015 ne
650 988 728 1015 nos
754 974 925 1028 quidem
953 977 1099 1015 nostra
1125 974 1330 1016 divinatio
1356 974 1488 1030 fallet,

145 1048 271 1088 quam
318 1048 413 1074 cum
460 1033 870 1087 sapientissimorum
909 1033 1100 1074 virorum
1140 1033 1315 1074 monitis
1361 1036 1488 1088 atque

143 1092 378 1146 praeceptis
403 1092 684 1146 plurimoque,
717 1094 764 1133 ut
789 1094 837 1133 tu
863 1092 954 1146 scis,
987 1091 1203 1133 doctrinae
1228 1091 1369 1133 studio
1394 1094 1488 1134 tum

144 1165 298 1206 magno
331 1151 459 1192 etiam
496 1165 575 1192 usu
612 1150 855 1191 tractandae
893 1151 954 1192 rei
984 1166 1024 1205 p.
1056 1165 1294 1207 magnaque
1324 1153 1489 1192 nostro-

144 1224 239 1250 rum
270 1212 512 1264 temporum
542 1209 746 1251 varietate
779 1210 992 1251 consecuti
1025 1224 1186 1265 sumus3
1218 1210 1285 1251 cui
1317 1209 1489 1264 quidem

93 1315 95 1317 ¹
146 1268 398 1309 divinationi
429 1268 511 1309 hoc
541 1268 637 1322 plus
669 1268 939 1324 confidimus,
972 1268 1086 1322 quod
1118 1283 1166 1309 ea
1195 1282 1273 1310 nos
1304 1268 1414 1309 nihil
1443 1268 1490 1310 in

142 1326 210 1367 his
248 1329 335 1367 tam
374 1326 564 1368 obscuris
602 1326 727 1367 rebus
771 1329 942 1381 tamque
981 1327 1242 1381 perturbatis
1285 1341 1488 1381 umquam

146 1386 318 1426 omnino
356 1385 518 1426 fefellit.
580 1384 792 1439 Dicerem,
831 1400 937 1439 quae
975 1388 1070 1426 ante
1102 1386 1246 1426 futura
1277 1385 1488 1439 dixissem,

145 1444 190 1484 ni
221 1458 405 1497 vererer,
443 1458 495 1485 ne
528 1457 579 1484 ex
610 1444 771 1485 eventis
802 1444 962 1499 fingere
994 1444 1170 1485 viderer.
1232 1442 1315 1485 Sed
1345 1447 1489 1485 tamen

144 1502 319 1556 plurimi
363 1505 460 1542 sunt
503 1504 631 1543 testes
668 1517 735 1543 me
773 1504 814 1543 et
852 1502 993 1557 initio,
1036 1517 1089 1543 ne
1133 1502 1410 1559 coniungeret
1446 1517 1489 1544 se

147 1575 242 1601 cum
281 1560 472 1615 Caesare,
516 1561 728 1602 monuisse
766 1559 1017 1615 Pompeium
1055 1563 1096 1602 et
1132 1563 1296 1615 postea,
1339 1575 1392 1602 ne
1429 1575 1490 1603 se-

146 1620 350 1673 iungeret.
390 1618 697 1660 Coniunctione
723 1619 863 1675 frangi
889 1622 1058 1660 senatus
1084 1634 1195 1674 opes,
1229 1619 1489 1661 diiunctione

147 1677 268 1718 civile
300 1677 460 1718 bellum
492 1678 666 1718 excitari
697 1678 904 1719 videbam.
965 1677 1108 1732 Atque
1136 1678 1287 1719 utebar
1311 1678 1490 1720 familia-

146 1736 310 1776 rissime
344 1735 530 1790 Caesare,
560 1735 811 1790 Pompeium
844 1736 1050 1777 faciebam
1081 1736 1268 1792 plurimi,
1300 1737 1373 1778 sed
1401 1739 1490 1779 erat

145 1809 286 1835 meum
335 1795 559 1835 consilium
608 1809 704 1836 cum
753 1795 875 1836 fidele
917 1794 1122 1850 Pompeio
1172 1798 1264 1836 tum
1308 1795 1490 1837 salutare

147 1853 326 1907 utrique.
389 1852 503 1902 Quae
546 1857 762 1907 praeterea
804 1854 1081 1908 providerim,
1121 1857 1358 1910 praetere03
1389 1854 1489 1896 nolo

147 1911 259 1952 enim
289 1911 402 1952 hunc
434 1912 483 1953 de
514 1927 581 1953 me
620 1913 778 1967 optime
817 1913 1016 1954 meritum
1054 1913 1296 1954 existimare
1333 1927 1381 1954 ea
1422 1927 1490 1954 me

147 1971 325 2011 suasisse
361 1969 584 2026 Pompei0‚
629 1971 783 2026 quibus
821 1972 891 2012 ille
930 1971 965 2013 si
1001 1972 1229 2026 paruisset,
1272 1973 1381 2012 esset
1420 1971 1491 2013 hio

148 2029 317 2082 quidem
361 2029 497 2071 clarus
534 2030 578 2070 in
615 2032 717 2086 toga
755 2033 796 2072 et
832 2030 1048 2085 princeps,
1093 2030 1165 2072 sed
1201 2032 1340 2071 tantas
1378 2043 1490 2085 opes,

147 2090 325 2141 quantas
356 2103 468 2129 nunc
494 2089 634 2143 habet,
666 2103 752 2130 non
781 2088 969 2131 haberet.
1031 2088 1231 2130 Eundum
1262 2088 1308 2130 in
1338 2087 1491 2143 Hispa-

147 2146 261 2187 niam
299 2147 451 2188 censui.
515 2146 637 2197 Quod
674 2148 709 2189 si
746 2148 930 2202 fecisset,
970 2147 1092 2189 civile
1129 2147 1290 2189 bellum
1325 2147 1491 2189 nullum

149 2205 319 2245 omnino
365 2206 523 2247 fuisset.
585 2205 812 2248 Rationem
851 2206 1001 2248 haberi
1044 2206 1230 2248 absentis
1273 2219 1359 2247 non
1401 2209 1491 2248 tam

148 2264 334 2317 pugnavi
375 2268 421 2305 ut
462 2265 625 2319 liceret,
669 2280 797 2319 quam
836 2268 913 2320 ut,
946 2265 1146 2320 quoniam
1186 2264 1278 2319 ipso
1320 2265 1491 2307 consule

148 2325 362 2376 pugnante
395 2323 577 2377 populus
602 2324 792 2379 iusserat,
824 2323 1063 2366 haberetur.
1109 2322 1244 2365 Causa
1270 2326 1363 2365 orta
1388 2324 1490 2366 belh·

1507 753 1541 778 10

1507 1045 1541 1071 15

1508 1339 1542 1364 20

1509 1631 1544 1658 25

1510 1926 1544 1951 30

1510 2229 1545 2255 35
