1659 2552
149 86 205 127 84
646 83 986 120 EPISTULARUM

147 180 418 236 prudentiam
455 182 497 222 et
535 180 787 236 dignitatem
818 182 946 221 tuam.
1008 178 1126 222 Haec
1156 180 1238 223 tibi
1269 181 1323 223 ad
1351 180 1492 223 levan-

149 240 222 280 das
253 239 468 292 molestias
501 254 654 295 magna
686 253 774 280 esse
807 239 971 280 debent.
1034 237 1157 288 Quod
1187 243 1328 282 autem
1357 255 1382 281 a
1405 240 1491 282 tuis

149 298 260 352 abes,
293 298 337 339 id
367 312 416 339 eo
448 298 582 339 levius
614 298 833 339 ferendum
865 299 945 351 est,
977 297 1093 352 quod
1123 298 1270 340 eodem
1300 301 1491 353 tempore

149 372 173 397 a
204 356 349 397 multis
382 359 423 397 et
454 356 619 411 magnis
656 356 862 397 molestiis
901 355 1018 412 abes3
1056 371 1160 411 quas
1197 357 1251 398 ad
1280 359 1323 399 te
1354 357 1490 399 omnis

148 415 471 470 perscriberem,
509 415 590 456 nisi
629 429 811 469 vererer,
848 428 901 456 ne
939 429 987 456 ea
1025 427 1298 471 cognosceres
1330 430 1491 471 apsens,
1528 428 1545 454 5

150 488 256 528 quae
288 474 386 528 quia
418 488 502 515 non
534 473 666 528 vides,
698 473 804 514 mihi
836 473 992 515 videris
1023 474 1200 516 meliore
1231 488 1320 516 esse
1351 474 1492 516 condi-

151 532 270 573 cione
303 547 429 586 quam
461 547 548 585 nOS,
582 532 654 586 qui
686 532 887 573 videmus.

238 590 452 632 Hactenus
484 591 680 632 existimo
712 593 901 632 nostram
927 591 1261 633 consolationem
1286 594 1398 633 recte
1423 592 1493 634 ad-

148 648 331 690 hibitam
374 663 482 703 esse,
533 650 672 703 quoad
716 649 871 690 certior
919 649 972 691 ab
1020 649 1193 692 homine
1236 650 1491 693 amicissimo

150 708 271 748 fieres
298 708 349 748 iis
376 708 425 749 de
451 708 588 762 rebus,
615 708 769 762 quibus
788 708 920 749 levari
946 711 1118 763 possent
1138 709 1357 751 molestiae
1382 712 1490 751 tuae.
1511 722 1544 748 ιο

149 765 330 819 Reliqua
361 769 459 807 sunt
491 766 533 807 in
565 769 606 808 te
633 767 724 821 ipso
750 781 885 821 neque
911 767 1016 808 mihi
1043 767 1191 823 ignota
1215 782 1292 809 nec
1315 767 1492 810 minima

151 825 324 878 solacia,
363 827 410 865 ut
448 825 617 879 quidem
650 840 728 881 ego
766 826 923 880 sentio,
963 826 1100 867 multo
1140 827 1342 882 maxima3
1386 841 1492 882 quae

152 898 230 938 ego
269 883 486 938 experiens
523 884 678 925 cotidie
715 884 775 925 sic
809 884 966 939 probo,
1006 887 1054 926 ut
1091 899 1140 926 ea
1175 885 1282 926 mihi
1313 886 1493 928 salutem

151 942 314 982 adferre
353 942 584 983 videantur.
646 942 705 984 Te
743 946 883 984 autem
915 943 967 984 ab
1000 943 1124 985 initio
1155 945 1305 985 aetatis
1336 959 1493 986 memo-

151 1000 213 1041 ria
240 1003 360 1041 teneo
387 1015 548 1042 summe
575 1001 765 1042 omnium
791 1002 1078 1044 doctrinarum
1100 1003 1338 1044 studiosum
1362 1003 1492 1045 fuisse
1511 1015 1544 1041 15

152 1059 395 1113 omniaque,
439 1074 546 1114 quae
589 1075 613 1100 a
656 1061 977 1115 sapientissimis
1021 1061 1074 1102 ad
1116 1061 1222 1103 bene
1264 1062 1492 1104 vivendum

151 1118 307 1158 tradita
339 1120 488 1172 essent,
525 1132 690 1160 summo
729 1119 868 1160 studio
907 1134 1089 1174 curaque
1127 1120 1343 1176 didicisse3
1385 1135 1492 1176 quae

153 1175 323 1229 quidem
355 1176 422 1217 vel
454 1177 626 1231 optimis
665 1177 790 1218 rebus
823 1181 863 1219 et
900 1178 996 1220 usui
1028 1181 1070 1220 et
1102 1178 1373 1221 delectationi
1403 1194 1492 1222 esse

151 1237 340 1288 possent,
378 1234 444 1275 his
476 1249 575 1276 vero
607 1236 870 1289 temporibus
901 1236 1105 1278 habemus
1137 1238 1254 1279 aliud
1282 1238 1408 1294 nihil,
1447 1238 1493 1280 in

153 1306 236 1345 quo
274 1293 602 1346 adquiescamus
662 1293 785 1335 Nihil
821 1295 972 1336 faciam
1010 1296 1241 1338 insolenter
1276 1311 1413 1351 neque
1448 1299 1491 1339 te
1511 1309 1545 1334 2⁰

152 1351 228 1390 tali
259 1351 326 1391 vel
357 1351 532 1392 scientia
563 1351 630 1392 vel
660 1355 811 1393 natura
841 1354 1080 1407 praeditum
1110 1354 1327 1410 hortabor,
1360 1358 1409 1396 ut
1439 1355 1494 1397 ad

154 1422 222 1449 eas
254 1411 295 1449 te
328 1409 482 1450 referas
514 1410 636 1464 artis,
669 1411 822 1464 quibus
854 1426 878 1452 a
908 1413 1057 1466 primis
1088 1414 1352 1467 temporibus
1383 1416 1497 1455 aeta--

153 1467 208 1506 tis
234 1467 421 1507 studium
446 1471 567 1508 tuum
593 1468 762 1524 dedisti,
793 1472 959 1511 tantum
985 1471 1132 1525 dicam,
1164 1472 1278 1526 quod
1302 1475 1344 1514 te
1369 1487 1491 1527 spero

154 1525 503 1580 adprobaturum,
543 1541 627 1581 me,
664 1530 939 1582 posteaquam
976 1529 1039 1570 illi
1077 1530 1175 1584 arti,
1219 1531 1287 1572 cui
1324 1531 1492 1573 studue-

153 1598 260 1637 ram,
298 1584 406 1624 nihil
437 1598 525 1625 esse
556 1585 638 1626 loci
675 1601 810 1640 neque
843 1587 886 1627 in
919 1588 1033 1628 curia
1064 1603 1199 1643 neque
1231 1589 1275 1630 in
1306 1590 1400 1631 foro
1431 1590 1490 1631 vi·
1509 1600 1544 1628 25

155 1642 312 1695 derem,
352 1657 519 1683 omnem
557 1658 693 1684 meam
732 1659 874 1686 curam
912 1649 1038 1700 atque
1071 1662 1242 1701 operam
1273 1648 1326 1689 ad
1355 1648 1492 1703 philo-

153 1700 346 1754 sophiam
372 1702 608 1743 contulisse.
662 1702 775 1744 Tuae
807 1704 1004 1746 scientiae
1031 1706 1252 1747 excellenti
1278 1721 1326 1748 ac
1350 1707 1492 1764 singu-

152 1758 232 1799 lari
272 1773 356 1799 non
396 1760 531 1801 multo
572 1761 667 1814 plus
705 1776 831 1815 quam
868 1766 1036 1805 nostrae
1077 1765 1272 1806 relictum
1304 1768 1366 1806 est
1396 1766 1490 1808 loci.

153 1816 290 1865 Quare
327 1832 411 1858 non
443 1819 637 1872 equidem
668 1822 709 1860 te
747 1835 915 1876 moneo,
953 1823 1027 1863 sed
1062 1823 1169 1865 mihi
1200 1824 1260 1865 ita
1289 1824 1490 1879 persuasi,

152 1878 194 1916 te
234 1889 401 1929 quoque
441 1877 484 1917 in
525 1877 657 1918 isdem
694 1879 852 1920 versari
890 1880 1031 1936 rebus,
1073 1897 1178 1936 quae
1210 1883 1376 1924 etiamsi
1413 1882 1542 1924 mi-sso

150 1948 230 1974 nus
266 1934 532 1990 prodessent,
577 1936 764 1978 animum
801 1941 943 1980 tamen
980 1955 1003 1980 a
1040 1941 1325 1982 sollicitudine
1361 1941 1489 1982 abdu—

152 1995 304 2033 cerent.

239 2050 409 2092 Servius
447 2052 616 2107 quidem
654 2056 752 2096 tuus
789 2056 834 2096 in
872 2057 1068 2098 omnibus
1100 2057 1294 2114 ingenuis
1325 2057 1488 2099 artibus

151 2107 195 2149 in
234 2110 466 2164 primisque
504 2111 548 2152 in
579 2112 672 2167 hac,
714 2114 758 2154 in
796 2129 878 2168 qua
915 2129 994 2171 ego
1026 2130 1093 2157 me
1130 2116 1279 2171 scripsi
1320 2116 1488 2170 adquie-

151 2181 275 2219 scere,
308 2168 367 2209 ita
392 2173 593 2223 versatur,
625 2174 672 2212 ut
699 2173 892 2228 exc-ellat3
924 2189 948 2214 a
972 2188 1039 2215 me
1065 2188 1164 2215 vero
1190 2174 1250 2215 sic
1282 2174 1487 2231 diligitur,
1506 2187 1540 2213 35

149 2228 197 2265 ut
234 2226 312 2266 tibi
352 2228 424 2268 uni
462 2230 704 2285 concedam,
741 2233 957 2285 praeterea
993 2233 1168 2286 nemini,
1206 2232 1396 2286 mihique
1433 2234 1486 2276 ab

151 2298 199 2324 co
231 2285 366 2339 gratia
400 2288 597 2344 refertur,
636 2289 678 2329 in
717 2304 800 2344 quo
839 2290 910 2331 ille
948 2291 1179 2345 existimat,
1221 2292 1335 2345 quod
1365 2293 1487 2335 facile
