<?xml version="1.0" encoding="UTF-8"?>
<!DOCTYPE html PUBLIC "-//W3C//DTD XHTML 1.0 Transitional//EN"
    "http://www.w3.org/TR/xhtml1/DTD/xhtml1-transitional.dtd">
<html xmlns="http://www.w3.org/1999/xhtml" xml:lang="en" lang="en">
 <head>
  <title>
</title>
<meta http-equiv="Content-Type" content="text/html;charset=utf-8" />
  <meta name='ocr-system' content='tesseract 3.04.00' />
  <meta name='ocr-capabilities' content='ocr_page ocr_carea ocr_par ocr_line ocrx_word'/>
</head>
<body>
  <div class='ocr_page' id='page_1' title='image "./p1scriptaquaemanse03ciceuoft_0524.png"; bbox 0 0 1659 2552; ppageno 0'>
   <div class='ocr_carea' id='block_1_1' title="bbox 203 111 1009 152">
    <p class='ocr_par' dir='ltr' id='par_1_1' title="bbox 203 111 1009 152">
     <span class='ocr_line' id='line_1_1' title="bbox 203 111 1009 152; baseline -0.01 0"><span class='ocrx_word' id='word_1_1' title='bbox 203 112 289 152; x_wconf 82' lang='lat'>416</span> <span class='ocrx_word' id='word_1_2' title='bbox 668 111 1009 146; x_wconf 86' lang='lat' dir='ltr'><strong>EPISTULARUM</strong></span> 
     </span>
    </p>
   </div>
   <div class='ocr_carea' id='block_1_2' title="bbox 204 206 1607 557">
    <p class='ocr_par' dir='ltr' id='par_1_2' title="bbox 204 206 1607 557">
     <span class='ocr_line' id='line_1_2' title="bbox 204 206 1552 263; baseline 0.001 -15"><span class='ocrx_word' id='word_1_3' title='bbox 204 210 279 248; x_wconf 89' lang='lat' dir='ltr'>tuo</span> <span class='ocrx_word' id='word_1_4' title='bbox 312 207 529 249; x_wconf 88' lang='lat' dir='ltr'>iudicares.</span> <span class='ocrx_word' id='word_1_5' title='bbox 592 206 625 248; x_wconf 83' lang='lat' dir='ltr'><strong>F</strong></span> <span class='ocrx_word' id='word_1_6' title='bbox 629 207 758 248; x_wconf 82' lang='lat' dir='ltr'>eceris</span> <span class='ocrx_word' id='word_1_7' title='bbox 791 207 924 262; x_wconf 89' lang='lat' dir='ltr'>igitur</span> <span class='ocrx_word' id='word_1_8' title='bbox 955 206 1061 247; x_wconf 87' lang='lat' dir='ltr'>mihi</span> <span class='ocrx_word' id='word_1_9' title='bbox 1099 207 1410 263; x_wconf 87' lang='lat' dir='ltr'>gratissimum,</span> <span class='ocrx_word' id='word_1_10' title='bbox 1448 208 1482 249; x_wconf 88' lang='lat' dir='ltr'>si</span> <span class='ocrx_word' id='word_1_11' title='bbox 1515 209 1552 250; x_wconf 91' lang='lat' dir='ltr'>ei</span> 
     </span>
     <span class='ocr_line' id='line_1_3' title="bbox 205 265 1553 321; baseline 0.001 -14"><span class='ocrx_word' id='word_1_12' title='bbox 205 266 447 321; x_wconf 86' lang='lat' dir='ltr'>declararis,</span> <span class='ocrx_word' id='word_1_13' title='bbox 489 266 637 320; x_wconf 90' lang='lat' dir='ltr'>quanti</span> <span class='ocrx_word' id='word_1_14' title='bbox 674 280 741 306; x_wconf 91' lang='lat' dir='ltr'>me</span> <span class='ocrx_word' id='word_1_15' title='bbox 780 266 926 319; x_wconf 86' lang='lat' dir='ltr'>facias,</span> <span class='ocrx_word' id='word_1_16' title='bbox 968 265 1012 306; x_wconf 90' lang='lat' dir='ltr'>id</span> <span class='ocrx_word' id='word_1_17' title='bbox 1050 267 1112 306; x_wconf 88' lang='lat' dir='ltr'>est</span> <span class='ocrx_word' id='word_1_18' title='bbox 1150 266 1186 306; x_wconf 91' lang='lat' dir='ltr'>si</span> <span class='ocrx_word' id='word_1_19' title='bbox 1218 267 1425 321; x_wconf 82' lang='lat' dir='ltr'>receperis</span> <span class='ocrx_word' id='word_1_20' title='bbox 1457 281 1553 308; x_wconf 91' lang='lat' dir='ltr'>eum</span> 
     </span>
     <span class='ocr_line' id='line_1_4' title="bbox 204 324 1554 379; baseline 0.001 -13"><span class='ocrx_word' id='word_1_21' title='bbox 204 325 249 366; x_wconf 90' lang='lat' dir='ltr'>in</span> <span class='ocrx_word' id='word_1_22' title='bbox 291 325 419 366; x_wconf 91' lang='lat' dir='ltr'>fidem</span> <span class='ocrx_word' id='word_1_23' title='bbox 462 327 579 366; x_wconf 91' lang='lat' dir='ltr'>tuam</span> <span class='ocrx_word' id='word_1_24' title='bbox 624 327 684 379; x_wconf 91' lang='lat' dir='ltr'>et,</span> <span class='ocrx_word' id='word_1_25' title='bbox 735 324 1072 379; x_wconf 87' lang='lat' dir='ltr'>quibuscumque</span> <span class='ocrx_word' id='word_1_26' title='bbox 1117 325 1243 366; x_wconf 88' lang='lat' dir='ltr'>rebus</span> <span class='ocrx_word' id='word_1_27' title='bbox 1285 325 1462 367; x_wconf 81' lang='lat' dir='ltr'>honeste</span> <span class='ocrx_word' id='word_1_28' title='bbox 1506 339 1554 367; x_wconf 81' lang='lat' dir='ltr'>ac</span> 
     </span>
     <span class='ocr_line' id='line_1_5' title="bbox 206 383 1553 438; baseline 0.001 -13"><span class='ocrx_word' id='word_1_29' title='bbox 206 384 294 425; x_wconf 90' lang='lat' dir='ltr'>sine</span> <span class='ocrx_word' id='word_1_30' title='bbox 335 384 530 425; x_wconf 86' lang='lat' dir='ltr'>molestia</span> <span class='ocrx_word' id='word_1_31' title='bbox 570 386 643 424; x_wconf 88' lang='lat' dir='ltr'>tua</span> <span class='ocrx_word' id='word_1_32' title='bbox 683 383 863 438; x_wconf 87' lang='lat' dir='ltr'>poteris,</span> <span class='ocrx_word' id='word_1_33' title='bbox 904 383 1126 424; x_wconf 83' lang='lat' dir='ltr'>adiuveris.</span> <span class='ocrx_word' id='word_1_34' title='bbox 1196 383 1290 425; x_wconf 85' lang='lat' dir='ltr'>Hoc</span> <span class='ocrx_word' id='word_1_35' title='bbox 1327 384 1434 425; x_wconf 87' lang='lat' dir='ltr'>mihi</span> <span class='ocrx_word' id='word_1_36' title='bbox 1472 385 1553 426; x_wconf 87' lang='lat' dir='ltr'>erit</span> 
     </span>
     <span class='ocr_line' id='line_1_6' title="bbox 205 442 1607 498; baseline 0.001 -14"><span class='ocrx_word' id='word_1_37' title='bbox 205 442 476 484; x_wconf 82' lang='lat' dir='ltr'>vehementer</span> <span class='ocrx_word' id='word_1_38' title='bbox 513 445 705 498; x_wconf 82' lang='lat' dir='ltr'>gratum,</span> <span class='ocrx_word' id='word_1_39' title='bbox 746 442 873 496; x_wconf 89' lang='lat' dir='ltr'>idque</span> <span class='ocrx_word' id='word_1_40' title='bbox 910 444 958 483; x_wconf 91' lang='lat' dir='ltr'>ut</span> <span class='ocrx_word' id='word_1_41' title='bbox 996 442 1145 496; x_wconf 88' lang='lat' dir='ltr'>facias,</span> <span class='ocrx_word' id='word_1_42' title='bbox 1186 445 1228 483; x_wconf 91' lang='lat' dir='ltr'>te</span> <span class='ocrx_word' id='word_1_43' title='bbox 1266 443 1394 484; x_wconf 88' lang='lat' dir='ltr'>etiam</span> <span class='ocrx_word' id='word_1_44' title='bbox 1426 445 1552 498; x_wconf 87' lang='lat' dir='ltr'>atque</span> <span class='ocrx_word' id='word_1_45' title='bbox 1590 454 1607 480; x_wconf 86' lang='lat'><strong>5</strong></span> 
     </span>
     <span class='ocr_line' id='line_1_7' title="bbox 205 501 482 557; baseline -0.004 -14"><span class='ocrx_word' id='word_1_46' title='bbox 205 501 333 543; x_wconf 87' lang='lat' dir='ltr'>etiam</span> <span class='ocrx_word' id='word_1_47' title='bbox 365 516 482 557; x_wconf 88' lang='lat' dir='ltr'>rogo.</span> 
     </span>
    </p>
   </div>
   <div class='ocr_carea' id='block_1_3' title="bbox 407 605 1347 732">
    <p class='ocr_par' dir='ltr' id='par_1_3' title="bbox 407 605 1347 732">
     <span class='ocr_line' id='line_1_8' title="bbox 783 605 977 647; baseline 0 0"><span class='ocrx_word' id='word_1_48' title='bbox 783 605 977 647; x_wconf 81' lang='lat' dir='ltr'><strong>LXVIII.</strong></span> 
     </span>
     <span class='ocr_line' id='line_1_9' title="bbox 407 687 1347 732; baseline -0.001 -10"><span class='ocrx_word' id='word_1_49' title='bbox 407 688 482 722; x_wconf 77' lang='lat' dir='ltr'>Ser.</span> <span class='ocrx_word' id='word_1_50' title='bbox 511 688 648 722; x_wconf 79' lang='lat' dir='ltr'>Romae</span> <span class='ocrx_word' id='word_1_51' title='bbox 674 688 756 722; x_wconf 76' lang='lat' dir='ltr'>circ.</span> <span class='ocrx_word' id='word_1_52' title='bbox 783 688 872 722; x_wconf 72' lang='lat' dir='ltr'>med.</span> <span class='ocrx_word' id='word_1_53' title='bbox 899 699 943 721; x_wconf 83' lang='lat' dir='ltr'>m.</span> <span class='ocrx_word' id='word_1_54' title='bbox 971 687 1065 732; x_wconf 75' lang='lat' dir='ltr'>Sept.</span> <span class='ocrx_word' id='word_1_55' title='bbox 1092 699 1126 722; x_wconf 87' lang='lat' dir='ltr'>a.</span> <span class='ocrx_word' id='word_1_56' title='bbox 1154 690 1177 721; x_wconf 75' lang='grc' dir='ltr'>’ἴ</span> <span class='ocrx_word' id='word_1_57' title='bbox 1179 689 1228 722; x_wconf 87' lang='grc'>08</span> <span class='ocrx_word' id='word_1_58' title='bbox 1256 689 1347 731; x_wconf 77' lang='lat'><em>(46).</em></span> 
     </span>
    </p>
   </div>
   <div class='ocr_carea' id='block_1_4' title="bbox 253 768 1607 869">
    <p class='ocr_par' dir='ltr' id='par_1_4' title="bbox 253 768 1607 869">
     <span class='ocr_line' id='line_1_10' title="bbox 253 768 1511 805; baseline 0.001 -2"><span class='ocrx_word' id='word_1_59' title='bbox 253 770 300 805; x_wconf 71' lang='lat' dir='ltr'>M,</span> <span class='ocrx_word' id='word_1_60' title='bbox 329 769 529 804; x_wconf 74' lang='lat' dir='ltr'><strong>TULLIUS</strong></span> <span class='ocrx_word' id='word_1_61' title='bbox 557 768 726 803; x_wconf 88' lang='lat' dir='ltr'>CICERO</span> <span class='ocrx_word' id='word_1_62' title='bbox 753 769 791 804; x_wconf 91' lang='lat' dir='ltr'>P.</span> <span class='ocrx_word' id='word_1_63' title='bbox 821 769 1040 803; x_wconf 84' lang='lat' dir='ltr'><strong>SERVILIO</strong></span> <span class='ocrx_word' id='word_1_64' title='bbox 1067 768 1288 804; x_wconf 87' lang='lat' dir='ltr'><strong>ISAURICO</strong></span> <span class='ocrx_word' id='word_1_65' title='bbox 1318 768 1511 804; x_wconf 90' lang='lat' dir='ltr'>PROCOS.</span> 
     </span>
     <span class='ocr_line' id='line_1_11' title="bbox 689 827 1607 869; baseline 0 -7"><span class='ocrx_word' id='word_1_66' title='bbox 689 827 937 862; x_wconf 85' lang='lat' dir='ltr'>COLLEGAE</span> <span class='ocrx_word' id='word_1_67' title='bbox 968 828 1001 863; x_wconf 87' lang='lat' dir='ltr'>S.</span> <span class='ocrx_word' id='word_1_68' title='bbox 1028 827 1066 862; x_wconf 90' lang='lat' dir='ltr'>P.</span> <span class='ocrx_word' id='word_1_69' title='bbox 1573 843 1607 869; x_wconf 88' lang='lat'>10</span> 
     </span>
    </p>
   </div>
   <div class='ocr_carea' id='block_1_5' title="bbox 205 911 1606 2201">
    <p class='ocr_par' dir='ltr' id='par_1_5' title="bbox 205 911 1606 1379">
     <span class='ocr_line' id='line_1_12' title="bbox 297 911 1554 965; baseline -0.001 -12"><span class='ocrx_word' id='word_1_70' title='bbox 297 911 450 953; x_wconf 82' lang='lat' dir='ltr'>Gratae</span> <span class='ocrx_word' id='word_1_71' title='bbox 488 912 595 953; x_wconf 89' lang='lat' dir='ltr'>mihi</span> <span class='ocrx_word' id='word_1_72' title='bbox 633 912 905 953; x_wconf 76' lang='lat' dir='ltr'>vehementer</span> <span class='ocrx_word' id='word_1_73' title='bbox 941 915 1038 953; x_wconf 90' lang='lat' dir='ltr'>tuae</span> <span class='ocrx_word' id='word_1_74' title='bbox 1075 912 1243 953; x_wconf 75' lang='lat' dir='ltr'>litterae</span> <span class='ocrx_word' id='word_1_75' title='bbox 1275 911 1464 965; x_wconf 87' lang='lat' dir='ltr'>fuerunt,</span> <span class='ocrx_word' id='word_1_76' title='bbox 1503 925 1554 952; x_wconf 85' lang='lat' dir='ltr'>ex</span> 
     </span>
     <span class='ocr_line' id='line_1_13' title="bbox 206 970 1554 1027; baseline -0.001 -16"><span class='ocrx_word' id='word_1_77' title='bbox 206 971 362 1025; x_wconf 85' lang='lat' dir='ltr'>quibus</span> <span class='ocrx_word' id='word_1_78' title='bbox 401 971 582 1026; x_wconf 78' lang='lat' dir='ltr'>cognovi</span> <span class='ocrx_word' id='word_1_79' title='bbox 624 985 770 1012; x_wconf 86' lang='lat' dir='ltr'>cursus</span> <span class='ocrx_word' id='word_1_80' title='bbox 808 971 1130 1027; x_wconf 76' lang='lat' dir='ltr'>navigationum</span> <span class='ocrx_word' id='word_1_81' title='bbox 1166 973 1354 1025; x_wconf 77' lang='lat' dir='ltr'>tuarum3</span> <span class='ocrx_word' id='word_1_82' title='bbox 1395 970 1554 1027; x_wconf 88' lang='lat' dir='ltr'>signifi-</span> 
     </span>
     <span class='ocr_line' id='line_1_14' title="bbox 206 1029 1554 1084; baseline 0 -14"><span class='ocrx_word' id='word_1_83' title='bbox 206 1030 330 1070; x_wconf 81' lang='lat' dir='ltr'>cabas</span> <span class='ocrx_word' id='word_1_84' title='bbox 357 1030 469 1070; x_wconf 90' lang='lat' dir='ltr'>enim</span> <span class='ocrx_word' id='word_1_85' title='bbox 495 1030 744 1071; x_wconf 82' lang='lat' dir='ltr'>memoriam</span> <span class='ocrx_word' id='word_1_86' title='bbox 769 1032 887 1071; x_wconf 89' lang='lat' dir='ltr'>tuam</span> <span class='ocrx_word' id='word_1_87' title='bbox 911 1032 1081 1071; x_wconf 85' lang='lat' dir='ltr'>nostrae</span> <span class='ocrx_word' id='word_1_88' title='bbox 1106 1029 1439 1084; x_wconf 80' lang='lat' dir='ltr'>necessitudinis,</span> <span class='ocrx_word' id='word_1_89' title='bbox 1471 1043 1554 1084; x_wconf 87' lang='lat' dir='ltr'>qua</span> 
     </span>
     <span class='ocr_line' id='line_1_15' title="bbox 205 1088 1552 1143; baseline 0 -14"><span class='ocrx_word' id='word_1_90' title='bbox 205 1088 311 1129; x_wconf 90' lang='lat' dir='ltr'>mihi</span> <span class='ocrx_word' id='word_1_91' title='bbox 337 1089 447 1129; x_wconf 89' lang='lat' dir='ltr'>nihil</span> <span class='ocrx_word' id='word_1_92' title='bbox 477 1091 645 1143; x_wconf 85' lang='lat' dir='ltr'>poterat</span> <span class='ocrx_word' id='word_1_93' title='bbox 673 1103 761 1130; x_wconf 90' lang='lat' dir='ltr'>esse</span> <span class='ocrx_word' id='word_1_94' title='bbox 794 1089 1028 1130; x_wconf 88' lang='lat' dir='ltr'>iucundius.</span> <span class='ocrx_word' id='word_1_95' title='bbox 1092 1088 1215 1138; x_wconf 86' lang='lat' dir='ltr'>Quod</span> <span class='ocrx_word' id='word_1_96' title='bbox 1240 1088 1452 1143; x_wconf 89' lang='lat' dir='ltr'>reliquum</span> <span class='ocrx_word' id='word_1_97' title='bbox 1479 1090 1552 1142; x_wconf 89' lang='lat' dir='ltr'>est,</span> 
     </span>
     <span class='ocr_line' id='line_1_16' title="bbox 205 1146 1606 1203; baseline -0.001 -15"><span class='ocrx_word' id='word_1_98' title='bbox 205 1148 342 1188; x_wconf 87' lang='lat' dir='ltr'>multo</span> <span class='ocrx_word' id='word_1_99' title='bbox 376 1147 503 1188; x_wconf 87' lang='lat' dir='ltr'>etiam</span> <span class='ocrx_word' id='word_1_100' title='bbox 535 1148 616 1188; x_wconf 90' lang='lat' dir='ltr'>erit</span> <span class='ocrx_word' id='word_1_101' title='bbox 647 1148 822 1203; x_wconf 84' lang='lat' dir='ltr'>gratius,</span> <span class='ocrx_word' id='word_1_102' title='bbox 855 1148 889 1188; x_wconf 91' lang='lat' dir='ltr'>si</span> <span class='ocrx_word' id='word_1_103' title='bbox 922 1148 974 1188; x_wconf 90' lang='lat' dir='ltr'>ad</span> <span class='ocrx_word' id='word_1_104' title='bbox 1004 1161 1072 1188; x_wconf 90' lang='lat' dir='ltr'>me</span> <span class='ocrx_word' id='word_1_105' title='bbox 1105 1147 1154 1188; x_wconf 92' lang='lat' dir='ltr'>de</span> <span class='ocrx_word' id='word_1_106' title='bbox 1180 1162 1225 1188; x_wconf 88' lang='lat' dir='ltr'>re</span> <span class='ocrx_word' id='word_1_107' title='bbox 1255 1163 1307 1201; x_wconf 92' lang='lat' dir='ltr'>p.,</span> <span class='ocrx_word' id='word_1_108' title='bbox 1339 1147 1383 1188; x_wconf 90' lang='lat' dir='ltr'>id</span> <span class='ocrx_word' id='word_1_109' title='bbox 1414 1149 1477 1188; x_wconf 88' lang='lat' dir='ltr'>est</span> <span class='ocrx_word' id='word_1_110' title='bbox 1503 1146 1553 1187; x_wconf 90' lang='lat' dir='ltr'>de</span> <span class='ocrx_word' id='word_1_111' title='bbox 1574 1160 1606 1185; x_wconf 89' lang='lat'>15</span> 
     </span>
     <span class='ocr_line' id='line_1_17' title="bbox 206 1205 1552 1260; baseline 0 -13"><span class='ocrx_word' id='word_1_112' title='bbox 206 1209 320 1247; x_wconf 88' lang='lat' dir='ltr'>statu</span> <span class='ocrx_word' id='word_1_113' title='bbox 351 1206 606 1260; x_wconf 76' lang='lat' dir='ltr'>provinciae,</span> <span class='ocrx_word' id='word_1_114' title='bbox 640 1207 689 1247; x_wconf 94' lang='lat' dir='ltr'>de</span> <span class='ocrx_word' id='word_1_115' title='bbox 721 1206 929 1247; x_wconf 84' lang='lat' dir='ltr'>institutis</span> <span class='ocrx_word' id='word_1_116' title='bbox 961 1206 1059 1260; x_wconf 90' lang='lat' dir='ltr'>tuis,</span> <span class='ocrx_word' id='word_1_117' title='bbox 1091 1206 1359 1247; x_wconf 83' lang='lat' dir='ltr'>familiariter</span> <span class='ocrx_word' id='word_1_118' title='bbox 1384 1205 1552 1247; x_wconf 85' lang='lat' dir='ltr'>scribes.</span> 
     </span>
     <span class='ocr_line' id='line_1_18' title="bbox 207 1264 1553 1319; baseline 0 -14"><span class='ocrx_word' id='word_1_119' title='bbox 207 1264 322 1314; x_wconf 87' lang='lat' dir='ltr'>Quae</span> <span class='ocrx_word' id='word_1_120' title='bbox 362 1280 618 1319; x_wconf 88' lang='lat' dir='ltr'>quamquam</span> <span class='ocrx_word' id='word_1_121' title='bbox 657 1280 708 1306; x_wconf 80' lang='lat' dir='ltr'>ex</span> <span class='ocrx_word' id='word_1_122' title='bbox 745 1265 892 1306; x_wconf 87' lang='lat' dir='ltr'>multis</span> <span class='ocrx_word' id='word_1_123' title='bbox 929 1279 1006 1319; x_wconf 84' lang='lat' dir='ltr'>pro</span> <span class='ocrx_word' id='word_1_124' title='bbox 1044 1268 1118 1305; x_wconf 90' lang='lat' dir='ltr'>tua</span> <span class='ocrx_word' id='word_1_125' title='bbox 1151 1265 1341 1306; x_wconf 82' lang='lat' dir='ltr'>claritate</span> <span class='ocrx_word' id='word_1_126' title='bbox 1373 1264 1553 1318; x_wconf 80' lang='lat' dir='ltr'>audiam,</span> 
     </span>
     <span class='ocr_line' id='line_1_19' title="bbox 206 1323 1342 1379; baseline 0 -15"><span class='ocrx_word' id='word_1_127' title='bbox 206 1325 349 1364; x_wconf 84' lang='lat' dir='ltr'>tamen</span> <span class='ocrx_word' id='word_1_128' title='bbox 380 1324 660 1364; x_wconf 84' lang='lat' dir='ltr'>libentissime</span> <span class='ocrx_word' id='word_1_129' title='bbox 694 1338 745 1364; x_wconf 79' lang='lat' dir='ltr'>ex</span> <span class='ocrx_word' id='word_1_130' title='bbox 776 1324 862 1364; x_wconf 86' lang='lat' dir='ltr'>tuis</span> <span class='ocrx_word' id='word_1_131' title='bbox 892 1323 1048 1364; x_wconf 81' lang='lat' dir='ltr'>litteris</span> <span class='ocrx_word' id='word_1_132' title='bbox 1081 1338 1342 1379; x_wconf 86' lang='lat' dir='ltr'>cognoscam.</span> 
     </span>
    </p>

    <p class='ocr_par' dir='ltr' id='par_1_6' title="bbox 206 1381 1606 2201">
     <span class='ocr_line' id='line_1_20' title="bbox 297 1381 1553 1437; baseline 0 -15"><span class='ocrx_word' id='word_1_133' title='bbox 297 1381 392 1437; x_wconf 88' lang='lat' dir='ltr'>Ego</span> <span class='ocrx_word' id='word_1_134' title='bbox 431 1382 483 1422; x_wconf 88' lang='lat' dir='ltr'>ad</span> <span class='ocrx_word' id='word_1_135' title='bbox 523 1384 585 1436; x_wconf 85' lang='lat' dir='ltr'>te,</span> <span class='ocrx_word' id='word_1_136' title='bbox 628 1382 677 1422; x_wconf 87' lang='lat' dir='ltr'>de</span> <span class='ocrx_word' id='word_1_137' title='bbox 714 1396 759 1422; x_wconf 91' lang='lat' dir='ltr'>re</span> <span class='ocrx_word' id='word_1_138' title='bbox 798 1397 836 1436; x_wconf 92' lang='lat' dir='ltr'>p.</span> <span class='ocrx_word' id='word_1_139' title='bbox 877 1396 1041 1422; x_wconf 88' lang='lat' dir='ltr'>summa</span> <span class='ocrx_word' id='word_1_140' title='bbox 1081 1382 1184 1435; x_wconf 91' lang='lat' dir='ltr'>quid</span> <span class='ocrx_word' id='word_1_141' title='bbox 1224 1381 1424 1435; x_wconf 89' lang='lat' dir='ltr'>sentiam,</span> <span class='ocrx_word' id='word_1_142' title='bbox 1467 1394 1553 1422; x_wconf 87' lang='lat' dir='ltr'>non</span> 
     </span>
     <span class='ocr_line' id='line_1_21' title="bbox 209 1440 1606 1494; baseline -0.001 -14"><span class='ocrx_word' id='word_1_143' title='bbox 209 1454 331 1494; x_wconf 87' lang='lat' dir='ltr'>saepe</span> <span class='ocrx_word' id='word_1_144' title='bbox 357 1441 539 1481; x_wconf 87' lang='lat' dir='ltr'>scribam</span> <span class='ocrx_word' id='word_1_145' title='bbox 564 1442 740 1494; x_wconf 86' lang='lat' dir='ltr'>propter</span> <span class='ocrx_word' id='word_1_146' title='bbox 769 1440 1006 1494; x_wconf 88' lang='lat' dir='ltr'>periculum</span> <span class='ocrx_word' id='word_1_147' title='bbox 1033 1440 1122 1481; x_wconf 89' lang='lat' dir='ltr'>eius</span> <span class='ocrx_word' id='word_1_148' title='bbox 1147 1440 1262 1481; x_wconf 90' lang='lat' dir='ltr'>modi</span> <span class='ocrx_word' id='word_1_149' title='bbox 1294 1440 1552 1493; x_wconf 83' lang='lat' dir='ltr'>litterarum3</span> <span class='ocrx_word' id='word_1_150' title='bbox 1573 1453 1606 1478; x_wconf 82' lang='lat'>20</span> 
     </span>
     <span class='ocr_line' id='line_1_22' title="bbox 208 1498 1553 1554; baseline 0 -16"><span class='ocrx_word' id='word_1_151' title='bbox 208 1499 310 1552; x_wconf 91' lang='lat' dir='ltr'>quid</span> <span class='ocrx_word' id='word_1_152' title='bbox 348 1501 499 1554; x_wconf 83' lang='lat' dir='ltr'>agatur</span> <span class='ocrx_word' id='word_1_153' title='bbox 537 1502 695 1552; x_wconf 89' lang='lat' dir='ltr'>autem,</span> <span class='ocrx_word' id='word_1_154' title='bbox 737 1499 918 1539; x_wconf 88' lang='lat' dir='ltr'>scribam</span> <span class='ocrx_word' id='word_1_155' title='bbox 956 1499 1132 1553; x_wconf 87' lang='lat' dir='ltr'>saepius.</span> <span class='ocrx_word' id='word_1_156' title='bbox 1196 1498 1373 1554; x_wconf 83' lang='lat' dir='ltr'>Sperare</span> <span class='ocrx_word' id='word_1_157' title='bbox 1410 1500 1553 1539; x_wconf 87' lang='lat' dir='ltr'>tamen</span> 
     </span>
     <span class='ocr_line' id='line_1_23' title="bbox 207 1557 1553 1613; baseline 0.001 -16"><span class='ocrx_word' id='word_1_158' title='bbox 207 1557 354 1598; x_wconf 84' lang='lat' dir='ltr'>videor</span> <span class='ocrx_word' id='word_1_159' title='bbox 387 1557 576 1610; x_wconf 80' lang='lat' dir='ltr'>Caesari,</span> <span class='ocrx_word' id='word_1_160' title='bbox 609 1557 794 1613; x_wconf 80' lang='lat' dir='ltr'>collegae</span> <span class='ocrx_word' id='word_1_161' title='bbox 826 1560 985 1612; x_wconf 83' lang='lat' dir='ltr'>nostro,</span> <span class='ocrx_word' id='word_1_162' title='bbox 1017 1559 1107 1599; x_wconf 87' lang='lat' dir='ltr'>fore</span> <span class='ocrx_word' id='word_1_163' title='bbox 1140 1571 1262 1598; x_wconf 84' lang='lat' dir='ltr'>curae</span> <span class='ocrx_word' id='word_1_164' title='bbox 1296 1560 1337 1598; x_wconf 84' lang='lat' dir='ltr'>et</span> <span class='ocrx_word' id='word_1_165' title='bbox 1369 1571 1473 1611; x_wconf 89' lang='lat' dir='ltr'>esse,</span> <span class='ocrx_word' id='word_1_166' title='bbox 1505 1559 1553 1598; x_wconf 90' lang='lat' dir='ltr'>ut</span> 
     </span>
     <span class='ocr_line' id='line_1_24' title="bbox 206 1615 1554 1672; baseline 0 -16"><span class='ocrx_word' id='word_1_167' title='bbox 206 1615 438 1656; x_wconf 82' lang='lat' dir='ltr'>habeamus</span> <span class='ocrx_word' id='word_1_168' title='bbox 471 1616 656 1669; x_wconf 87' lang='lat' dir='ltr'>aliquam</span> <span class='ocrx_word' id='word_1_169' title='bbox 688 1631 777 1657; x_wconf 87' lang='lat' dir='ltr'>rem</span> <span class='ocrx_word' id='word_1_170' title='bbox 814 1631 866 1671; x_wconf 90' lang='lat' dir='ltr'>p.,</span> <span class='ocrx_word' id='word_1_171' title='bbox 905 1616 1022 1657; x_wconf 81' lang='lat' dir='ltr'>cuius</span> <span class='ocrx_word' id='word_1_172' title='bbox 1055 1616 1242 1657; x_wconf 81' lang='lat' dir='ltr'>consiliis</span> <span class='ocrx_word' id='word_1_173' title='bbox 1273 1616 1418 1672; x_wconf 89' lang='lat' dir='ltr'>magni</span> <span class='ocrx_word' id='word_1_174' title='bbox 1450 1615 1554 1656; x_wconf 90' lang='lat' dir='ltr'>refe-</span> 
     </span>
     <span class='ocr_line' id='line_1_25' title="bbox 207 1674 1554 1730; baseline 0.001 -16"><span class='ocrx_word' id='word_1_175' title='bbox 207 1674 327 1715; x_wconf 87' lang='lat' dir='ltr'>rebat</span> <span class='ocrx_word' id='word_1_176' title='bbox 360 1678 400 1715; x_wconf 80' lang='lat' dir='ltr'>te</span> <span class='ocrx_word' id='word_1_177' title='bbox 434 1675 652 1728; x_wconf 72' lang='lat' dir='ltr'>interesse3</span> <span class='ocrx_word' id='word_1_178' title='bbox 695 1675 783 1729; x_wconf 83' lang='lat' dir='ltr'>sed,</span> <span class='ocrx_word' id='word_1_179' title='bbox 816 1675 851 1715; x_wconf 85' lang='lat' dir='ltr'>si</span> <span class='ocrx_word' id='word_1_180' title='bbox 883 1675 963 1715; x_wconf 87' lang='lat' dir='ltr'>tibi</span> <span class='ocrx_word' id='word_1_181' title='bbox 996 1675 1143 1716; x_wconf 89' lang='lat' dir='ltr'>utilius</span> <span class='ocrx_word' id='word_1_182' title='bbox 1175 1678 1258 1729; x_wconf 86' lang='lat' dir='ltr'>est,</span> <span class='ocrx_word' id='word_1_183' title='bbox 1296 1675 1340 1715; x_wconf 91' lang='lat' dir='ltr'>id</span> <span class='ocrx_word' id='word_1_184' title='bbox 1371 1677 1434 1716; x_wconf 88' lang='lat' dir='ltr'>est</span> <span class='ocrx_word' id='word_1_185' title='bbox 1464 1674 1554 1730; x_wconf 90' lang='lat' dir='ltr'>glo-</span> 
     </span>
     <span class='ocr_line' id='line_1_26' title="bbox 207 1732 1605 1788; baseline -0.001 -15"><span class='ocrx_word' id='word_1_186' title='bbox 207 1733 382 1787; x_wconf 87' lang='lat' dir='ltr'>riosius,</span> <span class='ocrx_word' id='word_1_187' title='bbox 420 1733 547 1774; x_wconf 87' lang='lat' dir='ltr'>Asiae</span> <span class='ocrx_word' id='word_1_188' title='bbox 587 1748 778 1788; x_wconf 87' lang='lat' dir='ltr'>praeesse</span> <span class='ocrx_word' id='word_1_189' title='bbox 819 1736 861 1775; x_wconf 92' lang='lat' dir='ltr'>et</span> <span class='ocrx_word' id='word_1_190' title='bbox 900 1734 1027 1775; x_wconf 82' lang='lat' dir='ltr'>istam</span> <span class='ocrx_word' id='word_1_191' title='bbox 1066 1737 1231 1788; x_wconf 89' lang='lat' dir='ltr'>partem</span> <span class='ocrx_word' id='word_1_192' title='bbox 1269 1734 1329 1774; x_wconf 92' lang='lat' dir='ltr'>rei</span> <span class='ocrx_word' id='word_1_193' title='bbox 1366 1749 1404 1787; x_wconf 90' lang='lat' dir='ltr'>p.</span> <span class='ocrx_word' id='word_1_194' title='bbox 1443 1732 1553 1774; x_wconf 88' lang='lat' dir='ltr'>male</span> <span class='ocrx_word' id='word_1_195' title='bbox 1572 1745 1605 1770; x_wconf 85' lang='lat'>25</span> 
     </span>
     <span class='ocr_line' id='line_1_27' title="bbox 207 1791 1552 1847; baseline 0 -15"><span class='ocrx_word' id='word_1_196' title='bbox 207 1792 415 1833; x_wconf 84' lang='lat' dir='ltr'>adfectam</span> <span class='ocrx_word' id='word_1_197' title='bbox 447 1792 575 1846; x_wconf 88' lang='lat' dir='ltr'>tueri,</span> <span class='ocrx_word' id='word_1_198' title='bbox 607 1792 714 1833; x_wconf 88' lang='lat' dir='ltr'>mihi</span> <span class='ocrx_word' id='word_1_199' title='bbox 747 1807 914 1847; x_wconf 92' lang='lat' dir='ltr'>quoque</span> <span class='ocrx_word' id='word_1_200' title='bbox 946 1792 1075 1847; x_wconf 91' lang='lat' dir='ltr'>idem,</span> <span class='ocrx_word' id='word_1_201' title='bbox 1108 1793 1221 1847; x_wconf 91' lang='lat' dir='ltr'>quod</span> <span class='ocrx_word' id='word_1_202' title='bbox 1251 1792 1332 1833; x_wconf 88' lang='lat' dir='ltr'>tibi</span> <span class='ocrx_word' id='word_1_203' title='bbox 1365 1794 1406 1832; x_wconf 89' lang='lat' dir='ltr'>et</span> <span class='ocrx_word' id='word_1_204' title='bbox 1437 1791 1552 1832; x_wconf 87' lang='lat' dir='ltr'>laudi</span> 
     </span>
     <span class='ocr_line' id='line_1_28' title="bbox 209 1850 1552 1906; baseline 0 -15"><span class='ocrx_word' id='word_1_205' title='bbox 209 1852 306 1891; x_wconf 88' lang='lat' dir='ltr'>tuae</span> <span class='ocrx_word' id='word_1_206' title='bbox 338 1851 610 1905; x_wconf 85' lang='lat' dir='ltr'>profuturum</span> <span class='ocrx_word' id='word_1_207' title='bbox 643 1854 722 1905; x_wconf 88' lang='lat' dir='ltr'>est,</span> <span class='ocrx_word' id='word_1_208' title='bbox 765 1851 951 1905; x_wconf 85' lang='lat' dir='ltr'>optatius</span> <span class='ocrx_word' id='word_1_209' title='bbox 984 1851 1109 1892; x_wconf 91' lang='lat' dir='ltr'>debet</span> <span class='ocrx_word' id='word_1_210' title='bbox 1140 1866 1239 1892; x_wconf 90' lang='lat' dir='ltr'>esse.</span> <span class='ocrx_word' id='word_1_211' title='bbox 1302 1850 1413 1906; x_wconf 89' lang='lat' dir='ltr'>Ego,</span> <span class='ocrx_word' id='word_1_212' title='bbox 1445 1864 1552 1904; x_wconf 89' lang='lat' dir='ltr'>quae</span> 
     </span>
     <span class='ocr_line' id='line_1_29' title="bbox 208 1909 1552 1965; baseline -0.001 -15"><span class='ocrx_word' id='word_1_213' title='bbox 208 1909 260 1949; x_wconf 88' lang='lat' dir='ltr'>ad</span> <span class='ocrx_word' id='word_1_214' title='bbox 291 1912 409 1950; x_wconf 90' lang='lat' dir='ltr'>tuam</span> <span class='ocrx_word' id='word_1_215' title='bbox 443 1910 695 1965; x_wconf 79' lang='lat' dir='ltr'>dignitatem</span> <span class='ocrx_word' id='word_1_216' title='bbox 725 1910 938 1964; x_wconf 89' lang='lat' dir='ltr'>pertinere</span> <span class='ocrx_word' id='word_1_217' title='bbox 971 1910 1230 1965; x_wconf 87' lang='lat' dir='ltr'>arbitrabor,</span> <span class='ocrx_word' id='word_1_218' title='bbox 1271 1922 1434 1950; x_wconf 86' lang='lat' dir='ltr'>summo</span> <span class='ocrx_word' id='word_1_219' title='bbox 1467 1911 1552 1949; x_wconf 88' lang='lat' dir='ltr'>stu-</span> 
     </span>
     <span class='ocr_line' id='line_1_30' title="bbox 208 1967 1550 2023; baseline -0.001 -15"><span class='ocrx_word' id='word_1_220' title='bbox 208 1967 277 2008; x_wconf 91' lang='lat' dir='ltr'>dio</span> <span class='ocrx_word' id='word_1_221' title='bbox 324 1968 628 2023; x_wconf 87' lang='lat' dir='ltr'>diligentiaque</span> <span class='ocrx_word' id='word_1_222' title='bbox 673 1968 829 2010; x_wconf 87' lang='lat' dir='ltr'>curabo</span> <span class='ocrx_word' id='word_1_223' title='bbox 874 1969 917 2009; x_wconf 92' lang='lat' dir='ltr'>in</span> <span class='ocrx_word' id='word_1_224' title='bbox 960 1969 1194 2023; x_wconf 86' lang='lat' dir='ltr'>primisque</span> <span class='ocrx_word' id='word_1_225' title='bbox 1240 1967 1393 2008; x_wconf 90' lang='lat' dir='ltr'>tuebor</span> <span class='ocrx_word' id='word_1_226' title='bbox 1436 1967 1550 2007; x_wconf 91' lang='lat' dir='ltr'>omni</span> 
     </span>
     <span class='ocr_line' id='line_1_31' title="bbox 208 2025 1606 2081; baseline -0.001 -14"><span class='ocrx_word' id='word_1_227' title='bbox 208 2026 477 2067; x_wconf 85' lang='lat' dir='ltr'>observantia</span> <span class='ocrx_word' id='word_1_228' title='bbox 509 2027 789 2068; x_wconf 89' lang='lat' dir='ltr'>clarissimum</span> <span class='ocrx_word' id='word_1_229' title='bbox 821 2027 971 2081; x_wconf 84' lang='lat' dir='ltr'>virum,</span> <span class='ocrx_word' id='word_1_230' title='bbox 1003 2030 1168 2081; x_wconf 91' lang='lat' dir='ltr'>patre&#39;m</span> <span class='ocrx_word' id='word_1_231' title='bbox 1200 2030 1332 2080; x_wconf 91' lang='lat' dir='ltr'>tuum,</span> <span class='ocrx_word' id='word_1_232' title='bbox 1365 2025 1478 2079; x_wconf 91' lang='lat' dir='ltr'>quod</span> <span class='ocrx_word' id='word_1_233' title='bbox 1510 2028 1552 2066; x_wconf 88' lang='lat' dir='ltr'>et</span> <span class='ocrx_word' id='word_1_234' title='bbox 1572 2037 1606 2062; x_wconf 76' lang='lat'>³0</span> 
     </span>
     <span class='ocr_line' id='line_1_32' title="bbox 206 2084 1553 2139; baseline 0.001 -14"><span class='ocrx_word' id='word_1_235' title='bbox 206 2099 284 2139; x_wconf 88' lang='lat' dir='ltr'>pro</span> <span class='ocrx_word' id='word_1_236' title='bbox 310 2088 521 2126; x_wconf 79' lang='lat' dir='ltr'>vetustate</span> <span class='ocrx_word' id='word_1_237' title='bbox 552 2086 874 2127; x_wconf 85' lang='lat' dir='ltr'>necessitudinis</span> <span class='ocrx_word' id='word_1_238' title='bbox 904 2088 949 2127; x_wconf 62' lang='lat' dir='ltr'>‘et</span> <span class='ocrx_word' id='word_1_239' title='bbox 980 2100 1057 2139; x_wconf 89' lang='lat' dir='ltr'>pro</span> <span class='ocrx_word' id='word_1_240' title='bbox 1090 2085 1305 2127; x_wconf 89' lang='lat' dir='ltr'>beneficiis</span> <span class='ocrx_word' id='word_1_241' title='bbox 1331 2084 1483 2125; x_wconf 83' lang='lat' dir='ltr'>vestris</span> <span class='ocrx_word' id='word_1_242' title='bbox 1511 2086 1553 2126; x_wconf 87' lang='lat' dir='ltr'>et</span> 
     </span>
     <span class='ocr_line' id='line_1_33' title="bbox 207 2144 1036 2201; baseline 0.002 -17"><span class='ocrx_word' id='word_1_243' title='bbox 207 2158 284 2197; x_wconf 88' lang='lat' dir='ltr'>pro</span> <span class='ocrx_word' id='word_1_244' title='bbox 318 2145 526 2201; x_wconf 86' lang='lat' dir='ltr'>dignitate</span> <span class='ocrx_word' id='word_1_245' title='bbox 558 2145 691 2199; x_wconf 86' lang='lat' dir='ltr'>ipsius</span> <span class='ocrx_word' id='word_1_246' title='bbox 724 2145 858 2186; x_wconf 83' lang='lat' dir='ltr'>facere</span> <span class='ocrx_word' id='word_1_247' title='bbox 893 2144 1036 2186; x_wconf 89' lang='lat' dir='ltr'>debeo.</span> 
     </span>
    </p>
   </div>
  </div>
 </body>
</html>
