1659 2552
565 692 707 726 LIBER
733 691 1041 728 DUODECIMUS

316 774 405 816 AD
439 774 482 817 O.
516 774 815 817 CASSIUM
852 775 934 837 EJP
973 775 1297 818 CETEROS.

786 891 817 933 I.

322 971 396 1007 Sor.
425 973 465 1007 in
490 971 710 1016 Pompeiano
742 972 777 1007 V
797 972 893 1008 Non.
921 972 1015 1007 Mai.
1042 984 1075 1007 a.
1104 975 1174 1008 710
1201 974 1290 1017 (44).

101 1068 117 1092 5
601 1052 768 1088 CICERO
795 1053 955 1088 CASSIO
983 1053 1016 1088 S.

224 1135 372 1177 Finem
409 1136 569 1177 nullam
607 1138 733 1191 facio,
773 1137 879 1177 mihi
917 1137 1054 1191 crede,
1097 1136 1230 1192 Cassi,
1272 1138 1321 1178 de
1359 1140 1400 1179 te
1432 1140 1514 1179 et]

137 1194 271 1235 Bruto
311 1197 478 1249 nostro,
520 1196 562 1235 id
599 1198 660 1236 est
702 1195 750 1236 de
787 1198 878 1236 tota
914 1210 958 1236 re
990 1211 1040 1249 Ρ,
1082 1196 1315 1251 cogitandi,
1357 1196 1473 1237 cuius

139 1253 274 1294 omnis
306 1268 399 1308 spes
430 1254 474 1294 in
499 1254 620 1294 vobis
653 1256 714 1294 est
746 1256 787 1294 et
818 1254 862 1294 in
892 1253 942 1294 D.
969 1253 1120 1309 Bruto3
1153 1268 1278 1308 quam
1305 1255 1474 1308 quidem

138 1312 222 1352 iam
253 1311 389 1352 habeo
427 1312 515 1366 ipse
546 1312 766 1353 meliorem
797 1327 841 1352 re
872 1312 1041 1366 publica
1073 1327 1097 1352 a
1127 1312 1350 1353 Dolabella
1379 1327 1473 1353 meo

86 1383 119 1408 10
138 1370 470 1424 praeclarissime
506 1373 635 1426 gesta.
696 1370 897 1411 Manabat
935 1371 1046 1411 enim
1083 1370 1189 1411 illud
1219 1371 1377 1411 malum
1409 1385 1475 1411 ur-

138 1429 295 1469 banum
333 1431 375 1470 et
412 1429 471 1469 ita
503 1429 858 1470 corroborabatur
889 1429 1042 1469 cotidie
1052 1462 1063 1483 ,
1103 1432 1150 1469 ut
1187 1443 1265 1485 ego
1305 1429 1475 1483 quidem

140 1489 182 1528 et
212 1487 309 1527 urbi
341 1490 383 1528 et
415 1488 502 1528 otio
536 1487 771 1528 diffiderem
805 1487 980 1541 urbano,
1012 1487 1084 1528 sed
1115 1488 1174 1528 ita
1206 1502 1475 1541 conpressum

140 1548 223 1599 est,
263 1548 311 1586 ut
346 1545 453 1586 mihi
489 1545 707 1586 videamur
744 1560 867 1586 omne
904 1546 988 1586 iam
1026 1545 1078 1586 ad
1113 1548 1279 1599 tempus
1317 1545 1369 1586 ab
1402 1546 1476 1586 illo

142 1603 360 1644 dumtaxat
401 1603 690 1644 sordidissimo
730 1604 918 1658 periculo
958 1604 1042 1644 tuti
1082 1604 1226 1644 futuri.
1297 1604 1477 1658 Reliqua

88 1673 122 1699 15
141 1676 295 1716 magna
314 1664 412 1702 sunt
432 1676 478 1702 ac
497 1662 642 1715 multa,
668 1662 741 1703 sed
764 1662 903 1716 posita
923 1662 1064 1702 omnia
1088 1662 1133 1702 111
1152 1662 1283 1703 vobis.
1327 1662 1477 1711 Quam-

142 1734 267 1773 quam
310 1720 496 1773 primum
537 1721 715 1773 quicque
757 1720 1022 1773 explicemus.
1083 1719 1212 1774 Nam,
1255 1723 1303 1760 ut
1342 1720 1478 1760 adhuc

143 1778 312 1832 quidem
344 1781 484 1818 actum
516 1781 594 1831 est,
631 1793 717 1818 non
748 1792 896 1842 regno3
934 1777 1007 1818 sed
1037 1792 1134 1833 rege
1165 1778 1335 1818 liberati
1366 1778 1478 1818 vide-

142 1851 254 1883 mur:
286 1836 508 1877 interfecto
535 1811 646 1876 enim
678 1850 776 1891 rege
807 1836 946 1891 regios
973 1836 1109 1876 omnis
1139 1838 1266 1876 nutus
1297 1839 1477 1889 tuemm,

141 1909 277 1948 neque
308 1909 407 1935 vero
440 1894 483 1934 id
514 1894 668 1948 solum,
706 1894 778 1934 sed
809 1894 947 1947 etiam,
981 1908 1085 1947 quae
1117 1894 1205 1947 ipse
1237 1893 1320 1947 ille,
1352 1894 1386 1934 si
1418 1894 1478 1934 vi-

90 1965 124 1990 20
143 1956 277 2006 veret,
314 1967 399 1993 non
431 1952 602 2006 facer‚et
641 1967 688 1993 ea
718 1966 795 1992 nos
827 1952 945 2017 quasi
978 1952 1163 2007 cogitata
1194 1952 1246 1992 ab
1278 1927 1352 1992 illo
1383 1966 1479 2005 pro-

143 2011 303 2052 bamus.
364 2010 453 2052 Nec
497 2011 585 2051 eius
630 2010 799 2064 quidem
836 2010 896 2051 rei
933 2011 1061 2051 finem
1097 2010 1231 2051 video.
1293 2009 1478 2050 Tabulae

142 2070 344 2125 figuntur,
371 2069 659 2110 immunitates
686 2068 848 2123 dantur,
878 2068 1078 2122 pecuniae
1103 2068 1310 2108 maximae
1337 2068 1479 2109 discri-

143 2127 320 2182 buntur,
359 2127 500 2168 exules
538 2127 814 2180 reducuntur,
855 2129 1022 2167 senatus
1055 2126 1245 2167 consulta
1275 2126 1380 2166 falsa
1413 2126 1479 2166 de-

143 2186 348 2241 feruntur,
380 2189 427 2226 ut·
452 2187 617 2226 tantum
642 2185 768 2225 modo
795 2185 938 2225 odium
970 2184 1075 2224 illud
1106 2184 1290 2225 hominis
1322 2184 1479 2238 impuri

92 2255 125 2280 25
146 2247 187 2284 et
217 2244 433 2286 servitutis
466 2244 586 2285 dolor
617 2243 813 2297 depulsus
839 2257 926 2283 esse
951 2243 1153 2296 videatur,
1186 2256 1250 2283 res
1281 2258 1319 2296 p.
1346 2243 1479 2283 iaceat

144 2302 189 2342 in
220 2303 272 2344 iis
302 2302 706 2357 perturbationibus,
737 2301 781 2342 in
813 2315 915 2355 quas
947 2315 1037 2342 eam
1069 2300 1139 2341 ille
1173 2301 1360 2341 coniecit.
