1659 2552
197 110 284 150 450
697 109 1036 144 EPISTULARUM

192 207 234 245 te
268 204 546 259 decreturum,
580 204 614 245 si
647 206 877 245 referretur
903 204 957 245 ob
985 219 1053 245 eas
1080 219 1163 258 res,
1195 219 1298 259 quas
1331 204 1366 245 is
1391 205 1538 246 consul

193 264 236 304 in
268 264 373 305 urbe
404 264 621 320 gessisset,
653 266 699 304 tu
733 263 843 304 idem
876 263 982 304 mihi
1015 263 1368 318 supplicationem
1401 263 1538 305 decre-

191 323 291 363 visti
329 325 476 378 togato
515 338 599 363 non
637 324 685 362 ut
721 322 869 362 multis
914 336 957 363 re
999 337 1038 376 p.
1073 322 1178 363 bene
1209 325 1346 378 gesta,
1387 322 1459 363 sed
1489 325 1538 364 01

191 381 351 422 1101111111
383 396 427 422 10
458 397 496 435 p.
531 383 787 422 conservata.
849 380 990 435 Mitto,
1023 381 1136 435 quod
1168 381 1392 435 invidiam,
1424 381 1538 435 quod

189 440 394 494 pericula,
433 440 546 494 quod
585 439 722 480 omnis
752 454 867 480 meas
905 442 1177 493 tempestates
1209 442 1251 481 et
1283 439 1464 481 subieris
1495 442 1537 481 et
1574 453 1590 477 5

190 499 326 539 multo
365 498 492 539 etiam
530 498 683 554 magiS,
722 498 757 539 si
788 512 863 552 per
895 513 961 539 me
993 498 1198 553 licuisset,
1241 498 1382 539 subire
1419 513 1537 552 para-

189 557 379 598 tissimus
416 557 564 611 fueris,
609 557 723 611 quod
761 557 940 610 denique
978 557 1198 598 inimicum
1234 571 1376 598 meum
1414 560 1536 598 tuum

190 615 410 656 inimicum
451 616 633 670 putaris,
677 615 795 656 cuius
833 617 961 656 etiam
998 616 1240 669 interitum,
1282 629 1377 656 cum
1414 616 1536 657 facile

191 674 500 728 intellegerem,
541 674 647 715 mihi
690 677 895 728 quantum
934 674 1161 729 tribueres,
1201 674 1376 715 Milonis
1414 689 1538 715 causa

190 733 234 774 in
273 736 420 774 senatu
460 733 720 774 defendenda
757 733 1016 787 adprobaris.
1078 733 1118 773 A
1148 748 1215 774 me
1253 736 1395 774 autem
1431 733 1535 774 haec
1554 747 1587 771 10

191 795 289 832 sunt
325 792 532 846 profecta,
574 806 680 846 quae
721 806 806 832 11011
847 806 926 847 ego
967 792 1011 832 in
1049 792 1243 833 beneficii
1279 791 1373 833 1000
1411 806 1536 846 pono,

191 850 264 891 sed
289 851 332 891 in
358 851 446 891 veri
473 851 708 891 testimonii
734 853 860 904 atque
886 850 1044 904 iudicii,
1076 854 1123 891 ut
1154 850 1537 905 praestantissimas

191 913 284 950 tuas
316 909 496 950 virtutes
527 924 613 950 non
644 909 798 950 tacitus
831 909 977 949 admir·
971 924 1064 950 111·01
1095 908 1209 964 (quis
1235 909 1347 950 enim
1380 909 1459 964 [te]
1492 909 1536 950 id

191 983 275 1009 non
307 967 480 1023 111011Ῥ),
513 968 585 1009 sed
616 968 660 1008 in
693 968 890 1009 omnibus
916 968 1192 1022 orationibus,
1225 968 1445 1009 sententiis
1478 968 1536 1008 di-

192 1027 345 1080 cendiS,
378 1027 513 1067 causis
544 1027 735 1082 agendis
774 1027 970 1067 omnibus
1003 1027 1172 1081 scriptis
1205 1026 1392 1080 Graecis,
1423 1027 1536 1068 Lati-
1555 1039 1589 1064 15

191 1086 273 1140 nis,
307 1086 422 1126 omni
450 1086 629 1140 denique
656 1086 859 1126 1011011110
891 1085 1130 1126 litterarum
1162 1100 1351 1126 mearum
1383 1088 1425 1126 10
1450 1100 1535 1126 11011

190 1144 317 1185 modo
349 1144 413 1198 iis,
445 1159 552 1198 quos
583 1144 853 1199 vidissemus,
886 1144 958 1185 sed
989 1145 1052 1199 iis,
1086 1144 1135 1185 de
1168 1144 1322 1198 quibus
1354 1144 1536 1185 audisse-

190 1218 302 1257 mus,
335 1204 532 1244 omnibus
564 1204 828 1244 anteferrem.

280 1262 464 1310 Quaeres
503 1262 702 1316 fortasse,
743 1261 846 1316 quid
886 1262 960 1315 311,
1002 1261 1115 1314 quod
1156 1275 1234 1317 ego
1272 1261 1354 1302 hoe
1394 1261 1534 1302 1103010

191 1320 294 1374 quid
324 1321 624 1376 gratulationis
656 1323 697 1361 01
727 1320 915 1361 honoris
934 1335 957 1360 a
989 1323 1136 1360 senatu
1168 1320 1275 1360 tanti
1303 1320 1533 1360 aestimem.
1555 1333 1588 1357 20

190 1379 329 1434 Agam
362 1379 444 1419 iam
476 1382 616 1419 tecum
647 1379 925 1431 familiariter,
957 1382 1005 1418 ut
1031 1381 1093 1418 est
1120 1381 1161 1418 et
1193 1378 1343 1418 studiis
1370 1381 1411 1418 et
1444 1378 1534 1418 offi-

191 1437 266 1477 ciis
298 1438 455 1477 nostris
492 1437 651 1477 mutuis
690 1440 731 1477 et
772 1451 935 1477 summa
967 1436 1152 1477 amicitia
1186 1436 1361 1491 dignum
1394 1439 1435 1476 et
1466 1451 1534 1477 ne-

191 1496 444 1536 cessitudine
477 1496 604 1536 etiam
635 1498 820 1549 paterna.
885 1494 930 1535 Si
963 1495 1188 1548 quisquam
1219 1495 1301 1535 fuit
1333 1509 1534 1548 umquam

191 1557 378 1594 remotus
420 1556 461 1594 et
500 1557 651 1594 natura
690 1557 730 1594 et
769 1553 906 1609 magis
945 1553 1093 1607 etiam,
1134 1556 1181 1594 ut
1218 1553 1324 1594 mihi
1364 1553 1534 1618 quidem

191 1612 346 1653 sentire
378 1613 540 1667 videor,
582 1613 744 1653 ratione
783 1615 908 1666 atque
948 1612 1139 1653 doctrina
1171 1612 1223 1652 ab
1263 1612 1378 1652 inani
1410 1611 1534 1653 laude
1553 1625 1588 1649 25

190 1673 231 1712 et
263 1671 528 1712 sermonibus
559 1671 694 1736 vuloi,
733 1685 811 1726 ego
842 1671 1033 1725 profecto
1066 1671 1101 1711 is
1133 1685 1236 1711 sum.
1298 1670 1436 1711 Testis
1468 1673 1532 1711 est

190 1730 432 1770 consulatus
470 1744 605 1784 meus,
646 1730 690 1770 in
728 1744 811 1784 quo
850 1729 958 1770 sicut
998 1730 1042 1770 in
1080 1729 1243 1783 reliqua
1274 1729 1362 1770 vita
1399 1729 1537 1769 fateor

191 1803 237 1829 ea
268 1803 335 1829 me
368 1788 554 1829 studiose
595 1791 803 1843 secutum,
843 1803 893 1829 ex
932 1788 1086 1842 quibus
1117 1802 1216 1828 vera
1253 1787 1391 1843 gloria
1420 1787 1534 1828 nasci

190 1849 343 1901 posset,
376 1847 510 1901 ipsam
538 1847 708 1901 quidem
740 1847 921 1902 gloriam
953 1861 1028 1900 per
1060 1861 1102 1887 se
1127 1861 1358 1900 numquam
1388 1846 1535 1900 putavi

190 1906 478 1960 expetendam.
539 1905 688 1959 Itaque
727 1909 768 1946 et
804 1905 1066 1959 provinciam
1107 1908 1300 1945 ornatam
1338 1907 1379 1945 et
1417 1918 1534 1957 spem
1553 1917 1588 1941 30

190 1978 275 2005 non
318 1964 490 2004 dubiam
533 1964 740 2017 triumphi
784 1964 973 2019 neglexi,
1018 1963 1299 2004 sacerdotium
1343 1962 1534 2016 denique,

190 2037 297 2076 cum,
330 2037 455 2076 quem
487 2023 540 2063 ad
570 2023 743 2063 modum
775 2025 817 2063 te
843 2022 1085 2063 existimare
1116 2022 1312 2075 arbitror,
1345 2035 1430 2061 non
1458 2021 1534 2061 dif-

190 2081 378 2122 ficillime
411 2082 610 2135 consequi
642 2095 820 2135 possem,
852 2092 938 2121 non
963 2081 1170 2134 appetivi3
1203 2080 1314 2120 idem
1344 2082 1442 2133 post
1474 2079 1534 2119 in-

189 2139 342 2180 iuriam
375 2142 606 2193 acceptam,
646 2154 772 2193 quam
810 2141 856 2179 tu
889 2139 949 2179 rei
982 2154 1019 2193 p.
1053 2139 1334 2179 calamitatem
1367 2152 1534 2192 semper

190 2198 387 2252 zippellaS,
419 2213 557 2239 meam
588 2212 673 2238 non
705 2197 831 2238 modo
865 2212 949 2238 non
977 2197 1271 2250 calamitatem,
1304 2195 1375 2235 sed
1408 2196 1535 2237 etiam
1554 2207 1588 2233 35

188 2257 382 2311 gloriam,
415 2257 557 2297 studui
585 2271 711 2310 quam
739 2256 1007 2297 ornatissima
1033 2258 1203 2296 senatus
1226 2254 1459 2309 populique
1484 2253 1533 2295 R.
1557 2294 1560 2295 γ

192 2314 239 2354 de
266 2330 332 2355 me
360 2314 515 2356 iudicia
541 2315 810 2356 intercedere.
859 2313 1008 2368 Itaque
1035 2317 1076 2355 et
1101 2328 1236 2369 augur
1266 2316 1417 2367 postea
1442 2313 1533 2354 fieri
