1659 2552
133 2188 153 2218 2

162 87 248 129 322
660 83 995 120 EPISTULARUM

766 225 899 268 XXII.

372 309 446 345 Ser.
474 309 610 344 Romae
635 320 663 344 c.
685 308 785 353 prid⁴
812 308 869 342 Id.
902 306 1024 352 Quint.
1051 317 1085 341 a.
1113 308 1183 341 711
1212 307 1302 350 (43).

518 390 565 425 M.
595 388 762 424 CICERO
790 388 823 423 S.
850 388 892 423 D.
919 388 962 423 D.
990 386 1162 423 BRUTO.

256 475 363 517 Cum
394 474 536 529 Appio
571 473 747 514 Claudio
781 472 823 513 O.
851 473 877 513 f.
912 486 1076 513 summa
1106 471 1212 512 mihi
1244 470 1509 512 necessitudo

167 537 230 577 est
261 534 408 576 multis
435 535 524 574 eius
551 532 704 573 officiis
730 534 772 572 et
796 531 902 572 meis
928 530 1088 572 mutuis
1114 530 1354 571 constituta.
1403 529 1508 571 Peto
1547 540 1563 567 5

167 609 191 636 a
222 597 263 635 te
295 594 499 634 maiorem
532 592 576 631 in
607 590 781 632 modum
807 590 875 631 vel
900 589 1179 631 humanitatis
1203 591 1301 630 tuae
1325 588 1393 630 vel
1417 603 1511 630 mea

168 667 313 705 causa,
355 655 402 692 ut
434 666 530 692 eum
562 650 814 690 auctoritate
852 652 942 703 tua,
986 663 1092 702 quae
1123 647 1356 702 plurimum
1386 647 1510 702 valet,

168 713 462 753 conservatum
499 708 613 753 velis
676 707 788 749 Volo
826 710 886 761 te,
927 721 1022 748 cum
1059 706 1317 748 fortissimus
1348 706 1414 747 vir
1445 720 1511 747 co-

167 771 312 827 gnitus
354 770 426 823 sis,
468 768 597 809 etiam
635 767 1010 808 clementissimum
1048 765 1292 806 existimari.
1353 764 1510 821 Magno

167 829 248 870 tibi
287 828 367 869 erit
405 828 653 868 ornamento
690 826 1005 867 nobilissimum
1043 824 1352 865 adulescentem
1389 823 1512 865 bene·
1532 836 1564 861 10

168 888 264 929 ficio
296 891 370 928 tuo
404 901 492 927 esse
525 886 705 939 salvum3
743 885 861 925 cuius
894 883 1064 938 quidem
1097 897 1220 924 causa
1249 883 1331 923 hoc
1361 882 1513 924 melior

170 946 295 987 debet
334 960 440 999 esse,
482 944 596 998 quod
631 944 790 998 pietate
828 943 1033 984 adductus
1069 944 1245 996 propter
1280 941 1414 996 patris
1452 956 1512 983 re-

170 1004 437 1046 stitutionem
481 1018 524 1044 se
569 1017 664 1044 cum
708 1001 898 1043 Antonio
943 1001 1173 1042 coniunxit.
1235 999 1390 1054 Quare,
1433 1000 1512 1041 etsi

169 1064 310 1104 minus
347 1077 490 1104 veram
529 1076 696 1103 causam
732 1061 927 1115 habebis,
964 1062 1107 1101 tamen
1143 1059 1211 1100 vel
1246 1058 1512 1113 probabilem

170 1123 356 1177 aliquam
386 1121 546 1176 poteris
572 1121 780 1161 inducere.
841 1119 984 1161 Nutus
1008 1121 1106 1160 tuus
1131 1120 1272 1173 potest
1296 1117 1512 1159 hominem
1533 1129 1566 1154 15

171 1195 336 1222 summo
374 1181 468 1221 loco
507 1182 672 1233 natum,
713 1193 878 1219 summo
916 1178 1088 1233 ingenio
1098 1211 1108 1231 ,
1150 1191 1313 1218 summa
1343 1176 1513 1231 virtute,

172 1239 531 1281 officiosissimum
576 1240 794 1292 praeterea
834 1240 876 1278 et
921 1236 1212 1292 gratissimum
1258 1235 1514 1277 incolumem

172 1299 216 1340 in
246 1299 417 1339 civitate
449 1298 641 1338 retinere.
704 1295 826 1345 Quod
857 1298 904 1336 ut
935 1295 1075 1349 facias,
1106 1295 1167 1335 ita
1198 1309 1221 1335 a
1251 1296 1293 1335 te
1324 1297 1435 1348 peto,
1466 1297 1515 1335 ut

172 1357 332 1399 maiore
358 1356 498 1398 studio
524 1355 713 1411 magisve
745 1368 796 1395 ex
828 1354 969 1394 animo
1000 1356 1142 1408 petere
1168 1367 1253 1393 non
1284 1352 1453 1406 possim.

766 1492 921 1535 XXIII.
1534 1505 1569 1530 20

397 1577 471 1613 Ser.
501 1575 708 1621 Eporediae
740 1575 843 1610 VIII
863 1574 911 1608 K.
938 1574 1022 1609 Iun.
1049 1586 1083 1610 a.
1112 1577 1181 1608 711
1210 1576 1288 1619 (43)

489 1668 532 1704 D.
558 1668 747 1703 BRUTUS
773 1668 806 1703 S.
834 1668 876 1703 D.
903 1667 951 1703 M.
979 1666 1212 1702 CICERONI.

263 1765 354 1808 Nos
394 1765 464 1806 hic
501 1764 688 1806 valemus
729 1766 841 1806 recte
879 1766 937 1818 et,
982 1777 1065 1818 quo
1106 1763 1258 1804 melius
1294 1762 1518 1816 valeamus,

178 1839 349 1880 operam
382 1824 585 1865 dabimus.
647 1822 832 1878 Lepidus
870 1822 1088 1864 commode
1118 1821 1243 1862 nobis
1273 1821 1429 1862 sentire
1459 1821 1518 1861 vi-

179 1885 310 1925 detur.
373 1882 499 1924 Omni
541 1882 694 1923 timore
736 1881 927 1936 deposito
970 1881 1173 1922 debemus
1208 1880 1341 1921 libere
1380 1879 1442 1920 rei
1478 1894 1516 1933 p.
1538 1891 1571 1917 25

178 1942 406 1984 consulere.
469 1940 628 1990 Quodsi
667 1941 810 1982 omnia
847 1942 985 1981 essent
1017 1939 1169 1993 aliena,
1208 1942 1350 1980 tamen
1380 1937 1518 1978 tribus

177 2002 308 2042 tantis
346 2000 600 2042 exercitibus
638 1999 823 2054 propriis
860 1999 921 2040 rei
958 2013 1010 2053 p.,
1046 1997 1285 2039 valentibus
1316 2010 1519 2051 magnum

179 2061 367 2100 animum
398 2059 554 2099 habere
587 2058 786 2113 debebas3
827 2072 952 2112 quem
984 2059 1026 2097 et
1063 2070 1227 2111 semper
1257 2054 1445 2096 habuisti
1478 2057 1520 2095 et

180 2132 291 2159 nunc
322 2118 493 2158 fortuna
525 2117 749 2157 adiuvante
781 2130 935 2172 augere
966 2118 1097 2169 potes.

269 2176 383 2225 Quae
423 2175 504 2216 tibi
544 2175 833 2229 superioribus
872 2174 1027 2215 litteris
1064 2187 1157 2214 mea
1192 2185 1320 2213 manu
1359 2170 1520 2226 scripsi,
1539 2183 1574 2208 30

180 2235 366 2275 terrendi
403 2235 466 2275 tui
505 2248 628 2275 causa
663 2233 857 2274 homines
887 2233 1095 2273 locuntur.
1159 2230 1204 2273 Si
1235 2231 1402 2271 frenum
1433 2243 1521 2270 mo-

181 2293 402 2347 morderis,
439 2307 626 2348 peream,
666 2292 700 2333 si
737 2295 779 2333 te
812 2305 973 2345 omnes,
1011 2293 1115 2345 quot
1146 2292 1261 2343 sunt,
1299 2290 1522 2329 conantem
