1659 2552
600 92 743 126 LIBER
768 92 817 126 ix
844 96 898 136 20,
924 95 979 126 21.

1384 91 1410 131 Ν.)

1414 92 1440 132 01

1448 92 1465 131 *A

740 233 851 275 XXI.

430 315 503 351 Ser.
532 320 572 350 ut
596 316 755 357 videtur,
788 319 882 349 auct.
911 326 943 349 α.
973 316 1046 349 708
1074 315 1164 357 (46).

594 396 763 431 CICERO
790 395 946 430 PAETO
974 395 1009 430 S.

217 480 303 522 Ain
343 480 543 522 tandem?
588 480 771 520 insanire
813 479 893 519 tibi
933 478 1109 532 videris,
1154 477 1267 531 quod
1307 476 1472 517 imitere

93 555 110 580 5
129 540 357 582 verborum
388 554 597 593 meorum,
635 541 682 579 ut
714 538 882 592 scribis,
920 537 1170 577 ‘fulmina’P
1225 535 1334 576 Tum
1366 536 1473 575 insa-

129 600 253 653 nires,
287 599 321 639 si
354 598 553 652 consequi
585 611 671 638 non
702 611 863 651 posses3
902 610 996 637 cum
1028 610 1127 636 vero
1160 594 1287 635 etiam
1318 594 1472 647 vincas,

129 672 196 699 me
233 657 352 712 prius
390 657 572 697 inrideas
611 670 737 709 quam
769 657 810 695 te
843 657 1022 709 oportet.
1084 653 1221 703 Quare
1251 652 1361 693 nihil
1391 652 1471 693 tibi

131 731 236 770 opus
268 718 330 756 est
362 715 469 756 illud
500 730 523 755 a
554 714 728 768 Trabea,
764 713 837 754 sed
867 713 1009 768 potius
1041 712 1288 766 ἀπότευγμα
1319 725 1471 752 meum.

130 775 291 816 Verum
322 777 464 814 tamen
497 773 598 828 quid
629 772 710 813 tibi
737 787 814 828 ego
842 772 988 813 videor
1012 771 1056 811 111
1082 771 1302 825 epistulis?
1333 784 1472 811 nonne

78 848 110 872 ιο
129 833 296 888 plebeio
323 846 514 873 sermone
547 846 670 887 agere
696 831 864 871 tecum‘?
896 829 973 871 1100
998 830 1110 871 0111111
1137 843 1300 883 semper
1325 828 1472 869 eodem

130 892 268 933 modo.
331 890 441 940 Quid
482 891 594 931 enim
636 890 772 931 simile
812 889 941 930 habet
982 888 1162 942 epistula
1203 890 1274 928 aut
1314 887 1471 928 iudicio

131 953 203 992 aut
245 950 461 991 contioni?
507 949 609 1003 quin
649 949 740 1002 ipsa
780 948 935 988 iudicia
974 962 1060 988 11011
1101 947 1283 988 solemus
1331 946 1473 986 omnia

130 1011 311 1050 tractare
344 1023 428 1049 uno
461 1008 599 1048 modo.
631 1006 824 1047 Privatas
857 1020 1011 1060 causas,
1044 1008 1085 1046 et
1111 1020 1178 1046 eas
1203 1005 1354 1058 tenuis,
1387 1004 1473 1059 agi-

130 1083 224 1109 mus
245 1067 453 1122 suptilius,
480 1066 630 1120 capitis
650 1068 722 1106 aut
742 1066 877 1106 famae
897 1065 1056 1105 scilicet
1077 1064 1286 1118 ornatius3
1319 1063 1473 1117 epistu-

79 1142 112 1166 13
131 1128 193 1168 las
225 1140 325 1167 vero
358 1125 581 1166 cotidianis
612 1124 753 1165 verbis
784 1127 925 1164 texere
958 1123 1151 1164 solemus.

222 1184 304 1226 Sed
344 1187 502 1238 tamen,
542 1183 602 1224 mi
638 1182 786 1237 Paete,
828 1182 900 1236 qui
940 1182 1021 1222 tibi
1052 1181 1169 1222 venit
1206 1181 1250 1221 in
1287 1183 1472 1221 mentem

131 1258 285 1300 negare
327 1242 546 1297 Papirium
590 1256 844 1296 quemquam
887 1255 1088 1294 umquam
1130 1239 1213 1279 nisi
1259 1238 1473 1293 plebeium

132 1302 290 1344 fuisse?
327 1302 499 1342 fuerunt
531 1300 644 1341 enim
674 1299 843 1354 patricii
880 1299 1094 1340 minorum
1124 1297 1334 1353 gentium,
1373 1311 1474 1351 quo-

132 1376 228 1402 rum
257 1361 452 1416 princeps
483 1359 529 1400 L.
561 1359 757 1413 Papirius
788 1357 1060 1413 Mugillanus,
1095 1356 1168 1410 qui
1201 1370 1348 1397 censor
1379 1370 1474 1395 cum

80 1434 114 1459 20
132 1420 178 1461 L.
211 1419 461 1473 Sempronio
492 1418 693 1459 Atratino
725 1417 818 1471 fuit,
851 1431 946 1457 cum
978 1418 1073 1456 ante
1107 1415 1254 1455 consul
1285 1428 1379 1455 cum
1409 1428 1475 1454 eo-

135 1479 229 1519 dem
261 1478 421 1532 fuisset,
454 1477 574 1518 annis
605 1478 702 1530 post
733 1475 783 1516 R.
817 1489 848 1516 0.
882 1485 1050 1529 CCCX113
1088 1474 1161 1514 sed
1191 1476 1283 1514 tum
1313 1472 1474 1526 Papisii

136 1536 399 1577 dicebamini.
460 1535 564 1576 Post
599 1535 714 1575 hunc
744 1546 827 1574 XIII
865 1534 1036 1574 fuerunt
1077 1532 1179 1573 sella
1212 1531 1347 1572 curuli
1379 1533 1475 1571 ante

134 1595 179 1636 L.
205 1594 425 1649 Papirium
457 1592 666 1647 Crassum,
699 1593 772 1647 qui
802 1592 988 1646 primum
1019 1591 1214 1644 Papisius
1246 1593 1308 1631 est
1333 1590 1475 1631 vocari

137 1653 304 1694 desitus.
365 1651 406 1693 Is
439 1652 620 1693 dictator
651 1666 746 1692 cum
777 1650 822 1692 L.
853 1650 1025 1704 Papirio
1059 1648 1239 1690 Cursore
1270 1648 1475 1703 magistro

83 1725 116 1750 25
136 1712 327 1766 equitum
350 1711 485 1751 factus
505 1713 568 1751 est
593 1709 714 1750 annis
738 1711 835 1763 post
854 1708 1035 1749 Romam
1061 1707 1274 1748 conditam
1301 1718 1478 1748 CCCCXV

137 1773 178 1811 et
210 1769 486 1824 quadriennio
526 1770 623 1822 post
655 1767 801 1808 consul
833 1781 928 1807 cum
960 1766 1009 1806 K.
1042 1765 1200 1806 Duilio.
1261 1764 1387 1805 Hunc
1419 1779 1478 1805 se-

137 1832 258 1870 cutus
300 1831 362 1869 est
404 1826 580 1881 Cursor,
620 1827 749 1867 homo
789 1825 910 1866 valde
949 1825 1200 1877 honoratus3
1242 1823 1390 1864 deinde
1431 1823 1476 1863 L.

136 1887 276 1928 Masso
316 1885 549 1940 aedilicius,
587 1885 684 1925 inde
721 1884 847 1924 multi
876 1883 1103 1923 Massones.
1166 1881 1356 1931 Quorum
1389 1881 1478 1935 qui-

139 1946 233 1987 dem
276 1948 323 1986 tu
368 1944 557 1985 omnium
600 1942 878 1997 patriciorum
922 1941 1127 1997 imagines
1170 1940 1326 1981 habeas
1353 1940 1474 1980 ‘volo.

85 2017 119 2042 30
137 2004 300 2045 Deinde
333 2002 546 2044 Carbones
578 2005 619 2042 et
650 2001 782 2042 Turdi
814 2001 1068 2041 insecuntur.
1111 1998 1171 2039 Hi
1202 1998 1358 2052 plebeii
1389 1998 1476 2038 fue-

138 2066 254 2118 runt3
286 2076 391 2117 quos
412 2064 655 2102 contemnas
674 2073 840 2114 censeo3
872 2074 969 2099 nam
994 2060 1161 2112 praeter
1178 2057 1292 2097 hunc
1313 2056 1355 2097 C.
1378 2055 1475 2097 Car-

138 2121 303 2176 bonem,
336 2135 462 2175 quem
491 2119 774 2172 Damasippus
807 2117 971 2171 occidit,
1004 2116 1107 2157 civis
1133 2130 1154 2157 e
1180 2130 1224 2156 re
1255 2131 1294 2169 p.
1322 2113 1477 2156 Carbo-

138 2194 240 2220 num
275 2193 400 2220 nemo
437 2179 529 2219 fuit.
593 2176 880 2232 Cognovimus
919 2174 991 2216 Cn.
1031 2173 1268 2215 Carbonem
1306 2176 1347 2214 et
1387 2173 1476 2214 eius

139 2239 313 2279 fratrem
350 2252 553 2291 scurram3
593 2236 695 2290 quid
725 2235 777 2276 iis
814 2233 1078 2289 improbius?
1133 2232 1196 2273 De
1227 2232 1309 2273 hoc
1341 2232 1475 2273 amico

87 2308 121 2334 35
138 2311 245 2351 meo,
275 2296 461 2337 Rubriae
486 2296 587 2349 filio,
618 2294 726 2334 nihil
747 2293 850 2334 dico.
900 2292 1002 2333 Tres
1028 2291 1091 2332 illi
1116 2291 1267 2332 fratres
1293 2291 1476 2345 fuerunt,

1501 489 1517 519 l

1500 1190 1519 1220 [Q
