<?xml version="1.0" encoding="UTF-8"?>
<!DOCTYPE html PUBLIC "-//W3C//DTD XHTML 1.0 Transitional//EN"
    "http://www.w3.org/TR/xhtml1/DTD/xhtml1-transitional.dtd">
<html xmlns="http://www.w3.org/1999/xhtml" xml:lang="en" lang="en">
 <head>
  <title>
</title>
<meta http-equiv="Content-Type" content="text/html;charset=utf-8" />
  <meta name='ocr-system' content='tesseract 3.04.00' />
  <meta name='ocr-capabilities' content='ocr_page ocr_carea ocr_par ocr_line ocrx_word'/>
</head>
<body>
  <div class='ocr_page' id='page_1' title='image "./p1scriptaquaemanse03ciceuoft_0238.png"; bbox 0 0 1659 2552; ppageno 0'>
   <div class='ocr_carea' id='block_1_1' title="bbox 183 108 1013 150">
    <p class='ocr_par' dir='ltr' id='par_1_1' title="bbox 183 108 1013 150">
     <span class='ocr_line' id='line_1_1' title="bbox 183 108 1013 150; baseline -0.01 0"><span class='ocrx_word' id='word_1_1' title='bbox 183 113 202 149; x_wconf 91' lang='grc'>1</span> <span class='ocrx_word' id='word_1_2' title='bbox 209 110 268 150; x_wconf 85' lang='grc'>40</span> <span class='ocrx_word' id='word_1_3' title='bbox 672 108 1013 143; x_wconf 81' lang='lat' dir='ltr'>EPISTULARUM</span> 
     </span>
    </p>
   </div>
   <div class='ocr_carea' id='block_1_2' title="bbox 177 202 1580 2368">
    <p class='ocr_par' dir='ltr' id='par_1_2' title="bbox 178 202 1579 552">
     <span class='ocr_line' id='line_1_2' title="bbox 178 202 1526 260; baseline -0.001 -16"><span class='ocrx_word' id='word_1_4' title='bbox 178 204 286 260; x_wconf 81' lang='lat' dir='ltr'>gati,</span> <span class='ocrx_word' id='word_1_5' title='bbox 329 218 406 245; x_wconf 88' lang='lat' dir='ltr'>nec</span> <span class='ocrx_word' id='word_1_6' title='bbox 442 207 584 245; x_wconf 89' lang='lat' dir='ltr'>tamen</span> <span class='ocrx_word' id='word_1_7' title='bbox 622 203 657 244; x_wconf 90' lang='lat' dir='ltr'>is</span> <span class='ocrx_word' id='word_1_8' title='bbox 695 204 800 257; x_wconf 83' lang='lat' dir='ltr'>ipse,</span> <span class='ocrx_word' id='word_1_9' title='bbox 845 218 868 243; x_wconf 84' lang='lat' dir='ltr'>a</span> <span class='ocrx_word' id='word_1_10' title='bbox 906 216 990 257; x_wconf 95' lang='lat' dir='ltr'>quo</span> <span class='ocrx_word' id='word_1_11' title='bbox 1028 202 1140 242; x_wconf 83' lang='lat' dir='ltr'>salus</span> <span class='ocrx_word' id='word_1_12' title='bbox 1177 202 1355 256; x_wconf 88' lang='lat' dir='ltr'>petitur,</span> <span class='ocrx_word' id='word_1_13' title='bbox 1395 202 1526 244; x_wconf 87' lang='lat' dir='ltr'>habet</span> 
     </span>
     <span class='ocr_line' id='line_1_3' title="bbox 179 260 1525 317; baseline -0.001 -14"><span class='ocrx_word' id='word_1_14' title='bbox 179 263 430 317; x_wconf 74' lang='lat' dir='ltr'>explicatam</span> <span class='ocrx_word' id='word_1_15' title='bbox 457 266 530 304; x_wconf 85' lang='lat' dir='ltr'>aut</span> <span class='ocrx_word' id='word_1_16' title='bbox 556 262 818 316; x_wconf 78' lang='lat' dir='ltr'>exploratam</span> <span class='ocrx_word' id='word_1_17' title='bbox 850 261 1059 302; x_wconf 87' lang='lat' dir='ltr'>rationem</span> <span class='ocrx_word' id='word_1_18' title='bbox 1091 260 1240 301; x_wconf 88' lang='lat' dir='ltr'>salutis</span> <span class='ocrx_word' id='word_1_19' title='bbox 1265 275 1380 316; x_wconf 84' lang='lat' dir='ltr'>suae3</span> <span class='ocrx_word' id='word_1_20' title='bbox 1412 275 1525 302; x_wconf 92' lang='lat' dir='ltr'>cum—</span> 
     </span>
     <span class='ocr_line' id='line_1_4' title="bbox 179 319 1525 376; baseline -0.001 -14"><span class='ocrx_word' id='word_1_21' title='bbox 179 336 260 376; x_wconf 86' lang='lat' dir='ltr'>que</span> <span class='ocrx_word' id='word_1_22' title='bbox 301 322 490 362; x_wconf 92' lang='lat' dir='ltr'>omnium</span> <span class='ocrx_word' id='word_1_23' title='bbox 532 321 741 361; x_wconf 80' lang='lat' dir='ltr'>bellorum</span> <span class='ocrx_word' id='word_1_24' title='bbox 783 320 921 361; x_wconf 84' lang='lat' dir='ltr'>exitus</span> <span class='ocrx_word' id='word_1_25' title='bbox 962 319 1114 360; x_wconf 77' lang='lat' dir='ltr'>incerti</span> <span class='ocrx_word' id='word_1_26' title='bbox 1154 319 1257 373; x_wconf 86' lang='lat' dir='ltr'>sint,</span> <span class='ocrx_word' id='word_1_27' title='bbox 1298 319 1351 360; x_wconf 90' lang='lat' dir='ltr'>ab</span> <span class='ocrx_word' id='word_1_28' title='bbox 1393 319 1525 361; x_wconf 86' lang='lat' dir='ltr'>altera</span> 
     </span>
     <span class='ocr_line' id='line_1_5' title="bbox 178 378 1525 434; baseline -0.001 -13"><span class='ocrx_word' id='word_1_29' title='bbox 178 381 357 421; x_wconf 86' lang='lat' dir='ltr'>victoria</span> <span class='ocrx_word' id='word_1_30' title='bbox 397 380 477 420; x_wconf 92' lang='lat' dir='ltr'>tibi</span> <span class='ocrx_word' id='word_1_31' title='bbox 518 379 752 434; x_wconf 85' lang='lat' dir='ltr'>periculum</span> <span class='ocrx_word' id='word_1_32' title='bbox 796 378 962 419; x_wconf 82' lang='lat' dir='ltr'>nullum</span> <span class='ocrx_word' id='word_1_33' title='bbox 1003 392 1091 419; x_wconf 90' lang='lat' dir='ltr'>esse</span> <span class='ocrx_word' id='word_1_34' title='bbox 1134 378 1366 432; x_wconf 89' lang='lat' dir='ltr'>perspicio,</span> <span class='ocrx_word' id='word_1_35' title='bbox 1410 378 1525 433; x_wconf 90' lang='lat' dir='ltr'>quod</span> 
     </span>
     <span class='ocr_line' id='line_1_6' title="bbox 179 437 1579 493; baseline -0.001 -13"><span class='ocrx_word' id='word_1_36' title='bbox 179 439 349 493; x_wconf 86' lang='lat' dir='ltr'>quidem</span> <span class='ocrx_word' id='word_1_37' title='bbox 381 439 615 480; x_wconf 78' lang='lat' dir='ltr'>seiunctum</span> <span class='ocrx_word' id='word_1_38' title='bbox 647 439 701 478; x_wconf 90' lang='lat' dir='ltr'>sit</span> <span class='ocrx_word' id='word_1_39' title='bbox 728 437 780 477; x_wconf 86' lang='lat' dir='ltr'>ab</span> <span class='ocrx_word' id='word_1_40' title='bbox 808 437 998 478; x_wconf 91' lang='lat' dir='ltr'>omnium</span> <span class='ocrx_word' id='word_1_41' title='bbox 1025 437 1213 491; x_wconf 88' lang='lat' dir='ltr'>interitu,</span> <span class='ocrx_word' id='word_1_42' title='bbox 1246 437 1298 478; x_wconf 85' lang='lat' dir='ltr'>ab</span> <span class='ocrx_word' id='word_1_43' title='bbox 1325 437 1458 478; x_wconf 89' lang='lat' dir='ltr'>altera</span> <span class='ocrx_word' id='word_1_44' title='bbox 1482 439 1524 478; x_wconf 88' lang='lat' dir='ltr'>te</span> <span class='ocrx_word' id='word_1_45' title='bbox 1562 449 1579 474; x_wconf 88' lang='lat'>5</span> 
     </span>
     <span class='ocr_line' id='line_1_7' title="bbox 179 496 1081 552; baseline -0.002 -14"><span class='ocrx_word' id='word_1_46' title='bbox 179 498 318 552; x_wconf 83' lang='lat' dir='ltr'>ipsum</span> <span class='ocrx_word' id='word_1_47' title='bbox 349 512 580 551; x_wconf 82' lang='lat' dir='ltr'><strong>numquam</strong></span> <span class='ocrx_word' id='word_1_48' title='bbox 612 497 803 537; x_wconf 79' lang='lat' dir='ltr'>timuisse</span> <span class='ocrx_word' id='word_1_49' title='bbox 836 498 950 536; x_wconf 89' lang='lat' dir='ltr'>certo</span> <span class='ocrx_word' id='word_1_50' title='bbox 984 496 1081 536; x_wconf 89' lang='lat' dir='ltr'>scio.</span> 
     </span>
    </p>

    <p class='ocr_par' dir='ltr' id='par_1_3' title="bbox 177 553 1580 2062">
     <span class='ocr_line' id='line_1_8' title="bbox 267 553 1526 610; baseline -0.001 -14"><span class='ocrx_word' id='word_1_51' title='bbox 267 555 496 610; x_wconf 87' lang='lat' dir='ltr'>Reliquum</span> <span class='ocrx_word' id='word_1_52' title='bbox 528 558 601 609; x_wconf 83' lang='lat' dir='ltr'>est,</span> <span class='ocrx_word' id='word_1_53' title='bbox 634 558 680 595; x_wconf 91' lang='lat' dir='ltr'>ut</span> <span class='ocrx_word' id='word_1_54' title='bbox 712 558 753 595; x_wconf 93' lang='lat' dir='ltr'>te</span> <span class='ocrx_word' id='word_1_55' title='bbox 780 554 823 595; x_wconf 88' lang='lat' dir='ltr'>id</span> <span class='ocrx_word' id='word_1_56' title='bbox 849 555 999 608; x_wconf 90' lang='lat' dir='ltr'>ipsum,</span> <span class='ocrx_word' id='word_1_57' title='bbox 1033 553 1147 608; x_wconf 89' lang='lat' dir='ltr'>quod</span> <span class='ocrx_word' id='word_1_58' title='bbox 1177 568 1256 610; x_wconf 86' lang='lat' dir='ltr'>ego</span> <span class='ocrx_word' id='word_1_59' title='bbox 1284 553 1404 608; x_wconf 83' lang='lat' dir='ltr'>quasi</span> <span class='ocrx_word' id='word_1_60' title='bbox 1430 567 1526 595; x_wconf 90' lang='lat' dir='ltr'>con-</span> 
     </span>
     <span class='ocr_line' id='line_1_9' title="bbox 179 613 1525 668; baseline -0.001 -13"><span class='ocrx_word' id='word_1_61' title='bbox 179 615 399 655; x_wconf 83' lang='lat' dir='ltr'>solationis</span> <span class='ocrx_word' id='word_1_62' title='bbox 431 615 523 655; x_wconf 88' lang='lat' dir='ltr'>loco</span> <span class='ocrx_word' id='word_1_63' title='bbox 555 628 686 668; x_wconf 87' lang='lat' dir='ltr'>pono,</span> <span class='ocrx_word' id='word_1_64' title='bbox 726 613 910 654; x_wconf 83' lang='lat' dir='ltr'>maxime</span> <span class='ocrx_word' id='word_1_65' title='bbox 942 613 1170 667; x_wconf 83' lang='lat' dir='ltr'>excruciet,</span> <span class='ocrx_word' id='word_1_66' title='bbox 1203 626 1426 654; x_wconf 89' lang='lat' dir='ltr'>commune</span> <span class='ocrx_word' id='word_1_67' title='bbox 1457 627 1525 667; x_wconf 88' lang='lat' dir='ltr'>pe-</span> 
     </span>
     <span class='ocr_line' id='line_1_10' title="bbox 179 671 1526 727; baseline -0.001 -13"><span class='ocrx_word' id='word_1_68' title='bbox 179 673 359 714; x_wconf 87' lang='lat' dir='ltr'>riculum</span> <span class='ocrx_word' id='word_1_69' title='bbox 386 674 445 714; x_wconf 88' lang='lat' dir='ltr'>rei</span> <span class='ocrx_word' id='word_1_70' title='bbox 471 673 676 727; x_wconf 84' lang='lat' dir='ltr'>publicae.</span> <span class='ocrx_word' id='word_1_71' title='bbox 741 672 870 712; x_wconf 76' lang='lat' dir='ltr'>Cuius</span> <span class='ocrx_word' id='word_1_72' title='bbox 899 672 1008 713; x_wconf 89' lang='lat' dir='ltr'>tanti</span> <span class='ocrx_word' id='word_1_73' title='bbox 1039 671 1153 726; x_wconf 89' lang='lat' dir='ltr'>mali,</span> <span class='ocrx_word' id='word_1_74' title='bbox 1187 671 1379 726; x_wconf 84' lang='lat' dir='ltr'>quamvis</span> <span class='ocrx_word' id='word_1_75' title='bbox 1411 671 1526 713; x_wconf 85' lang='lat' dir='ltr'>docti</span> 
     </span>
     <span class='ocr_line' id='line_1_11' title="bbox 179 730 1580 785; baseline -0.002 -13"><span class='ocrx_word' id='word_1_76' title='bbox 179 732 259 772; x_wconf 77' lang='lat' dir='ltr'>viri</span> <span class='ocrx_word' id='word_1_77' title='bbox 297 732 431 772; x_wconf 88' lang='lat' dir='ltr'>multa</span> <span class='ocrx_word' id='word_1_78' title='bbox 472 731 630 785; x_wconf 86' lang='lat' dir='ltr'>dicant,</span> <span class='ocrx_word' id='word_1_79' title='bbox 668 734 810 771; x_wconf 86' lang='lat' dir='ltr'>tamen</span> <span class='ocrx_word' id='word_1_80' title='bbox 850 745 999 772; x_wconf 88' lang='lat' dir='ltr'>ver·e01</span> <span class='ocrx_word' id='word_1_81' title='bbox 1041 745 1093 772; x_wconf 89' lang='lat' dir='ltr'>ne</span> <span class='ocrx_word' id='word_1_82' title='bbox 1135 730 1368 771; x_wconf 89' lang='lat' dir='ltr'>consolatio</span> <span class='ocrx_word' id='word_1_83' title='bbox 1408 730 1580 771; x_wconf 81' lang='lat' dir='ltr'>nullam</span> 
     </span>
     <span class='ocr_line' id='line_1_12' title="bbox 179 789 1526 844; baseline -0.001 -13"><span class='ocrx_word' id='word_1_84' title='bbox 179 791 312 844; x_wconf 78' lang='lat' dir='ltr'>possit</span> <span class='ocrx_word' id='word_1_85' title='bbox 338 805 435 831; x_wconf 76' lang='lat' dir='ltr'>vera</span> <span class='ocrx_word' id='word_1_86' title='bbox 462 790 637 844; x_wconf 88' lang='lat' dir='ltr'>reperiri</span> <span class='ocrx_word' id='word_1_87' title='bbox 662 792 830 844; x_wconf 80' lang='lat' dir='ltr'>praeter</span> <span class='ocrx_word' id='word_1_88' title='bbox 856 789 985 844; x_wconf 90' lang='lat' dir='ltr'>illam,</span> <span class='ocrx_word' id='word_1_89' title='bbox 1013 804 1119 844; x_wconf 88' lang='lat' dir='ltr'>quae</span> <span class='ocrx_word' id='word_1_90' title='bbox 1144 792 1264 830; x_wconf 86' lang='lat' dir='ltr'>tanta</span> <span class='ocrx_word' id='word_1_91' title='bbox 1289 791 1364 843; x_wconf 89' lang='lat' dir='ltr'>est,</span> <span class='ocrx_word' id='word_1_92' title='bbox 1396 803 1526 843; x_wconf 89' lang='lat' dir='ltr'>quan-</span> 
     </span>
     <span class='ocr_line' id='line_1_13' title="bbox 179 847 1525 903; baseline 0 -14"><span class='ocrx_word' id='word_1_93' title='bbox 179 853 270 890; x_wconf 90' lang='lat' dir='ltr'>tum</span> <span class='ocrx_word' id='word_1_94' title='bbox 308 849 351 889; x_wconf 92' lang='lat' dir='ltr'>in</span> <span class='ocrx_word' id='word_1_95' title='bbox 391 849 592 903; x_wconf 87' lang='lat' dir='ltr'>cuiusque</span> <span class='ocrx_word' id='word_1_96' title='bbox 630 849 771 889; x_wconf 87' lang='lat' dir='ltr'>animo</span> <span class='ocrx_word' id='word_1_97' title='bbox 813 847 980 890; x_wconf 87' lang='lat' dir='ltr'>roboris</span> <span class='ocrx_word' id='word_1_98' title='bbox 1018 851 1081 889; x_wconf 87' lang='lat' dir='ltr'>est</span> <span class='ocrx_word' id='word_1_99' title='bbox 1121 850 1247 902; x_wconf 90' lang='lat' dir='ltr'>atque</span> <span class='ocrx_word' id='word_1_100' title='bbox 1285 861 1525 889; x_wconf 84' lang='lat' dir='ltr'>nervorum.</span> 
     </span>
     <span class='ocr_line' id='line_1_14' title="bbox 180 906 1525 961; baseline -0.001 -13"><span class='ocrx_word' id='word_1_101' title='bbox 180 906 224 948; x_wconf 82' lang='lat' dir='ltr'>Si</span> <span class='ocrx_word' id='word_1_102' title='bbox 257 908 369 948; x_wconf 87' lang='lat' dir='ltr'>enim</span> <span class='ocrx_word' id='word_1_103' title='bbox 401 908 507 948; x_wconf 87' lang='lat' dir='ltr'>bene</span> <span class='ocrx_word' id='word_1_104' title='bbox 540 908 695 948; x_wconf 89' lang='lat' dir='ltr'>sentire</span> <span class='ocrx_word' id='word_1_105' title='bbox 727 910 923 961; x_wconf 88' lang='lat' dir='ltr'>recteque</span> <span class='ocrx_word' id='word_1_106' title='bbox 955 907 1091 948; x_wconf 87' lang='lat' dir='ltr'>facere</span> <span class='ocrx_word' id='word_1_107' title='bbox 1124 907 1226 947; x_wconf 85' lang='lat' dir='ltr'>satis</span> <span class='ocrx_word' id='word_1_108' title='bbox 1252 909 1316 947; x_wconf 88' lang='lat' dir='ltr'>est</span> <span class='ocrx_word' id='word_1_109' title='bbox 1341 906 1394 947; x_wconf 88' lang='lat' dir='ltr'>ad</span> <span class='ocrx_word' id='word_1_110' title='bbox 1418 906 1525 948; x_wconf 90' lang='lat' dir='ltr'>bene</span> 
     </span>
     <span class='ocr_line' id='line_1_15' title="bbox 179 966 1525 1021; baseline 0 -15"><span class='ocrx_word' id='word_1_111' title='bbox 179 966 383 1020; x_wconf 75' lang='lat' dir='ltr'>beateque</span> <span class='ocrx_word' id='word_1_112' title='bbox 409 966 648 1021; x_wconf 75' lang='lat' dir='ltr'>vivendum,</span> <span class='ocrx_word' id='word_1_113' title='bbox 680 980 840 1020; x_wconf 81' lang='lat' dir='ltr'>vereor,</span> <span class='ocrx_word' id='word_1_114' title='bbox 871 980 924 1007; x_wconf 91' lang='lat' dir='ltr'>ne</span> <span class='ocrx_word' id='word_1_115' title='bbox 955 980 1064 1020; x_wconf 91' lang='lat' dir='ltr'>eum,</span> <span class='ocrx_word' id='word_1_116' title='bbox 1095 966 1169 1020; x_wconf 93' lang='lat' dir='ltr'>qui</span> <span class='ocrx_word' id='word_1_117' title='bbox 1195 980 1238 1006; x_wconf 91' lang='lat' dir='ltr'>se</span> <span class='ocrx_word' id='word_1_118' title='bbox 1265 966 1525 1020; x_wconf 90' lang='lat' dir='ltr'>optimorum</span> 
     </span>
     <span class='ocr_line' id='line_1_16' title="bbox 179 1024 1580 1079; baseline 0 -14"><span class='ocrx_word' id='word_1_119' title='bbox 179 1025 452 1065; x_wconf 85' lang='lat' dir='ltr'>consiliorum</span> <span class='ocrx_word' id='word_1_120' title='bbox 480 1025 737 1065; x_wconf 85' lang='lat' dir='ltr'>conscientia</span> <span class='ocrx_word' id='word_1_121' title='bbox 769 1026 1005 1065; x_wconf 88' lang='lat' dir='ltr'>sustentare</span> <span class='ocrx_word' id='word_1_122' title='bbox 1030 1025 1176 1079; x_wconf 79' lang='lat' dir='ltr'>possit,</span> <span class='ocrx_word' id='word_1_123' title='bbox 1208 1024 1411 1065; x_wconf 87' lang='lat' dir='ltr'>miserum</span> <span class='ocrx_word' id='word_1_124' title='bbox 1437 1038 1526 1065; x_wconf 90' lang='lat' dir='ltr'>esse</span> <span class='ocrx_word' id='word_1_125' title='bbox 1546 1036 1580 1062; x_wconf 89' lang='lat'>15</span> 
     </span>
     <span class='ocr_line' id='line_1_17' title="bbox 178 1083 1527 1138; baseline 0.001 -15"><span class='ocrx_word' id='word_1_126' title='bbox 178 1084 295 1124; x_wconf 87' lang='lat' dir='ltr'>nefas</span> <span class='ocrx_word' id='word_1_127' title='bbox 322 1084 376 1124; x_wconf 89' lang='lat' dir='ltr'>sit</span> <span class='ocrx_word' id='word_1_128' title='bbox 404 1084 551 1125; x_wconf 89' lang='lat' dir='ltr'>dicere.</span> <span class='ocrx_word' id='word_1_129' title='bbox 607 1083 698 1124; x_wconf 90' lang='lat' dir='ltr'>Nec</span> <span class='ocrx_word' id='word_1_130' title='bbox 723 1083 835 1124; x_wconf 89' lang='lat' dir='ltr'>enim</span> <span class='ocrx_word' id='word_1_131' title='bbox 861 1098 939 1125; x_wconf 89' lang='lat' dir='ltr'>nos</span> <span class='ocrx_word' id='word_1_132' title='bbox 965 1083 1151 1124; x_wconf 85' lang='lat' dir='ltr'>arbitror</span> <span class='ocrx_word' id='word_1_133' title='bbox 1175 1083 1378 1124; x_wconf 80' lang='lat' dir='ltr'>victoriae</span> <span class='ocrx_word' id='word_1_134' title='bbox 1409 1097 1527 1138; x_wconf 86' lang='lat' dir='ltr'>prae-</span> 
     </span>
     <span class='ocr_line' id='line_1_18' title="bbox 179 1141 1527 1196; baseline 0.001 -14"><span class='ocrx_word' id='word_1_135' title='bbox 179 1142 276 1182; x_wconf 92' lang='lat' dir='ltr'>miis</span> <span class='ocrx_word' id='word_1_136' title='bbox 308 1142 456 1183; x_wconf 89' lang='lat' dir='ltr'>ductos</span> <span class='ocrx_word' id='word_1_137' title='bbox 493 1142 676 1196; x_wconf 88' lang='lat' dir='ltr'>patriam</span> <span class='ocrx_word' id='word_1_138' title='bbox 715 1142 818 1183; x_wconf 92' lang='lat' dir='ltr'>olim</span> <span class='ocrx_word' id='word_1_139' title='bbox 856 1145 899 1183; x_wconf 88' lang='lat' dir='ltr'>et</span> <span class='ocrx_word' id='word_1_140' title='bbox 938 1142 1097 1183; x_wconf 90' lang='lat' dir='ltr'>liberos</span> <span class='ocrx_word' id='word_1_141' title='bbox 1129 1145 1171 1183; x_wconf 90' lang='lat' dir='ltr'>et</span> <span class='ocrx_word' id='word_1_142' title='bbox 1208 1142 1401 1183; x_wconf 86' lang='lat' dir='ltr'>fortunas</span> <span class='ocrx_word' id='word_1_143' title='bbox 1433 1141 1527 1183; x_wconf 89' lang='lat' dir='ltr'>reli-</span> 
     </span>
     <span class='ocr_line' id='line_1_19' title="bbox 179 1201 1527 1255; baseline 0 -14"><span class='ocrx_word' id='word_1_144' title='bbox 179 1201 337 1255; x_wconf 70' lang='lat' dir='ltr'>quisse,</span> <span class='ocrx_word' id='word_1_145' title='bbox 378 1201 451 1241; x_wconf 92' lang='lat' dir='ltr'>sed</span> <span class='ocrx_word' id='word_1_146' title='bbox 489 1201 701 1255; x_wconf 87' lang='lat' dir='ltr'>quoddam</span> <span class='ocrx_word' id='word_1_147' title='bbox 739 1201 862 1242; x_wconf 90' lang='lat' dir='ltr'>nobis</span> <span class='ocrx_word' id='word_1_148' title='bbox 901 1201 1091 1242; x_wconf 84' lang='lat' dir='ltr'>officium</span> <span class='ocrx_word' id='word_1_149' title='bbox 1132 1201 1292 1242; x_wconf 87' lang='lat' dir='ltr'>iustum</span> <span class='ocrx_word' id='word_1_150' title='bbox 1329 1203 1371 1241; x_wconf 92' lang='lat' dir='ltr'>et</span> <span class='ocrx_word' id='word_1_151' title='bbox 1407 1201 1527 1255; x_wconf 90' lang='lat' dir='ltr'>pium</span> 
     </span>
     <span class='ocr_line' id='line_1_20' title="bbox 179 1259 1527 1315; baseline 0 -15"><span class='ocrx_word' id='word_1_152' title='bbox 179 1262 220 1300; x_wconf 93' lang='lat' dir='ltr'>et</span> <span class='ocrx_word' id='word_1_153' title='bbox 253 1259 443 1300; x_wconf 89' lang='lat' dir='ltr'>debitum</span> <span class='ocrx_word' id='word_1_154' title='bbox 482 1260 542 1300; x_wconf 90' lang='lat' dir='ltr'>rei</span> <span class='ocrx_word' id='word_1_155' title='bbox 579 1275 618 1313; x_wconf 92' lang='lat' dir='ltr'>p.</span> <span class='ocrx_word' id='word_1_156' title='bbox 651 1262 903 1313; x_wconf 82' lang='lat' dir='ltr'>nostraeque</span> <span class='ocrx_word' id='word_1_157' title='bbox 943 1259 1143 1315; x_wconf 85' lang='lat' dir='ltr'>dignitati</span> <span class='ocrx_word' id='word_1_158' title='bbox 1180 1259 1430 1300; x_wconf 88' lang='lat' dir='ltr'>videbamur</span> <span class='ocrx_word' id='word_1_159' title='bbox 1467 1273 1527 1300; x_wconf 89' lang='lat' dir='ltr'>se-</span> 
     </span>
     <span class='ocr_line' id='line_1_21' title="bbox 179 1318 1580 1371; baseline 0 -13"><span class='ocrx_word' id='word_1_160' title='bbox 179 1318 251 1371; x_wconf 89' lang='lat' dir='ltr'>qui</span> <span class='ocrx_word' id='word_1_161' title='bbox 283 1332 376 1371; x_wconf 89' lang='lat' dir='ltr'>nec,</span> <span class='ocrx_word' id='word_1_162' title='bbox 415 1332 510 1358; x_wconf 88' lang='lat' dir='ltr'>cum</span> <span class='ocrx_word' id='word_1_163' title='bbox 542 1318 587 1358; x_wconf 91' lang='lat' dir='ltr'>id</span> <span class='ocrx_word' id='word_1_164' title='bbox 616 1318 892 1371; x_wconf 86' lang='lat' dir='ltr'>faciebamus,</span> <span class='ocrx_word' id='word_1_165' title='bbox 925 1321 1012 1358; x_wconf 89' lang='lat' dir='ltr'>tam</span> <span class='ocrx_word' id='word_1_166' title='bbox 1045 1332 1211 1359; x_wconf 88' lang='lat' dir='ltr'>eramus</span> <span class='ocrx_word' id='word_1_167' title='bbox 1242 1320 1447 1371; x_wconf 83' lang='lat' dir='ltr'>amentes,</span> <span class='ocrx_word' id='word_1_168' title='bbox 1478 1320 1527 1358; x_wconf 93' lang='lat' dir='ltr'>ut</span> <span class='ocrx_word' id='word_1_169' title='bbox 1546 1329 1580 1355; x_wconf 79' lang='lat'>20</span> 
     </span>
     <span class='ocr_line' id='line_1_22' title="bbox 179 1375 1526 1430; baseline 0.001 -14"><span class='ocrx_word' id='word_1_170' title='bbox 179 1376 398 1430; x_wconf 84' lang='lat' dir='ltr'>explorata</span> <span class='ocrx_word' id='word_1_171' title='bbox 440 1376 564 1417; x_wconf 88' lang='lat' dir='ltr'>nobis</span> <span class='ocrx_word' id='word_1_172' title='bbox 609 1379 717 1417; x_wconf 87' lang='lat' dir='ltr'>esset</span> <span class='ocrx_word' id='word_1_173' title='bbox 761 1376 949 1417; x_wconf 87' lang='lat' dir='ltr'>victoria.</span> <span class='ocrx_word' id='word_1_174' title='bbox 1013 1375 1168 1430; x_wconf 86' lang='lat' dir='ltr'>Quare,</span> <span class='ocrx_word' id='word_1_175' title='bbox 1213 1376 1247 1417; x_wconf 88' lang='lat' dir='ltr'>si</span> <span class='ocrx_word' id='word_1_176' title='bbox 1289 1376 1333 1416; x_wconf 86' lang='lat' dir='ltr'>id</span> <span class='ocrx_word' id='word_1_177' title='bbox 1373 1376 1526 1430; x_wconf 86' lang='lat' dir='ltr'>evenit,</span> 
     </span>
     <span class='ocr_line' id='line_1_23' title="bbox 180 1435 1527 1490; baseline 0.001 -16"><span class='ocrx_word' id='word_1_178' title='bbox 180 1435 293 1488; x_wconf 92' lang='lat' dir='ltr'>quod</span> <span class='ocrx_word' id='word_1_179' title='bbox 331 1435 669 1490; x_wconf 84' lang='lat' dir='ltr'>ingredientibus</span> <span class='ocrx_word' id='word_1_180' title='bbox 707 1435 831 1475; x_wconf 91' lang='lat' dir='ltr'>nobis</span> <span class='ocrx_word' id='word_1_181' title='bbox 863 1435 907 1475; x_wconf 93' lang='lat' dir='ltr'>in</span> <span class='ocrx_word' id='word_1_182' title='bbox 946 1449 1114 1476; x_wconf 89' lang='lat' dir='ltr'>causam</span> <span class='ocrx_word' id='word_1_183' title='bbox 1144 1435 1412 1489; x_wconf 89' lang='lat' dir='ltr'>propositum</span> <span class='ocrx_word' id='word_1_184' title='bbox 1444 1435 1527 1476; x_wconf 83' lang='lat' dir='ltr'>fuit</span> 
     </span>
     <span class='ocr_line' id='line_1_24' title="bbox 179 1493 1525 1548; baseline 0.001 -15"><span class='ocrx_word' id='word_1_185' title='bbox 179 1493 366 1534; x_wconf 88' lang='lat' dir='ltr'>accidere</span> <span class='ocrx_word' id='word_1_186' title='bbox 397 1507 537 1547; x_wconf 89' lang='lat' dir='ltr'>posse,</span> <span class='ocrx_word' id='word_1_187' title='bbox 575 1508 661 1534; x_wconf 91' lang='lat' dir='ltr'>non</span> <span class='ocrx_word' id='word_1_188' title='bbox 695 1493 894 1534; x_wconf 78' lang='lat' dir='ltr'>debemus</span> <span class='ocrx_word' id='word_1_189' title='bbox 926 1494 986 1534; x_wconf 92' lang='lat' dir='ltr'>ita</span> <span class='ocrx_word' id='word_1_190' title='bbox 1019 1494 1169 1534; x_wconf 89' lang='lat' dir='ltr'>cadere·</span> <span class='ocrx_word' id='word_1_191' title='bbox 1197 1493 1366 1547; x_wconf 87' lang='lat' dir='ltr'>animis,</span> <span class='ocrx_word' id='word_1_192' title='bbox 1405 1493 1525 1548; x_wconf 90' lang='lat' dir='ltr'>quasi</span> 
     </span>
     <span class='ocr_line' id='line_1_25' title="bbox 179 1552 1524 1606; baseline 0.001 -15"><span class='ocrx_word' id='word_1_193' title='bbox 179 1552 341 1605; x_wconf 90' lang='lat' dir='ltr'>aliquid</span> <span class='ocrx_word' id='word_1_194' title='bbox 366 1552 563 1605; x_wconf 77' lang='lat' dir='ltr'>evenerit,</span> <span class='ocrx_word' id='word_1_195' title='bbox 597 1552 710 1606; x_wconf 91' lang='lat' dir='ltr'>quod</span> <span class='ocrx_word' id='word_1_196' title='bbox 741 1552 833 1592; x_wconf 89' lang='lat' dir='ltr'>fieri</span> <span class='ocrx_word' id='word_1_197' title='bbox 865 1566 987 1606; x_wconf 91' lang='lat' dir='ltr'>posse</span> <span class='ocrx_word' id='word_1_198' title='bbox 1012 1567 1245 1606; x_wconf 88' lang='lat' dir='ltr'>numquam</span> <span class='ocrx_word' id='word_1_199' title='bbox 1276 1553 1524 1606; x_wconf 82' lang='lat' dir='ltr'>putarimus.</span> 
     </span>
     <span class='ocr_line' id='line_1_26' title="bbox 180 1609 1579 1666; baseline 0.001 -16"><span class='ocrx_word' id='word_1_200' title='bbox 180 1609 321 1650; x_wconf 80' lang='lat' dir='ltr'>Simus</span> <span class='ocrx_word' id='word_1_201' title='bbox 362 1610 495 1666; x_wconf 85' lang='lat' dir='ltr'>igitur</span> <span class='ocrx_word' id='word_1_202' title='bbox 533 1624 580 1650; x_wconf 90' lang='lat' dir='ltr'>ea</span> <span class='ocrx_word' id='word_1_203' title='bbox 616 1613 778 1665; x_wconf 89' lang='lat' dir='ltr'>mente,</span> <span class='ocrx_word' id='word_1_204' title='bbox 820 1625 946 1664; x_wconf 89' lang='lat' dir='ltr'>quam</span> <span class='ocrx_word' id='word_1_205' title='bbox 985 1612 1093 1651; x_wconf 89' lang='lat' dir='ltr'>ratio</span> <span class='ocrx_word' id='word_1_206' title='bbox 1135 1614 1177 1652; x_wconf 90' lang='lat' dir='ltr'>et</span> <span class='ocrx_word' id='word_1_207' title='bbox 1213 1611 1369 1652; x_wconf 79' lang='lat' dir='ltr'>veritas</span> <span class='ocrx_word' id='word_1_208' title='bbox 1408 1625 1525 1666; x_wconf 89' lang='lat' dir='ltr'>prae·</span> <span class='ocrx_word' id='word_1_209' title='bbox 1546 1623 1579 1648; x_wconf 83' lang='lat'>25</span> 
     </span>
     <span class='ocr_line' id='line_1_27' title="bbox 180 1668 1526 1724; baseline 0.002 -16"><span class='ocrx_word' id='word_1_210' title='bbox 180 1668 338 1722; x_wconf 86' lang='lat' dir='ltr'>scribit,</span> <span class='ocrx_word' id='word_1_211' title='bbox 371 1672 418 1709; x_wconf 93' lang='lat' dir='ltr'>ut</span> <span class='ocrx_word' id='word_1_212' title='bbox 449 1669 558 1709; x_wconf 92' lang='lat' dir='ltr'>nihil</span> <span class='ocrx_word' id='word_1_213' title='bbox 589 1669 633 1710; x_wconf 90' lang='lat' dir='ltr'>in</span> <span class='ocrx_word' id='word_1_214' title='bbox 658 1670 746 1710; x_wconf 84' lang='lat' dir='ltr'>vita</span> <span class='ocrx_word' id='word_1_215' title='bbox 771 1669 895 1710; x_wconf 90' lang='lat' dir='ltr'>nobis</span> <span class='ocrx_word' id='word_1_216' title='bbox 923 1670 1223 1724; x_wconf 87' lang='lat' dir='ltr'>praestandum</span> <span class='ocrx_word' id='word_1_217' title='bbox 1248 1672 1417 1724; x_wconf 89' lang='lat' dir='ltr'>praeter</span> <span class='ocrx_word' id='word_1_218' title='bbox 1441 1669 1526 1711; x_wconf 84' lang='lat' dir='ltr'>cul-</span> 
     </span>
     <span class='ocr_line' id='line_1_28' title="bbox 179 1728 1526 1783; baseline 0.001 -16"><span class='ocrx_word' id='word_1_219' title='bbox 179 1742 275 1781; x_wconf 86' lang='lat' dir='ltr'>pam</span> <span class='ocrx_word' id='word_1_220' title='bbox 316 1730 530 1781; x_wconf 87' lang='lat' dir='ltr'>putemus,</span> <span class='ocrx_word' id='word_1_221' title='bbox 575 1742 706 1782; x_wconf 89' lang='lat' dir='ltr'>eaque</span> <span class='ocrx_word' id='word_1_222' title='bbox 745 1742 841 1768; x_wconf 87' lang='lat' dir='ltr'>cum</span> <span class='ocrx_word' id='word_1_223' title='bbox 882 1742 1114 1783; x_wconf 89' lang='lat' dir='ltr'>careamus,</span> <span class='ocrx_word' id='word_1_224' title='bbox 1159 1729 1302 1769; x_wconf 89' lang='lat' dir='ltr'>omnia</span> <span class='ocrx_word' id='word_1_225' title='bbox 1340 1728 1526 1769; x_wconf 86' lang='lat' dir='ltr'>humana</span> 
     </span>
     <span class='ocr_line' id='line_1_29' title="bbox 177 1786 1526 1842; baseline 0.001 -16"><span class='ocrx_word' id='word_1_226' title='bbox 177 1786 340 1840; x_wconf 86' lang='lat' dir='ltr'>placate</span> <span class='ocrx_word' id='word_1_227' title='bbox 373 1789 414 1826; x_wconf 92' lang='lat' dir='ltr'>et</span> <span class='ocrx_word' id='word_1_228' title='bbox 445 1786 660 1827; x_wconf 89' lang='lat' dir='ltr'>moderate</span> <span class='ocrx_word' id='word_1_229' title='bbox 693 1787 887 1827; x_wconf 89' lang='lat' dir='ltr'>feramus.</span> <span class='ocrx_word' id='word_1_230' title='bbox 950 1786 1093 1842; x_wconf 91' lang='lat' dir='ltr'>Atque</span> <span class='ocrx_word' id='word_1_231' title='bbox 1124 1787 1227 1828; x_wconf 86' lang='lat' dir='ltr'>haec</span> <span class='ocrx_word' id='word_1_232' title='bbox 1259 1801 1308 1828; x_wconf 92' lang='lat' dir='ltr'>eo</span> <span class='ocrx_word' id='word_1_233' title='bbox 1339 1787 1526 1842; x_wconf 86' lang='lat' dir='ltr'>pertinet</span> 
     </span>
     <span class='ocr_line' id='line_1_30' title="bbox 179 1845 1525 1900; baseline 0.001 -15"><span class='ocrx_word' id='word_1_234' title='bbox 179 1845 333 1898; x_wconf 89' lang='lat' dir='ltr'>oratio,</span> <span class='ocrx_word' id='word_1_235' title='bbox 371 1847 419 1885; x_wconf 91' lang='lat' dir='ltr'>ut</span> <span class='ocrx_word' id='word_1_236' title='bbox 455 1845 633 1899; x_wconf 77' lang='lat' dir='ltr'>perditis</span> <span class='ocrx_word' id='word_1_237' title='bbox 670 1845 797 1886; x_wconf 90' lang='lat' dir='ltr'>rebus</span> <span class='ocrx_word' id='word_1_238' title='bbox 839 1846 1036 1887; x_wconf 89' lang='lat' dir='ltr'>omnibus</span> <span class='ocrx_word' id='word_1_239' title='bbox 1076 1849 1219 1887; x_wconf 88' lang='lat' dir='ltr'>tamen</span> <span class='ocrx_word' id='word_1_240' title='bbox 1259 1846 1351 1900; x_wconf 89' lang='lat' dir='ltr'>ipsa</span> <span class='ocrx_word' id='word_1_241' title='bbox 1387 1846 1525 1887; x_wconf 81' lang='lat' dir='ltr'>virtus</span> 
     </span>
     <span class='ocr_line' id='line_1_31' title="bbox 178 1903 1577 1960; baseline -0.001 -17"><span class='ocrx_word' id='word_1_242' title='bbox 178 1917 220 1944; x_wconf 87' lang='lat' dir='ltr'>se</span> <span class='ocrx_word' id='word_1_243' title='bbox 259 1906 494 1944; x_wconf 85' lang='lat' dir='ltr'>sustentare</span> <span class='ocrx_word' id='word_1_244' title='bbox 532 1917 655 1957; x_wconf 85' lang='lat' dir='ltr'>posse</span> <span class='ocrx_word' id='word_1_245' title='bbox 685 1904 890 1945; x_wconf 81' lang='lat' dir='ltr'>videatur.</span> <span class='ocrx_word' id='word_1_246' title='bbox 953 1903 1052 1959; x_wconf 84' lang='lat' dir='ltr'>Sed,</span> <span class='ocrx_word' id='word_1_247' title='bbox 1094 1905 1130 1946; x_wconf 91' lang='lat' dir='ltr'>si</span> <span class='ocrx_word' id='word_1_248' title='bbox 1162 1907 1226 1946; x_wconf 93' lang='lat' dir='ltr'>est</span> <span class='ocrx_word' id='word_1_249' title='bbox 1256 1918 1350 1960; x_wconf 89' lang='lat' dir='ltr'>spes</span> <span class='ocrx_word' id='word_1_250' title='bbox 1382 1904 1524 1959; x_wconf 86' lang='lat' dir='ltr'>aliqua</span> <span class='ocrx_word' id='word_1_251' title='bbox 1544 1916 1577 1941; x_wconf 82' lang='lat'>30</span> 
     </span>
     <span class='ocr_line' id='line_1_32' title="bbox 177 1961 1524 2018; baseline 0.001 -16"><span class='ocrx_word' id='word_1_252' title='bbox 177 1961 302 2002; x_wconf 86' lang='lat' dir='ltr'>rebus</span> <span class='ocrx_word' id='word_1_253' title='bbox 329 1962 636 2017; x_wconf 86' lang='lat' dir='ltr'>communibus,</span> <span class='ocrx_word' id='word_1_254' title='bbox 663 1977 710 2003; x_wconf 88' lang='grc'>63</span> <span class='ocrx_word' id='word_1_255' title='bbox 735 1965 794 2017; x_wconf 92' lang='lat' dir='ltr'>tu,</span> <span class='ocrx_word' id='word_1_256' title='bbox 821 1963 1076 2018; x_wconf 88' lang='lat' dir='ltr'>quicumque</span> <span class='ocrx_word' id='word_1_257' title='bbox 1100 1966 1235 2004; x_wconf 88' lang='lat' dir='ltr'>status</span> <span class='ocrx_word' id='word_1_258' title='bbox 1255 1965 1318 2004; x_wconf 90' lang='lat' dir='ltr'>est</span> <span class='ocrx_word' id='word_1_259' title='bbox 1343 1963 1524 2018; x_wconf 81' lang='lat' dir='ltr'>futurus,</span> 
     </span>
     <span class='ocr_line' id='line_1_33' title="bbox 178 2021 603 2062; baseline 0.002 -1"><span class='ocrx_word' id='word_1_260' title='bbox 178 2034 317 2061; x_wconf 85' lang='lat' dir='ltr'>carere</span> <span class='ocrx_word' id='word_1_261' title='bbox 349 2035 434 2062; x_wconf 91' lang='lat' dir='ltr'>non</span> <span class='ocrx_word' id='word_1_262' title='bbox 467 2021 603 2062; x_wconf 90' lang='lat' dir='ltr'>debes.</span> 
     </span>
    </p>

    <p class='ocr_par' dir='ltr' id='par_1_4' title="bbox 177 2079 1576 2368">
     <span class='ocr_line' id='line_1_34' title="bbox 265 2079 1523 2133; baseline 0.002 -14"><span class='ocrx_word' id='word_1_263' title='bbox 265 2079 406 2133; x_wconf 85' lang='lat' dir='ltr'>Atque</span> <span class='ocrx_word' id='word_1_264' title='bbox 438 2079 541 2120; x_wconf 88' lang='lat' dir='ltr'>haec</span> <span class='ocrx_word' id='word_1_265' title='bbox 571 2080 677 2121; x_wconf 91' lang='lat' dir='ltr'>mihi</span> <span class='ocrx_word' id='word_1_266' title='bbox 710 2080 912 2121; x_wconf 88' lang='lat' dir='ltr'>scribenti</span> <span class='ocrx_word' id='word_1_267' title='bbox 938 2081 1135 2122; x_wconf 84' lang='lat' dir='ltr'>veniebat</span> <span class='ocrx_word' id='word_1_268' title='bbox 1163 2081 1207 2121; x_wconf 89' lang='lat' dir='ltr'>in</span> <span class='ocrx_word' id='word_1_269' title='bbox 1238 2082 1424 2121; x_wconf 86' lang='lat' dir='ltr'>mentem</span> <span class='ocrx_word' id='word_1_270' title='bbox 1455 2094 1523 2121; x_wconf 90' lang='lat' dir='ltr'>me</span> 
     </span>
     <span class='ocr_line' id='line_1_35' title="bbox 177 2138 1522 2193; baseline 0.001 -16"><span class='ocrx_word' id='word_1_271' title='bbox 177 2152 264 2178; x_wconf 74' lang='lat' dir='ltr'>esse</span> <span class='ocrx_word' id='word_1_272' title='bbox 292 2152 399 2192; x_wconf 81' lang='lat' dir='ltr'>eum,</span> <span class='ocrx_word' id='word_1_273' title='bbox 432 2139 551 2179; x_wconf 88' lang='lat' dir='ltr'>cuius</span> <span class='ocrx_word' id='word_1_274' title='bbox 577 2141 624 2179; x_wconf 89' lang='lat' dir='ltr'>tu</span> <span class='ocrx_word' id='word_1_275' title='bbox 651 2139 988 2193; x_wconf 87' lang='lat' dir='ltr'>desperationem</span> <span class='ocrx_word' id='word_1_276' title='bbox 1014 2153 1208 2180; x_wconf 85' lang='lat' dir='ltr'>accusare</span> <span class='ocrx_word' id='word_1_277' title='bbox 1234 2138 1384 2179; x_wconf 83' lang='lat' dir='ltr'>solitus</span> <span class='ocrx_word' id='word_1_278' title='bbox 1411 2152 1522 2180; x_wconf 89' lang='lat' dir='ltr'>esses</span> 
     </span>
     <span class='ocr_line' id='line_1_36' title="bbox 178 2197 1576 2250; baseline 0 -15"><span class='ocrx_word' id='word_1_279' title='bbox 178 2211 386 2250; x_wconf 84' lang='lat' dir='ltr'>quemque</span> <span class='ocrx_word' id='word_1_280' title='bbox 419 2197 670 2238; x_wconf 86' lang='lat' dir='ltr'>auctoritate</span> <span class='ocrx_word' id='word_1_281' title='bbox 703 2200 777 2238; x_wconf 91' lang='lat' dir='ltr'>tua</span> <span class='ocrx_word' id='word_1_282' title='bbox 803 2200 1071 2239; x_wconf 87' lang='lat' dir='ltr'>cunctantem</span> <span class='ocrx_word' id='word_1_283' title='bbox 1097 2200 1139 2238; x_wconf 90' lang='lat' dir='ltr'>et</span> <span class='ocrx_word' id='word_1_284' title='bbox 1165 2197 1427 2238; x_wconf 87' lang='lat' dir='ltr'>diffidentem</span> <span class='ocrx_word' id='word_1_285' title='bbox 1454 2211 1522 2238; x_wconf 84' lang='lat' dir='ltr'>ex—</span> <span class='ocrx_word' id='word_1_286' title='bbox 1541 2208 1576 2234; x_wconf 82' lang='lat'>35</span> 
     </span>
     <span class='ocr_line' id='line_1_37' title="bbox 178 2254 1522 2312; baseline 0.002 -19"><span class='ocrx_word' id='word_1_287' title='bbox 178 2254 316 2295; x_wconf 84' lang='lat' dir='ltr'>citare.</span> <span class='ocrx_word' id='word_1_288' title='bbox 380 2254 472 2303; x_wconf 85' lang='lat' dir='ltr'>Quo</span> <span class='ocrx_word' id='word_1_289' title='bbox 500 2256 670 2310; x_wconf 90' lang='lat' dir='ltr'>quidem</span> <span class='ocrx_word' id='word_1_290' title='bbox 696 2259 886 2310; x_wconf 88' lang='lat' dir='ltr'>tempore</span> <span class='ocrx_word' id='word_1_291' title='bbox 911 2270 998 2297; x_wconf 92' lang='lat' dir='ltr'>non</span> <span class='ocrx_word' id='word_1_292' title='bbox 1023 2270 1102 2312; x_wconf 87' lang='lat' dir='ltr'>ego</span> <span class='ocrx_word' id='word_1_293' title='bbox 1129 2269 1296 2297; x_wconf 86' lang='lat' dir='ltr'>causam</span> <span class='ocrx_word' id='word_1_294' title='bbox 1321 2258 1522 2310; x_wconf 79' lang='lat' dir='ltr'>nostram,</span> 
     </span>
     <span class='ocr_line' id='line_1_38' title="bbox 177 2312 1522 2368; baseline 0.003 -17"><span class='ocrx_word' id='word_1_295' title='bbox 177 2312 249 2352; x_wconf 81' lang='lat' dir='ltr'>sed</span> <span class='ocrx_word' id='word_1_296' title='bbox 282 2313 505 2354; x_wconf 87' lang='lat' dir='ltr'>consilium</span> <span class='ocrx_word' id='word_1_297' title='bbox 545 2314 850 2368; x_wconf 89' lang='lat' dir='ltr'>improbabam.</span> <span class='ocrx_word' id='word_1_298' title='bbox 914 2314 1017 2356; x_wconf 86' lang='lat' dir='ltr'>Sero</span> <span class='ocrx_word' id='word_1_299' title='bbox 1056 2314 1167 2355; x_wconf 91' lang='lat' dir='ltr'>enim</span> <span class='ocrx_word' id='word_1_300' title='bbox 1200 2328 1278 2355; x_wconf 90' lang='lat' dir='ltr'>nos</span> <span class='ocrx_word' id='word_1_301' title='bbox 1309 2314 1362 2355; x_wconf 91' lang='lat' dir='ltr'>iis</span> <span class='ocrx_word' id='word_1_302' title='bbox 1393 2314 1522 2356; x_wconf 88' lang='lat' dir='ltr'>armis</span> 
     </span>
    </p>
   </div>
   <div class='ocr_carea' id='block_1_3' title="bbox 1643 334 1654 371">
    <p class='ocr_par' dir='ltr' id='par_1_5' title="bbox 1643 334 1654 371">
     <span class='ocr_line' id='line_1_39' title="bbox 1643 334 1654 371; textangle 90"><span class='ocrx_word' id='word_1_303' title='bbox 1643 334 1654 371; x_wconf 59' lang='grc' dir='ltr'>νῦ</span> 
     </span>
    </p>
   </div>
  </div>
 </body>
</html>
