1659 2552
131 1128 148 1158 1

619 643 762 678 LIBER
786 643 1068 679 UNDECIMUS

335 726 424 769 AD
465 726 852 769 M.-BRUTUM
895 727 978 769 ΕΤ
1024 725 1346 769 CETEROS.

833 854 865 897 Ι.

430 936 505 972 Ser.
532 937 669 972 Romae
695 937 802 971 XVI
821 937 870 972 K.
896 937 988 982 Apr.
1015 949 1048 972 α.
1078 940 1149 972 710
1175 939 1265 981 (44).

396 1018 440 1053 D.
466 1018 654 1053 BRUTUS
680 1018 840 1053 BRUTO
868 1018 958 1054 SUO
984 1018 1045 1053 ET
1072 1018 1233 1054 CASSIO
1261 1017 1295 1054 S.
1555 1021 1571 1048 5

266 1114 359 1164 Quo
390 1115 435 1156 in
467 1118 580 1157 statu
611 1115 754 1169 simus,
786 1115 1038 1170 cognoscite.
1076 1114 1182 1156 Heri
1212 1113 1377 1169 vesperi
1407 1114 1521 1169 apud

176 1188 243 1215 me
268 1174 438 1216 Hirtius
461 1175 560 1229 fuit3
593 1189 676 1228 qua
699 1176 841 1215 mente
872 1176 981 1215 esset
1005 1173 1230 1228 Antonius,
1262 1174 1520 1215 demonstra-

176 1233 255 1286 vit,
295 1233 478 1287 pessima
517 1233 678 1274 scilicet
715 1235 756 1274 et
792 1232 1094 1274 infidelissima.
1153 1232 1267 1274 Nam
1303 1247 1346 1274 se
1383 1246 1519 1286 neque

176 1292 283 1333 mihi
313 1292 577 1345 provinciam
604 1292 701 1333 dare
726 1306 849 1345 posse
875 1291 1015 1333 aiebat
1038 1306 1174 1345 neque
1199 1291 1399 1333 arbitrari
1423 1293 1518 1332 tuto

176 1351 221 1392 in
258 1351 363 1392 urbe
401 1365 490 1391 esse
527 1365 782 1404 quemquam
818 1353 1030 1405 nostrum3
1067 1350 1170 1391 adeo
1208 1363 1297 1391 esse
1332 1349 1520 1391 militum
1538 1363 1572 1389 10

178 1409 410 1450 concitatos
442 1409 605 1450 animos
637 1412 678 1450 et
708 1409 856 1463 plebis,
918 1408 1041 1457 Quod
1071 1411 1299 1462 utrumque
1331 1422 1420 1450 esse
1444 1408 1519 1449 fal-

178 1482 271 1508 sum
307 1471 412 1522 puto
450 1482 525 1509 vos
563 1467 905 1522 animadvertere
934 1470 1060 1521 atque
1097 1467 1204 1508 illud
1241 1481 1329 1508 esse
1361 1481 1519 1521 verum,

178 1527 293 1580 quod
322 1525 490 1567 Hirtius
522 1526 850 1580 demonstrabat,
881 1526 1032 1567 timere
1063 1540 1170 1580 eum,
1201 1540 1265 1580 ne,
1297 1525 1333 1566 si
1363 1525 1521 1566 medio-

178 1599 245 1625 cre
289 1585 494 1626 auxilium
539 1585 760 1640 dignitatis
802 1587 971 1626 nostrae
1019 1584 1335 1638 habuissemus,
1379 1584 1520 1625 nullae

176 1646 318 1697 partes
349 1644 401 1684 iis
433 1644 477 1684 in
509 1658 552 1684 re
592 1659 631 1698 p.
664 1644 1014 1697 relinquerentur.
1078 1642 1184 1684 Cum
1216 1643 1260 1684 in
1290 1643 1358 1684 his
1390 1657 1519 1699 angu-
1538 1654 1572 1680 15

177 1702 270 1743 stiis
301 1717 507 1757 versarer,
544 1702 749 1757 placitum
781 1705 844 1743 est
874 1702 999 1756 mihi,
1039 1705 1087 1742 ut
1117 1702 1378 1756 postularem
1408 1702 1520 1758 lega-

176 1761 336 1802 tionem
379 1761 557 1802 liberam
606 1761 712 1802 mihi
756 1761 1013 1815 reliquisque
1062 1761 1240 1815 nostris,
1288 1762 1337 1801 ut
1379 1760 1522 1814 aliqua

178 1834 301 1860 eausa
337 1820 631 1874 proficiscendi
668 1820 847 1861 honesta
879 1822 1162 1874 quaereretur.
1223 1818 1340 1860 Haeo
1371 1833 1414 1860 se
1444 1819 1520 1860 im-

175 1881 442 1933 petraturum
466 1879 683 1935 pollicitus
709 1881 783 1933 est,
808 1893 886 1920 neo
909 1882 1051 1920 tamen
1074 1879 1401 1933 impetraturum
1426 1891 1521 1918 con-

175 1937 278 1993 fid03
310 1940 430 1978 tanta
461 1941 524 1978 est
554 1938 777 1979 hominum
802 1937 1029 1978 insolentia
1054 1940 1095 1978 et
1119 1937 1255 1978 nostri
1285 1936 1518 1977 insectatio.
1540 1948 1574 1974 20

175 1996 250 2050 Ac,
283 1996 317 2037 si
345 1996 548 2051 dederint,
581 1996 695 2050 quod
725 1997 920 2050 petimus,
952 1999 1093 2037 tamen
1124 1996 1250 2050 paulo
1281 1997 1378 2049 post
1409 1995 1521 2035 futu-

177 2069 270 2095 rum
302 2057 407 2109 puto
439 2058 487 2096 ut
518 2055 662 2096 hostes
694 2055 940 2109 iudicemur,
973 2057 1044 2095 aut
1076 2069 1185 2108 aqua
1209 2056 1250 2095 et
1275 2053 1365 2109 igni
1395 2053 1521 2094 nobis

176 2114 465 2154 interdicatur.
529 2113 662 2162 ‘Quid
700 2128 801 2170 ergo
840 2114 942 2168 est’,
979 2114 1138 2167 inquis,
1179 2112 1263 2153 etui
1305 2112 1521 2152 consiliiP’

177 2172 352 2213 Dandus
393 2175 456 2213 est
495 2172 614 2213 locus
654 2172 869 2227 fortunae,
911 2172 1142 2214 cedendum
1180 2186 1231 2212 ex
1261 2169 1406 2225 Italia,
1445 2170 1522 2211 mi-

177 2231 385 2285 grandum
429 2230 630 2272 Rhodum
674 2233 746 2271 aut
787 2231 929 2285 aliquo
970 2234 1178 2272 terrarum
1220 2229 1414 2270 arbitror.
1477 2227 1521 2270 Si
1542 2239 1575 2265 25

177 2289 328 2329 melior
361 2303 479 2330 casus
511 2290 657 2344 fuerit,
696 2292 957 2330 revertemur
988 2289 1188 2343 Romam3
1221 2288 1255 2328 si
1287 2288 1522 2342 mediocris,
