1659 2552
625 90 769 124 LIBER
794 89 843 124 IX
869 91 1018 124 24—26.
1400 88 1486 130 257

147 185 440 241 imperandum
465 185 532 226 vel
557 185 610 226 ad
634 185 867 240 parendum
897 184 1058 239 potius,
1090 183 1149 225 sic
1181 184 1292 225 enim
1324 184 1488 238 antiqui

146 245 442 300 loquebantur.

238 303 344 345 Cum
375 303 430 343 M.
463 302 612 356 Fadio,
645 303 759 356 quod
790 302 895 343 scire
926 303 968 342 te
1000 301 1201 355 arbitror,
1240 300 1346 341 mihi
1379 315 1489 342 sum-

147 377 242 404 mus
273 376 373 403 usus
406 364 487 415 est,
519 361 723 415 valdeque
755 375 851 402 eum
884 360 1015 415 diligo
1048 374 1143 401 cum
1174 362 1348 413 propter
1380 374 1489 399 311111-

113 434 261 462 5mam
297 421 556 475 probitatem
594 420 682 460 eius
720 433 766 460 ac
804 419 1061 475 singularem
1092 418 1359 471 modestiam,
1397 420 1488 458 tum

151 480 265 534 quod
296 481 340 520 in
372 479 424 520 iis
456 479 766 532 controversiis,
799 493 901 532 quas
932 477 1068 518 habeo
1102 491 1196 518 cum
1222 477 1307 517 tuis
1333 476 1490 517 combi-

149 539 333 580 bonibus
359 537 583 592 EpicuriiS,
617 537 776 591 optima
803 551 929 591 opera
955 536 1044 577 eius
1070 536 1133 576 uti
1158 535 1284 576 soleo.
1328 534 1369 576 Is
1396 550 1489 575 cum

151 598 203 639 ad
242 612 309 638 me
346 596 597 637 Laodiceam
628 596 828 650 venisset,
868 609 1116 649 mecumque
1148 609 1226 650 ego
1268 608 1364 635 eum
1402 608 1490 634 esse

151 656 320 710 vellem,
358 658 529 709 repente
566 669 787 709 percussus
825 657 887 695 est
925 653 1199 694 atrocissimis
1237 652 1408 706 litteris,
1448 652 1492 692 in

98 728 131 753 10
152 715 306 769 quibus
332 715 536 767 scriptum
557 716 645 754 erat
670 713 848 753 fundum
869 712 1225 753 Herculanensem
1244 726 1268 752 a
1294 710 1339 760 Q.
1360 710 1491 751 Fadio

151 775 281 814 fratre
313 773 598 827 proscriptum
630 786 729 826 esse,
763 772 834 825 qui
867 771 1022 811 fundus
1048 785 1142 811 cum
1175 784 1223 811 eo
1256 769 1492 810 communis

153 834 271 873 esset.
341 830 391 871 Id
428 830 483 871 M.
515 831 670 871 Fidius
709 830 973 885 pergraviter
1009 829 1109 870 tulit
1150 829 1492 882 existimavitque

152 892 327 931 fratrem
359 904 493 944 suum,
524 889 740 930 hominem
766 904 851 929 non
878 888 1121 942 sapientem,
1152 888 1323 953 inpulsu
1355 886 1493 927 inimi-

153 964 298 990 corum
331 963 504 989 suorum
531 963 579 989 eo
604 961 876 1003 progressum
902 961 1000 987 esse.
1044 946 1181 1000 Nunc,
1213 946 1249 986 si
1274 960 1341 986 me
1368 959 1493 999 amas,

101 1021 134 1046 15
153 1009 212 1049 mi
249 1007 395 1062 Paete,
427 1007 648 1063 negotium
684 1008 823 1047 totum
861 1005 1041 1060 suscipe,
1085 1004 1279 1045 molestia
1315 979 1494 1044 Fadium

152 1067 297 1108 libera.
358 1064 626 1106 Auctoritate
663 1067 736 1105 tua
773 1064 897 1105 nobis
936 1078 1040 1118 opus
1077 1066 1140 1104 est
1172 1066 1213 1104 et
1245 1063 1420 1103 consilio
1453 1064 1495 1103 et

155 1126 282 1166 etiam
313 1125 461 1180 gratia
498 1124 601 1166 Noli
633 1124 722 1177 pati
753 1123 922 1179 litigare
954 1123 1105 1162 f··1at1es
1138 1124 1179 1162 et
1210 1121 1377 1162 iudiciis
1409 1124 1495 1161 tur-

153 1184 280 1238 pibus
299 1183 543 1224 conflictari.
585 1183 800 1223 Matonem
826 1184 867 1222 et
885 1181 1124 1222 Pollionem
1149 1180 1343 1221 inimicos
1366 1179 1496 1220 habet

155 1242 320 1283 Fadius,
382 1241 493 1290 Quid
523 1241 686 1282 multa?
726 1255 811 1281 non
848 1239 1087 1281 mehercule
1117 1241 1206 1279 tam
1236 1238 1496 1292 perscribere

84 1315 118 1340 20
154 1316 338 1356 possum,
371 1315 497 1354 quam
522 1300 629 1340 mihi
659 1302 830 1355 gratum
855 1299 1015 1352 feceris,
1047 1298 1082 1338 si
1108 1298 1293 1338 otiosum
1318 1297 1497 1337 Fadium

155 1359 398 1401 reddideris.
458 1357 509 1399 Id
546 1359 617 1400 ille
654 1373 699 1398 in
735 1360 777 1399 te
814 1358 1002 1412 positum
1033 1371 1122 1397 esse
1153 1358 1275 1410 putat
1307 1355 1497 1409 mihique

156 1418 390 1474 persuadet.

753 1519 907 1562 XXVI.

247 1602 320 1639 Ser.
341 1602 477 1638 Romae
501 1613 554 1637 em.
580 1614 624 1637 m.
650 1602 775 1636 intere.
798 1612 855 1645 pr.
883 1605 949 1635 aut
973 1601 1024 1635 in.
1046 1604 1138 1644 post.
1166 1611 1199 1634 a.
1228 1602 1301 1635 708
1325 1600 1416 1642 (46).

107 1699 140 1724 25
588 1682 756 1717 CICERO
783 1681 940 1716 PAETO
969 1681 1002 1715 S.
1028 1681 1071 1716 D.

247 1766 539 1808 Acoubueram
576 1767 681 1807 hora
717 1780 845 1818 nona,
887 1779 982 1805 cum
1019 1764 1072 1804 ad
1107 1766 1148 1804 te
1180 1764 1333 1804 harum
1365 1776 1502 1802 exem-

160 1827 279 1892 plum
305 1827 349 1866 in
375 1825 578 1866 codicillis
605 1824 783 1865 exaravi.
819 1823 961 1863 Dices.
995 1822 1140 1862 ubi·?’
1172 1821 1240 1876 Ap
1244 1821 1301 1861 ud
1326 1819 1502 1860 Volum-

160 1886 279 1926 nium
311 1884 609 1937 Eutrapelum,
642 1885 683 1923 et
715 1882 885 1936 quidem
918 1896 1044 1935 supra
1074 1895 1142 1921 me
1173 1879 1360 1932 Atticus,
1392 1878 1504 1918 infra

162 1944 355 1997 Verrius,
394 1942 622 1983 familiares
659 1941 733 1981 tui.
783 1939 952 1980 Miraris
984 1943 1072 1979 tam
1104 1938 1382 1979 exhilaratam
1415 1950 1503 1976 esse

110 2015 144 2040 30
163 2003 410 2044 servitutem
446 1999 663 2041 nostiam?
719 1998 830 2047 Quid
867 2012 968 2053 ergo
999 1997 1183 2038 faciam?
1225 1995 1285 2052 (te
1318 1995 1503 2048 consulo,

164 2061 237 2115 qui
273 2059 576 2115 philosophum
613 2056 751 2112 audis)
784 2071 931 2111 ang·ai,
970 2056 1205 2096 excruciem
1235 2054 1331 2095 11109
1394 2052 1506 2129 Quid

164 2119 396 2173 adsequar?
429 2118 577 2158 deinde
610 2131 735 2170 quem
767 2115 819 2155 ad
849 2115 1006 2155 finem?
1047 2113 1231 2167 ‘Vivas’,
1265 2112 1406 2166 inquis
1439 2112 1505 2152 in

161 2178 348 2219 litteris’.
387 2176 455 2218 An
483 2176 707 2230 quicquam
732 2188 799 2214 me
825 2173 940 2213 aliud
966 2187 1089 2228 agere
1116 2185 1257 2213 censes
1284 2173 1356 2211 aut
1381 2184 1504 2224 posse

163 2237 315 2290 vivere,
346 2236 428 2276 nisi
460 2235 504 2275 in
535 2234 689 2275 litteris
721 2232 939 2273 viverem?
991 2230 1073 2271 Sed
1105 2233 1167 2271 est
1199 2244 1344 2271 earum
1376 2229 1504 2270 etiam

112 2306 146 2331 35
165 2309 250 2336 non
287 2295 475 2348 satietas,
516 2293 588 2334 sed
626 2291 796 2346 quidam
833 2290 1001 2345 modus,
1045 2304 1068 2330 a
1106 2289 1259 2343 quibus
1298 2302 1393 2329 011111
1425 2287 1506 2328 dis-

237 2369 390 2395 Ciceronis
412 2369 499 2400 epist.
518 2370 542 2394 I.
1248 2360 1290 2391 17
