1659 2552
595 94 737 128 LIBER
762 94 794 128 x
823 98 969 129 10-12.
1373 94 1456 134 271

122 189 231 231 verti
269 189 434 230 nullum
472 190 602 230 alium
640 193 853 244 receptum
891 188 1127 230 Antonium
1166 189 1460 244 reliquiasque,

123 263 228 302 quae
261 262 355 289 cum
388 263 435 289 eo
468 252 616 302 essent,
648 249 801 289 habere
833 249 913 289 nisi
940 248 983 288 in
1009 248 1076 288 his
1107 248 1310 301 partibus,
1343 248 1461 289 duas—

123 321 203 361 que
236 307 273 348 ei
306 322 399 361 spes
432 322 519 348 esse
552 308 805 361 propositas,
847 322 973 348 unam
1004 306 1152 360 Lepidi
1185 307 1328 360 ipsius,
1361 307 1461 347 alte-

123 381 214 406 ram
245 366 463 407 exercitus,
526 366 647 414 Quod
679 366 882 420 quaedam
913 380 1010 419 pars
1042 365 1249 406 exercitus
1275 379 1359 405 non
1385 365 1461 405 mi-

89 437 104 462 5
124 439 202 465 nus
233 425 392 465 furiosa
424 427 497 479 est,
530 439 655 478 quam
688 425 759 478 qui
793 439 886 465 cum
913 424 1100 465 Antonio
1133 425 1315 477 fuerunt,
1347 424 1461 477 equi-

123 487 259 524 tatum
281 484 490 535 revocavi3
517 484 604 537 ipse
626 484 669 524 in
688 483 995 539 Allobrogibus
1016 483 1198 537 constiti,
1218 485 1265 523 ut
1284 483 1460 536 proinde

124 542 176 582 ad
208 542 349 583 omnia
380 545 550 596 paratus
583 557 726 596 essem,
759 556 805 582 ac
831 556 896 582 res
921 556 987 582 me
1013 544 1213 582 moneret.
1253 540 1298 581 Si
1323 541 1461 581 nudus

124 601 204 642 hoc
229 615 271 641 se
297 600 510 641 Antonius
536 602 709 653 confert,
741 600 862 641 facile
887 601 945 641 mi
973 600 1118 641 videor
1148 614 1222 653 per
1247 614 1313 640 me
1340 600 1462 640 susti-

124 674 222 700 nere
259 674 381 713 posse
418 674 589 713 remque
630 659 842 713 publicam
884 673 934 699 ex
972 661 1110 699 vestra
1148 658 1355 699 sententia
1393 658 1460 698 ad—

74 730 106 754 10
125 718 384 771 ministrare,
425 718 616 771 quamvis
654 718 706 758 ab
745 718 930 758 exercitu
962 717 1111 771 Lepidi
1143 717 1387 770 recipiatur3
1425 717 1459 757 si

125 791 225 817 vero
267 777 483 830 copiarum
524 777 684 830 aliquid
724 790 864 816 secum
905 776 1101 830 adducet,
1143 778 1184 816 et
1225 776 1259 815 si
1301 775 1461 816 decima

124 835 237 891 legio
269 838 483 889 veterana,
522 850 626 889 quae
664 838 809 875 nostra
847 828 973 888 opera
1010 837 1202 875 revocata
1241 848 1335 874 cum
1367 834 1460 874 reli-

126 895 220 948 quis
252 897 325 948 est,
357 894 410 934 ad
441 894 618 934 eundem
650 894 835 934 furorem
868 893 1058 946 redierit,
1090 895 1243 946 tamen,
1274 907 1326 932 ne
1359 892 1461 946 quid

126 953 367 994 detrimenti
399 953 484 1006 fiat,
517 953 686 998 dabitur
717 967 843 1006 opera
868 967 891 992 a
916 966 993 1006 me,
1026 951 1151 1005 idque
1182 965 1248 991 me
1280 954 1461 1004 prae-sta-

76 1022 107 1048 15
125 1014 269 1053 turum
301 1026 435 1066 spero,
467 1012 567 1052 dum
597 1011 722 1051 istinc
748 1011 891 1064 copiae
922 1010 1170 1051 traiciantur
1198 1010 1461 1050 coniunctae-

127 1085 207 1125 que
239 1070 460 1111 nobiseum
491 1070 656 1110 facilius
687 1070 875 1124 perditos
908 1069 1159 1123 opprimant.

214 1128 309 1170 Hoc
345 1129 424 1169 tibi
462 1129 664 1183 spondeo,
702 1129 760 1169 mi
794 1128 957 1181 Cicero,
994 1142 1128 1181 neque
1167 1127 1353 1167 animum
1386 1140 1462 1167 nec

128 1188 392 1243 diligentiam
417 1187 523 1228 mihi
549 1187 798 1228 defuturam.
845 1186 979 1241 Cupio
1010 1186 1269 1226 mehercules
1300 1185 1460 1225 nullam

128 1247 337 1288 residuam
369 1246 698 1287 sollicitudinem
730 1260 835 1299 esse3
867 1246 949 1299 sed,
982 1245 1016 1284 si
1048 1244 1187 1298 fuerit,
1218 1258 1295 1284 nec
1321 1244 1461 1284 animo

75 1317 108 1342 20
127 1320 203 1346 nec
234 1305 550 1346 benevolentiae
587 1319 663 1345 nec
693 1304 921 1358 patientiae
953 1303 1199 1357 cuiusquam
1233 1317 1310 1356 pro
1342 1302 1463 1342 vobis

128 1364 281 1405 cedam.
348 1363 414 1404 Do
457 1364 626 1417 quidem
667 1377 744 1418 ego
784 1377 971 1416 operam,
1009 1364 1056 1402 ut
1093 1362 1220 1402 etiam
1256 1360 1464 1414 Lepidum

127 1423 179 1464 ad
209 1423 335 1464 huius
366 1422 427 1463 rei
458 1422 701 1462 societatem
733 1422 916 1474 incitem,
949 1420 1173 1473 omniaque
1199 1420 1237 1460 ei
1264 1419 1465 1473 opsequia

126 1482 340 1536 polliceor,
372 1481 407 1521 si
439 1481 564 1521 modo
597 1495 685 1521 rem
716 1495 755 1534 p.
782 1480 988 1533 respicere
1013 1479 1138 1520 volet.
1182 1477 1293 1519 Utor
1318 1478 1362 1518 in
1386 1478 1465 1518 hac

128 1556 171 1581 re
197 1540 462 1580 adiutoribus
487 1539 873 1593 interpretibusque
899 1538 1028 1578 fratre
1053 1551 1147 1578 meo
1174 1539 1215 1577 et
1239 1536 1465 1577 Laterense

77 1610 110 1635 25
129 1602 171 1640 et
201 1598 360 1639 Furnio
396 1601 553 1639 nostro.
614 1597 713 1639 Non
750 1612 817 1638 me
854 1596 1070 1650 inpedient
1110 1595 1299 1649 privatae
1338 1596 1466 1635 offen-

130 1658 284 1711 siones,
318 1671 400 1710 quo
432 1657 571 1697 minus
602 1670 679 1710 pro
712 1656 772 1696 rei
803 1671 842 1709 p.
875 1655 1008 1695 salute
1041 1654 1168 1695 etiam
1201 1668 1296 1694 cum
1328 1653 1467 1694 inimi-

130 1716 297 1757 cissimo
342 1715 610 1755 consentiam.
685 1713 843 1763 Quodsi
885 1713 994 1754 nihil
1042 1713 1280 1766 profecero,
1330 1712 1465 1752 nihilo

129 1775 269 1816 minus
310 1774 495 1814 maximo
540 1787 633 1814 cum
683 1773 823 1813 animo
867 1775 908 1812 et
950 1771 1109 1811 maiore
1151 1771 1329 1811 fortasse
1373 1785 1468 1810 cum

129 1848 222 1874 mea
253 1832 389 1888 gloria
419 1832 540 1873 vobis
572 1831 672 1872 satis
703 1831 864 1871 faciam.
926 1829 1008 1870 Fac
1034 1830 1172 1870 valeas
1204 1843 1353 1883 meque
1379 1843 1468 1869 mu-

79 1904 111 1928 30
130 1896 205 1934 tuo
239 1892 400 1946 diligas.

751 1992 844 2034 XII.

400 2075 473 2110 Ser.
500 2075 636 2109 Romae
661 2074 734 2107 III
753 2074 808 2108 Id.
839 2074 928 2117 Apr.
961 2085 993 2107 α.
1023 2075 1090 2107 711
1120 2074 1209 2116 (43).

602 2154 768 2189 CICERO
800 2153 998 2188 PLANCO.

219 2242 313 2283 Etsi
344 2242 405 2282 rei
436 2256 474 2295 p.
503 2254 624 2280 causa
655 2239 836 2279 maxime
869 2238 1050 2293 gaudere
1078 2237 1208 2277 debeo
1240 2238 1406 2276 tantum
1432 2235 1469 2276 ei

79 2312 112 2338 35
131 2303 172 2342 te
204 2301 414 2355 praesidii,
445 2302 611 2339 tantum
644 2298 735 2351 opis
767 2297 957 2337 attulisse
983 2296 1181 2336 extremis
1212 2309 1343 2349 paene
1368 2297 1471 2336 tem-
