1659 2552
201 97 288 139 330
551 95 888 131 EPISTULARUM
914 93 1058 129 LIBER
1083 93 1133 128 XI
1159 97 1214 129 29.

201 207 297 234 eum
329 192 443 234 aliud
474 192 599 234 malle
631 190 934 232 amicissimum
961 191 1082 230 tuum
1114 191 1297 244 putares,
1329 188 1546 243 antiquius

154 263 174 294 2
201 252 281 293 tibi
314 252 503 292 officium
540 265 681 292 meum
720 263 846 303 quam
885 248 1000 288 illius
1031 247 1228 288 voluntas
1261 248 1352 289 fuit.
1416 247 1545 302 Equi-

202 310 296 352 dem
328 313 369 351 et
401 313 497 351 ante
528 310 608 351 hoc
640 312 806 362 tempus
838 309 880 348 te
920 306 1048 347 dilexi
1081 308 1123 347 et
1155 321 1320 372 semper
1350 321 1416 348 me
1448 321 1473 347 a
1503 309 1545 347 te

202 369 323 425 diligi
355 369 465 410 sensi
498 371 550 422 et,
583 382 677 408 cum
710 367 897 407 abessem
931 367 1057 419 atque
1083 365 1126 405 in
1151 366 1316 421 magnis
1347 365 1545 420 periculis

202 442 346 481 essem,
379 431 420 469 et
451 442 517 468 me
549 427 766 467 absentem
798 427 840 465 et
870 438 987 465 meos
1018 424 1250 478 piaesentis
1282 439 1305 465 a
1336 427 1377 465 te
1410 423 1546 465 cultos

203 490 244 528 et
277 486 468 527 defensos
495 500 582 526 esse
610 483 796 537 memini,
829 485 880 538 et,
913 485 1010 537 post
1041 496 1183 523 meum
1209 483 1391 524 reditum
1419 497 1545 537 quam

202 545 470 586 familiariter
500 558 665 585 meeum
697 542 864 596 vixeris,
897 555 1086 596 quaeque
1118 555 1197 596 ego
1230 541 1279 582 de
1310 544 1352 582 te
1384 543 1425 582 et
1457 556 1545 582 sen-

203 604 330 645 serim
362 607 404 644 et
434 602 723 657 praedicarim,
757 615 921 655 omnes,
955 600 1027 654 qui
1060 599 1196 640 solent
1226 599 1331 641 haee
1361 599 1545 640 animad-

203 666 385 716 vertere,
423 662 543 702 testis
581 661 796 702 habemus
861 658 1166 700 Gravissimum
1203 673 1303 699 vero
1341 658 1544 699 iudicium

204 721 254 762 de
286 736 379 761 mea
415 720 496 761 fide
534 722 576 761 et
616 718 853 760 constantia
893 717 1050 771 fecisti,
1092 731 1186 758 cum
1226 720 1323 771 post
1362 719 1545 758 mortem

205 778 393 821 Caesaris
424 782 563 820 totum
589 781 630 819 te
657 777 710 819 ad
735 776 965 818 amicitiam
995 790 1133 816 meam
1165 775 1400 830 contulisti3
1433 775 1546 830 quod

204 841 325 879 tuum
364 838 567 879 iudicium
605 837 686 877 nisi
723 851 817 877 mea
854 850 1017 876 summa
1053 834 1342 876 benivolentia
1374 848 1473 889 erga
1504 836 1546 875 te

205 897 486 950 omnibusque
527 895 692 937 meritis
735 894 1034 948 eomprobaro,
1083 893 1172 947 ipse
1220 907 1287 934 me
1329 893 1545 934 hominem

160 969 166 977 ·
204 970 290 996 non
320 956 491 1010 putabo.
553 954 629 1009 Tu,
661 954 720 995 mi
752 952 875 1008 Oppi,
907 952 1175 993 conservabis
1206 966 1393 993 amorem
1423 954 1545 993 tuum

206 1014 303 1070 (etsi
335 1029 452 1055 more
483 1014 619 1069 magis
649 1013 731 1054 hoe
763 1012 933 1066 quidem
965 1011 1116 1065 scribo,
1149 1025 1274 1064 quam
1300 1025 1383 1065 quo
1409 1013 1451 1051 te
1477 1009 1546 1051 ad-

204 1073 462 1114 monendum
499 1071 664 1127 putem)
702 1085 878 1125 meaque
916 1070 1057 1111 omnia
1094 1069 1284 1124 tuebere,
1322 1083 1428 1123 quae
1465 1068 1546 1110 tibi

204 1146 255 1172 ne
288 1132 436 1187 ignota
474 1134 627 1185 essent,
665 1129 811 1171 Attico
849 1129 1063 1183 mandavi,
1102 1143 1125 1169 a
1155 1143 1222 1169 me
1254 1130 1413 1182 autem,
1451 1141 1545 1168 cum

204 1190 378 1244 paulum
404 1190 481 1231 otii
513 1165 627 1231 nacti
653 1189 821 1242 erimus,
854 1187 1072 1229 uberiores
1096 1187 1260 1228 litteras
1293 1188 1545 1240 exspectato.

204 1249 269 1289 Da
302 1263 491 1303 operam,
522 1252 570 1289 ut
601 1248 749 1289 valeas.
812 1246 905 1287 Hoc
939 1246 1045 1287 mihi
1076 1246 1239 1302 gratius
1270 1245 1406 1286 facere
1437 1244 1547 1286 nihil

203 1310 335 1362 potes

1566 728 1599 753 10

1568 1020 1600 1046 15

1566 1314 1600 1338 20
