1659 2552
622 91 763 124 LIBER
787 91 855 125 vn
880 95 941 136 32,
968 95 1023 126 33.
1409 92 1491 133 199

153 189 244 227 tum
281 186 519 228 mehercule
557 187 685 228 etiam
724 187 784 228 rei
821 202 877 242 p.3
916 202 1042 241 quam
1074 187 1262 242 quidem,
1301 188 1494 242 quamvis

153 245 197 286 in
234 259 300 286 me
339 245 507 301 ingrata
545 246 618 300 sit,
656 260 795 286 amare
827 260 912 286 non
945 246 1142 286 desinam.
1205 245 1286 301 Tu,
1318 247 1377 287 mi
1410 246 1494 288 Vo-

153 304 307 358 lumni,
346 305 547 358 quoniam
580 307 621 345 et
653 305 877 345 instituisti
916 307 956 345 et
994 305 1100 345 mihi
1132 304 1249 345 vides
1282 320 1370 346 esse
1401 320 1494 361 gra—

153 365 255 417 tum,
287 363 422 404 scribe
455 364 507 404 ad
538 378 605 404 me
638 378 764 417 quam
797 363 1037 417 saepissime
1070 363 1119 404 de
1150 363 1277 404 rebus
1308 364 1493 418 urbanis,

116 435 132 460 5
153 421 203 462 de
234 436 278 462 re
309 437 347 476 p.
408 420 622 463 Iucundus
654 424 716 463 est
747 422 852 462 mihi
885 436 1021 463 sermo
1047 422 1287 463 litterarum
1312 425 1492 463 tuarum.

151 479 373 521 Praeterea
413 480 700 534 Dolabellam,
742 495 866 535 quem
907 495 985 536 ego
1025 481 1235 535 perspicio
1275 483 1316 522 et
1352 482 1493 522 iudico

152 539 472 593 cupidissimum
504 554 592 581 esse
625 542 751 593 atque
777 539 1114 580 amantissimum
1138 540 1239 594 mei,
1273 540 1494 581 cohortare

152 600 193 638 et
225 599 427 639 confirma
459 601 500 639 et
532 598 657 639 redde
688 599 812 652 plane
844 613 996 652 meum,
1027 613 1113 639 non
1139 598 1377 640 mehercule
1410 613 1493 653 quo

152 657 378 710 quicquam
411 657 536 712 desit3
578 657 665 712 sed,
705 657 804 711 quia
835 657 955 698 valde
987 658 1024 698 ei
1056 658 1197 712 cupio,
1230 672 1316 698 non
1346 657 1494 699 videor

99 729 131 753 10
153 715 331 756 nimium
363 715 567 756 laborare.

722 854 918 897 XXXIII.

270 936 344 971 Ser.
372 938 411 971 in
441 937 646 971 Tusculano
673 937 754 971 circ.
781 937 868 971 med.
896 949 940 971 m.
972 937 1093 982 Quint.
1121 949 1154 972 α.
1183 939 1257 972 708
1285 938 1374 981 (46).

485 1028 533 1064 M.
562 1028 731 1064 CICERO
760 1030 793 1065 S.
820 1030 863 1065 D.
891 1029 1157 1066 VOLUMNIO.

240 1124 362 1174 Quod
406 1124 782 1166 declamationibus
822 1126 980 1166 nostris
1024 1140 1154 1179 cares,
1200 1125 1341 1166 damni
1384 1125 1492 1166 nihil

98 1198 131 1223 15
151 1184 271 1239 facis3
305 1183 417 1237 quod
436 1183 579 1224 Hirtio
606 1184 832 1238 invideres,
864 1184 946 1225 nisi
973 1199 1068 1225 eum
1094 1199 1266 1238 amares,
1292 1198 1377 1225 non
1403 1187 1492 1224 erat

152 1257 275 1284 causa
314 1242 550 1297 invidendi,
591 1243 674 1283 nisi
714 1244 824 1284 forte
864 1243 997 1297 ipsius
1039 1243 1304 1297 eloquentiae
1344 1243 1491 1298 magis,

151 1317 277 1356 quam
315 1301 429 1355 quod
464 1315 531 1342 me
569 1301 750 1355 audiret,
795 1302 1016 1343 invideres.
1076 1301 1168 1343 Nos
1206 1302 1318 1342 enim
1355 1301 1491 1355 plane,

149 1361 209 1401 mi
249 1360 508 1401 suavissume
539 1359 764 1413 Volumni,
806 1363 878 1401 aut
918 1360 1027 1400 nihil
1068 1375 1211 1401 sumus
1255 1363 1328 1401 aut
1367 1360 1491 1401 nobis

151 1419 321 1473 quidem
361 1418 463 1472 ipsis
505 1418 773 1473 displicemus
817 1419 1061 1475 gregalibus
1103 1419 1208 1474 illis,
1253 1419 1407 1473 quibus
1447 1421 1489 1459 te

98 1491 131 1515 20
150 1477 375 1532 plaudente
407 1477 666 1532 vigebamus,
699 1478 874 1532 amissis,
906 1480 953 1518 ut
985 1478 1124 1533 etiam,
1156 1478 1191 1518 si
1218 1477 1386 1531 quando
1419 1477 1491 1518 ali-

152 1536 255 1590 quid
288 1535 463 1591 dignum
494 1538 640 1577 nostro
671 1536 842 1577 nomine
875 1536 1107 1591 emisimus,
1145 1537 1490 1591 ingemescamus,

152 1595 266 1648 quod
295 1594 398 1634 haec
429 1594 740 1650 ‘pinnigerQ
781 1609 877 1636 non
911 1595 1162 1651 armigero
1196 1596 1246 1635 111
1278 1609 1489 1649 corpore

152 1653 253 1693 tela
291 1653 660 1707 exerceantur',
698 1656 745 1693 ut
777 1653 836 1694 ait
866 1653 1125 1694 Philoctetes
1157 1653 1269 1708 apud
1299 1653 1488 1707 Accium,

152 1711 371 1751 abiecta
402 1710 601 1766 gloria'.
665 1710 748 1752 Sed
784 1714 926 1752 tamen
965 1712 1106 1752 omnia
1142 1712 1249 1753 mihi
1281 1714 1421 1767 erunt,
1454 1713 1489 1752 si

99 1782 132 1807 25
152 1773 199 1810 tu
230 1769 406 1822 veneris,
437 1769 656 1823 hilariora:
689 1784 944 1823 quamquam
968 1770 1097 1824 venis,
1129 1773 1176 1811 ut
1207 1770 1297 1824 ipse
1329 1770 1490 1811 intelle-

152 1829 237 1883 gis,
281 1828 326 1868 in
374 1827 654 1868 maximarum
698 1828 817 1881 quasi
861 1842 1109 1869 concuisum
1154 1829 1488 1882 occupationum.

153 1886 264 1935 Quas
302 1886 354 1939 si,
395 1888 442 1926 ut
473 1886 686 1939 volumus,
729 1887 1031 1940 excepeiimus,
1070 1901 1148 1942 ego
1180 1901 1279 1928 vero
1311 1887 1490 1927 multam

152 1945 330 1986 salutem
363 1947 404 1984 et
435 1944 528 1985 foro
562 1944 697 1984 dicam
729 1947 771 1984 et
803 1945 941 1985 curiae
967 1945 1189 1998 vivamque
1215 1948 1354 1986 tecum
1385 1945 1491 1986 mul-

151 2006 243 2044 tum
275 2006 316 2044 et
348 2017 443 2043 cum
474 2002 768 2043 communibus
799 2003 954 2044 nostris
986 2003 1256 2044 amatoribus.
1305 2003 1418 2044 Nam
1450 2006 1491 2044 et

99 2074 133 2099 30
154 2061 321 2103 Cassius
360 2064 458 2102 tuus
499 2064 540 2102 et
580 2060 801 2101 Dolabella
840 2064 984 2102 noster
1025 2062 1093 2102 vel
1131 2062 1274 2115 potius
1313 2064 1490 2116 uterque

152 2123 296 2162 noster
321 2120 471 2160 studiis
496 2119 646 2160 iisdem
671 2121 869 2160 tenentur
888 2122 929 2160 et
949 2120 1053 2161 meis
1079 2120 1342 2174 aequissimis
1367 2123 1490 2161 utun-

153 2181 222 2219 tur
259 2179 442 2219 auribus.
505 2177 620 2232 Opus
653 2180 715 2218 est
745 2177 829 2218 huc
858 2178 1052 2219 limatulo
1084 2181 1126 2219 et
1156 2179 1291 2233 polito
1323 2181 1397 2220 tuo
1430 2179 1490 2220 iu—

154 2237 262 2277 dicio
295 2239 336 2278 et
370 2237 455 2278 illis
490 2236 764 2277 interioribus
795 2236 949 2277 litteris
986 2237 1145 2291 [meis],
1178 2237 1331 2291 quibus
1367 2252 1489 2292 saepe

152 2295 495 2337 verecundiorem
520 2310 587 2336 me
614 2295 657 2335 in
688 2295 900 2349 loquendo
932 2296 1045 2336 facis.
1100 2295 1208 2336 Mihi
1241 2296 1352 2337 enim
1383 2296 1490 2337 iudi-

1517 1722 1535 1751 [θ
