1659 2552
629 88 771 123 LIBER
795 90 827 123 x
854 94 1002 124 20—23.
1400 93 1484 133 283

146 183 362 224 consultus
394 186 562 224 senatus
588 187 707 238 esset,
739 188 786 226 ut
813 186 989 240 quisque
1015 186 1485 228 honorificentissimam

146 241 197 283 de
227 244 269 282 te
301 243 553 283 sententiam
586 243 770 298 dixisset,
804 259 894 285 eam
927 247 1093 285 secutus
1119 248 1243 299 esset3
1277 246 1347 299 qui
1375 250 1484 287 certe

146 314 225 356 ego
269 300 453 341 fuissem.
533 300 634 356 Sed,
679 305 853 356 propter
895 303 1138 344 tarditatem
1182 304 1484 345 sententiarum

145 373 392 414 moramque
425 374 564 400 rerum
591 374 685 401 cum
719 375 777 415 ca,
810 376 914 415 quae
947 362 1286 415 consulebantur,
1319 363 1371 402 ad
1402 364 1484 403 exi-

108 429 125 453 5
144 419 237 458 tum
267 432 353 459 non
383 419 663 473 pervenirent,
695 420 1083 461 commodissimum
1114 421 1221 461 mihi
1244 420 1484 475 Plancoque

144 475 267 517 fratri
304 477 482 518 visumst
520 478 583 518 uti
621 492 669 518 eo
706 491 737 519 s.
769 492 810 532 0.,
853 479 966 533 quod
1002 493 1054 520 ne
1092 482 1238 520 nostro
1276 479 1484 520 arbitratu

145 538 470 589 conponeretur,
503 536 596 590 quis
628 536 756 577 fuerit
787 537 1105 592 impedimento,
1145 538 1330 579 arbitror
1360 541 1401 579 te
1433 553 1483 579 ex

143 592 289 634 Planci
326 594 480 635 litteris
519 596 775 650 cognovisse.
839 595 938 651 Sed,
976 596 1062 637 sive
1100 597 1144 637 in
1182 610 1211 637 s.
1245 611 1277 637 c.
1315 597 1402 637 sive
1440 597 1483 637 in

145 652 294 693 ceteris
326 652 450 693 rebus
483 652 693 694 desideras
725 654 905 709 aliquid,
938 654 997 695 sic
1027 655 1108 695 tibi
1140 655 1361 710 persuade,
1393 657 1482 695 tan-

91 722 124 747 10
146 712 233 751 tam
272 725 360 752 esse
397 711 508 765 apud
540 712 676 752 omnis
713 712 847 754 bonos
880 713 944 754 tui
976 713 1205 768 caritatem,
1237 716 1283 754 ut
1317 714 1482 754 nullum

143 784 276 825 genus
316 770 598 824 amplissimae
640 770 859 826 dignitatis
900 772 1131 827 excogitari
1168 772 1319 827 possit,
1369 773 1483 826 quod

143 828 224 869 tibi
249 842 335 869 non
365 831 560 882 paratum
593 829 657 870 sit.
716 829 1023 871 Litteras'tuas
1049 833 1263 871 vementer
1295 834 1481 885 expecto,

143 889 184 927 et
217 887 387 941 quidem
419 887 527 942 talis,
561 888 696 941 qualis
727 889 908 930 maxime
942 891 1052 943 opto.
1114 888 1231 930 Vale.

736 1040 892 1082 XXIII.

90 1120 122 1146 15
143 1119 217 1154 Ser.
247 1119 423 1154 Cularone
444 1121 479 1153 in
501 1120 636 1162 finibus
661 1120 891 1166 Allobroyum
927 1121 1028 1155 ῘἸΙΙ
1047 1122 1104 1155 Id.
1131 1122 1216 1155 Iun.
1237 1133 1270 1156 a.
1293 1124 1360 1155 711
1390 1124 1478 1165 (43).

572 1201 788 1236 PLANCUS
815 1201 1047 1237 CICERONI.

228 1296 474 1351 Numquam
492 1297 763 1351 mehercules,
782 1297 841 1337 mi
863 1296 1020 1352 Cicero,
1045 1312 1112 1339 me
1137 1297 1371 1352 paenitebit
1395 1312 1479 1338 ma-

92 1367 99 1370 *
141 1355 256 1396 xima
285 1355 474 1410 pericula
498 1370 575 1409 pro
601 1356 739 1410 patria
764 1356 916 1410 subire,
950 1356 1060 1410 dum,
1093 1356 1128 1396 si
1155 1356 1257 1410 quid
1282 1356 1479 1396 acciderit

141 1414 267 1469 mihi,
309 1429 333 1455 a
372 1414 697 1468 reprehensione
740 1415 991 1455 temeritatis
1033 1415 1178 1469 apsim.
1247 1413 1481 1455 Confiterer

88 1484 122 1509 20
142 1473 426 1527 imprudentia
457 1487 524 1513 me
555 1473 732 1528 lapsum,
764 1472 800 1514 si
831 1488 1032 1527 umquam
1063 1473 1223 1527 Lepido
1256 1487 1307 1514 ex
1339 1473 1479 1514 animo

143 1531 434 1587 credidissem3
484 1532 709 1572 credulitas
753 1531 865 1572 enim
909 1547 1026 1573 error
1069 1535 1131 1572 est
1174 1532 1310 1587 magis
1354 1546 1480 1585 quam

142 1590 276 1644 culpa,
308 1593 350 1631 et
381 1590 551 1644 quidem
582 1590 627 1630 in
654 1590 804 1645 optimi
831 1591 1032 1645 cuiusque
1063 1593 1249 1631 mentem
1279 1590 1479 1631 facillime

141 1649 314 1703 inrepit3
355 1649 428 1689 sed
467 1662 545 1704 ego
585 1663 671 1689 non
710 1649 792 1690 hoc
829 1649 934 1690 vitio
972 1663 1103 1703 paene
1141 1663 1234 1689 sum
1272 1649 1480 1702 deceptus,

139 1706 347 1761 Lepidum
373 1707 485 1747 enim
515 1707 689 1760 pulchre
720 1722 879 1748 noram.
941 1707 1052 1756 Quid
1083 1721 1183 1762 ergo
1216 1708 1306 1748 est?
1338 1707 1481 1748 Pudor

88 1776 121 1801 25
140 1780 224 1819 me,
263 1765 335 1819 qui
372 1765 417 1806 in
456 1765 568 1806 bello
608 1766 831 1806 maximest
871 1765 1151 1819 periculosus,
1194 1765 1307 1806 hunc
1339 1780 1480 1806 casum

142 1824 280 1879 coegit
312 1823 470 1878 subire3
508 1838 623 1877 nam,
660 1824 744 1865 nisi
781 1838 865 1864 uno
897 1824 990 1864 loco
1022 1838 1172 1877 essem,
1204 1824 1395 1877 verebar,
1427 1838 1479 1864 ne

141 1883 209 1923 cui
231 1884 564 1936 optrectatorum
584 1882 749 1923 viderer
769 1885 810 1923 et
828 1882 1008 1923 nimium
1027 1882 1299 1936 pertinaciter
1317 1881 1477 1936 Lepido

142 1941 325 1982 offensus
358 1944 398 1981 et
429 1955 522 1981 mea
558 1940 763 1994 patientia
795 1940 921 1981 etiam
959 1941 1068 1981 alere
1099 1940 1268 1981 bellum.
1330 1939 1478 1993 Itaque

141 2000 282 2054 copias
319 2014 451 2054 prope
483 1999 527 2039 in
559 2001 829 2053 conspectum
860 1998 1010 2052 Lepidi
1041 1998 1286 2052 Antonique
1324 1998 1479 2038 adduxi

87 2069 122 2094 30
142 2059 504 2114 quadragintaque
530 2058 713 2098 millium
737 2072 936 2111 passuum
963 2057 1098 2111 spatio
1131 2057 1278 2098 relicto
1311 2057 1479 2097 consedi

141 2131 189 2158 eo
222 2117 410 2171 consilio,
442 2119 489 2157 ut-
515 2116 581 2156 vel
613 2116 804 2156 celeriter
835 2116 1028 2156 accedere
1056 2115 1123 2156 vel
1154 2115 1394 2156 salutariter
1419 2129 1480 2156 re-

140 2176 277 2229 cipere
316 2190 383 2216 me
424 2189 602 2229 possem.
674 2173 864 2214 Adiunxi
903 2174 1005 2215 haec
1049 2174 1094 2214 in
1136 2174 1229 2214 loco
1273 2173 1479 2229 eligendo,

138 2234 296 2275 fiumen
330 2234 572 2288 oppositum
604 2235 651 2273 ut
681 2232 898 2287 haberem,
937 2232 980 2272 in
1013 2247 1095 2286 quo
1127 2247 1245 2273 mora
1276 2232 1480 2273 transitus

140 2295 265 2347 esset,
297 2291 497 2334 Vocontii
530 2291 607 2332 sub
640 2306 767 2332 manu
799 2294 845 2332 ut
878 2293 1032 2346 essent,
1069 2305 1144 2345 per
1176 2305 1356 2345 quorum
1387 2291 1481 2332 loca

1506 1950 1525 1979 Ν.)
