1659 2552
138 133 220 175 102
644 133 984 169 EPISTULARUM

133 229 204 270 nia
236 229 395 284 optime
428 232 481 284 et,
514 244 619 283 quae
653 230 858 283 accident,
892 228 1213 283 qualiacumque
1245 232 1385 284 erunt,
1417 244 1479 271 sa-

132 288 299 343 pienter
336 289 454 329 feres.
518 288 600 329 Sed
638 289 740 330 haec
777 292 824 329 tu
855 288 1006 329 melius
1043 288 1111 328 vel
1149 288 1307 342 optime
1345 289 1478 330 omni-

133 361 224 402 um3
256 361 347 403 ego,
374 361 479 401 quae
505 347 717 401 pertinere
743 347 795 388 ad
820 350 861 387 te
888 347 1145 402 intellegam,
1171 346 1477 389 studiosissime

134 405 276 447 omnia
308 405 715 462 diligentissimeque
756 405 912 447 curabo
944 408 1200 460 tuorumque
1231 405 1476 448 tristissimo

132 479 227 506 meo
260 467 451 520 tempore
490 465 741 506 meritorum
780 479 880 520 erga
918 479 986 506 me
1023 464 1273 506 memoriam
1314 478 1477 507 conser-
1514 479 1531 505 5

132 523 254 565 vabo.

751 698 865 740 XIV.

509 791 583 826 Ser.
613 791 748 826 Romae
774 791 825 825 in.
852 803 885 825 α.
914 793 988 827 ’708
1015 793 1107 835 (46).

440 884 487 920 Μ.
516 884 686 920 CICERO
720 883 753 919 S.
779 884 823 919 D.
851 883 923 919 CN.
950 884 1168 920 PLANCIO.

222 991 351 1032 Binas
384 1006 407 1032 a
438 994 480 1033 te
513 991 654 1046 accepi
685 991 849 1033 litteras
883 990 1091 1045 Corcyrae
1124 992 1258 1047 datas3
1299 1006 1479 1047 quarum
1498 1008 1532 1034 10

134 1050 277 1091 alteris
309 1050 416 1091 mihi
448 1051 731 1106 gratulabare,
766 1050 881 1105 quod
911 1051 1097 1092 audisses
1128 1066 1195 1092 me
1226 1065 1364 1092 meam
1395 1052 1479 1106 pri-

134 1110 289 1150 stinam
331 1109 583 1165 dignitatem
625 1110 836 1164 optinere,
881 1109 1025 1151 alteris
1070 1109 1236 1151 dicebas
1277 1113 1319 1151 te
1359 1110 1478 1165 velle,

135 1182 240 1222 quae
272 1168 469 1223 egissem,
507 1168 614 1209 bene
653 1170 694 1209 et
735 1168 917 1209 feliciter
953 1168 1131 1210 evenire.
1193 1168 1288 1225 Ego
1325 1172 1479 1224 autem,

134 1227 169 1267 si
212 1227 397 1282 dignitas
438 1229 501 1268 est
541 1226 647 1267 bene
690 1226 739 1267 de
780 1241 824 1268 re
867 1227 1038 1281 publica
1077 1227 1233 1269 sentire
1275 1230 1316 1268 et
1356 1228 1479 1270 bonis

134 1285 237 1326 viris
268 1285 461 1340 probare,
494 1285 608 1339 quod
639 1285 806 1340 sentias,
839 1286 1011 1340 optineo
1044 1286 1297 1342 dignitatem
1321 1301 1531 1342 meam315

134 1344 200 1385 sin
232 1346 373 1385 autem
405 1344 449 1384 in
481 1358 530 1384 eo
563 1344 748 1399 dignitas
780 1346 859 1397 est,
891 1345 944 1398 si,
976 1345 1090 1399 quod
1121 1345 1293 1399 sentias,
1331 1348 1403 1386 aut
1435 1360 1479 1387 re

135 1403 301 1443 efficere
338 1402 474 1456 possis
513 1405 586 1442 aut
624 1402 804 1456 denique
840 1403 975 1444 libera
1013 1403 1203 1444 oratione
1245 1403 1479 1458 defendere,

135 1475 187 1502 ne
218 1461 447 1516 vestigium
479 1460 650 1514 quidem
682 1461 817 1502 ullum
849 1464 912 1502 est
946 1461 1158 1516 reliquum
1188 1461 1312 1503 nobis
1345 1462 1480 1518 digni-

135 1519 248 1573 tatis,
280 1520 505 1575 agiturque
536 1519 765 1574 praeclare,
798 1519 833 1561 si
864 1522 1030 1561 nosmet
1062 1520 1176 1574 ipsos
1209 1535 1354 1576 regere
1386 1535 1480 1575 pos-

135 1592 292 1632 sumus,
323 1581 371 1618 ut
403 1592 467 1632 ea,
501 1592 606 1632 quae
637 1578 794 1632 partim
826 1578 910 1619 iam
942 1579 1110 1633 adsunt,
1148 1580 1304 1633 partim
1337 1579 1480 1634 inpen-
1499 1594 1533 1620 20

137 1636 248 1690 dent,
279 1636 494 1677 moderate
520 1637 721 1692 feramus3
754 1637 868 1691 quod
893 1640 955 1678 est
982 1637 1154 1678 difficile
1180 1638 1224 1678 in
1250 1638 1339 1679 eius
1364 1638 1481 1680 modi

135 1695 260 1749 bello,
293 1695 410 1736 cuius
443 1695 580 1736 exitus
613 1710 664 1736 ex
695 1696 827 1736 altera
857 1699 976 1750 parte
1009 1696 1176 1738 caedem
1203 1699 1398 1752 ostentet,
1430 1712 1481 1739 ex

137 1753 268 1794 altera
300 1754 559 1795 servitutem.
623 1753 715 1803 Quo
747 1754 791 1795 in
822 1755 1010 1809 periculo
1042 1769 1128 1796 non
1158 1755 1269 1796 nihil
1291 1770 1360 1797 me
1386 1770 1481 1798 con-

135 1812 317 1867 solatur,
357 1827 451 1853 cum
490 1812 688 1854 recordor
724 1813 828 1854 haec
863 1828 930 1854 me
962 1816 1054 1854 tum
1085 1814 1257 1869 vidisse,
1295 1829 1390 1856 cum
1421 1829 1481 1856 se—

136 1870 292 1912 cundas
324 1871 451 1912 etiam
479 1885 543 1912 res
569 1874 746 1926 nostras,
780 1886 866 1913 non
898 1873 1024 1914 modo
1057 1873 1251 1914 adversas
1281 1873 1479 1928 pertime-
1499 1886 1532 1912 2⁵

135 1929 304 1971 scebam
335 1929 632 1996 videbamque,
671 1933 830 1985 quanto
861 1931 1050 1985 periculo
1089 1931 1139 1972 de
1176 1932 1267 1973 iure
1307 1931 1479 1986 publico

136 1988 443 2042 disceptaretur
468 1989 613 2039 armis;
646 1989 800 2043 quibus
826 1989 860 2030 si
887 1990 918 2030 ii
944 1990 1153 2044 vicissent,
1185 1990 1238 2031 ad
1263 2004 1368 2044 quos
1400 2004 1480 2046 ego

135 2047 250 2100 pacis
289 2062 378 2101 spe,
422 2062 508 2088 non
553 2024 654 2088 belli
699 2048 929 2103 cupiditate
970 2048 1174 2090 adductus
1215 2062 1480 2103 accesseram,

136 2108 278 2146 tamen
310 2105 630 2162 intellegebam,
668 2110 710 2147 et
742 2107 948 2148 iratorum
985 2107 1206 2149 hominum
1238 2109 1280 2148 et
1311 2107 1481 2162 cupido-

138 2177 230 2203 rum
275 2167 316 2204 et
361 2165 634 2206 insolentium
673 2180 799 2219 quam
837 2165 1018 2207 crudelis
1061 2168 1169 2206 esset
1212 2165 1356 2207 futura
1397 2166 1534 2207 vic-so

136 2222 264 2274 toria,
305 2223 369 2263 sin
402 2226 543 2264 autem
575 2224 678 2264 victi
716 2226 871 2277 essent,
917 2226 1098 2278 quantus
1136 2223 1333 2265 interitus
1373 2227 1481 2266 esset

137 2279 304 2320 futurus
346 2281 501 2322 civium
538 2282 695 2336 partim
737 2283 1111 2336 amplissimorum,
1154 2282 1311 2337 partim
1353 2284 1481 2325 etiam

138 2338 413 2394 optimorum,
453 2340 526 2394 qui
563 2355 630 2381 me
667 2341 770 2382 haec
806 2341 1118 2395 praedicentem
1157 2343 1283 2395 atque
1322 2342 1481 2396 optime
