1659 2552
123 333 142 363 13>

169 109 224 150 82
669 107 1010 143 EPISTULARUM

167 219 340 246 manum
366 204 548 260 venires,
582 204 695 258 quod
721 204 849 245 etiam
874 217 1040 244 mecum
1066 205 1114 244 ut
1139 203 1191 244 ad
1216 205 1258 245 te
1283 203 1511 245 scriberem

171 265 360 320 egerunt.

259 321 382 371 Quod
411 336 553 363 meum
586 320 809 362 consilium
842 319 1042 374 exquiriS‚
1074 319 1118 360 id
1148 322 1212 361 'est
1243 320 1338 375 tale,
1369 323 1418 362 ut
1448 334 1512 362 ca-

169 395 269 436 pere
299 381 464 421 facilius
496 381 585 434 ipse
615 379 775 434 possim
808 394 934 433 quam
961 378 1082 419 alteri
1110 379 1218 420 dare.
1263 378 1374 428 Quid
1399 379 1512 420 enim

171 442 245 494 est,
277 440 391 494 quod
423 439 598 480 audeam
630 439 804 479 suadere
836 437 935 491 tibi,
974 437 1139 478 homini
1177 452 1341 479 summa
1371 441 1512 479 aucto·
1549 448 1565 474 5
1624 450 1646 484 v1

170 498 296 539 ritate
327 512 574 552 summaque
605 496 858 551 prudentia?
903 495 966 551 Si,
999 496 1102 550 quid
1132 496 1414 538 rectissimum
1446 496 1513 551 sit,

171 557 432 612 quaerimus,
463 556 734 622 perspicuum
766 557 846 609 est,
879 555 926 610 si,
959 555 1062 609 quid
1091 555 1275 597 maxime
1306 555 1513 610 expediat,

172 616 416 669 obscurum3
448 615 513 655 sin
545 615 575 655 ii
608 628 763 668 sumuS,
796 613 869 668 qui
894 614 1086 668 profecto
1113 628 1202 655 esse
1229 614 1441 669 debemus,
1465 616 1514 655 ut

169 675 277 715 nihil
308 674 565 715 arbitremur
596 673 804 728 expedire,
836 672 919 713 nisi
945 672 1059 727 quod
1084 676 1246 714 rectum
1270 673 1514 715 honestum-

170 748 251 787 que
282 733 354 787 sit,
393 747 478 773 non
509 735 651 787 potest
682 746 771 773 esse
804 731 998 786 dubium,
1037 732 1140 786 quid
1170 732 1410 773 faciendum
1441 746 1513 773 no·
1533 743 1567 768 1⁰

172 792 237 833 bis
269 791 334 832 sit.

260 850 382 900 Quod
413 850 628 891 existimas
653 863 791 890 meam
817 862 984 890 causam
1010 848 1278 890 coniunctam
1303 863 1392 890 esse
1417 862 1512 890 cum

171 912 265 963 tua,
309 911 420 950 certe
457 909 610 949 similis
647 908 691 948 in
737 910 919 962 utroque
959 910 1173 961 nostrum,
1217 922 1313 949 cum
1353 907 1514 962 optime

172 968 435 1021 sentiremus,
467 982 585 1009 error
615 966 708 1008 fuit.
768 966 881 1008 Nam
913 966 1056 1008 omnia
1086 966 1306 1021 utriusque
1338 966 1515 1008 consilia

173 1027 224 1068 ad
269 1027 535 1068 concordiam
585 1028 901 1080 spectaverunt3
951 1039 1034 1079 qua
1065 1039 1194 1079 quom
1231 1025 1312 1080 ipsi
1345 1024 1512 1067 Caesari
1533 1034 1567 1060 15

171 1085 280 1126 nihil
312 1089 420 1126 esset
450 1085 610 1138 utilius,
642 1084 824 1140 gratiam
857 1098 1025 1138 quoque
1056 1098 1133 1125 nos
1158 1084 1266 1125 inire
1291 1083 1344 1125 ab
1370 1098 1420 1125 eo
1446 1084 1512 1125 de-

173 1145 381 1185 fendenda
417 1158 518 1198 pace
556 1143 879 1184 arbitrabamur.
942 1142 1157 1192 Quantum
1187 1157 1265 1184 nos
1301 1143 1513 1198 fefellerit,

174 1206 214 1244 et
247 1217 372 1257 quem
410 1203 455 1243 in
491 1202 632 1243 locum
669 1216 735 1243 res
768 1202 946 1242 deducta
976 1201 1049 1256 sit,
1080 1201 1208 1242 vides.
1268 1201 1418 1256 Neque
1449 1215 1514 1243 so-

172 1263 262 1302 lum
300 1276 347 1303 ea
383 1261 603 1315 perspicis,
645 1275 752 1325 quae
782 1262 1006 1316 geruntur,
1047 1274 1237 1315 quaeque
1273 1260 1358 1302 iam
1394 1263 1514 1316 gesta

174 1323 289 1374 sunt,
327 1321 400 1361 sed
437 1320 565 1361 etiam
597 1319 670 1373 qui
702 1333 847 1360 cursus
879 1333 1038 1373 rerum,
1071 1318 1144 1373 qui
1175 1319 1313 1360 exitus
1343 1319 1513 1360 futurus
1533 1330 1567 1355 20

173 1380 239 1419 sit
301 1378 419 1434 Ergo
451 1381 524 1419 aut
554 1378 734 1432 probare
767 1380 935 1431 oportet
967 1392 1025 1431 ea,
1057 1391 1164 1431 quae
1195 1378 1314 1431 fiunt,
1349 1381 1422 1418 aut
1453 1377 1513 1418 in-

173 1441 345 1491 teresse,
363 1413 549 1477 Oetiamsi
580 1451 666 1477 non
702 1436 874 1491 probes3
915 1450 1096 1489 quorum
1128 1436 1260 1477 altera
1290 1436 1397 1477 mihi
1426 1438 1514 1477 tur-

173 1496 256 1551 pis,
294 1496 426 1536 altera
463 1495 591 1536 etiam
629 1494 865 1549 periculosa
896 1495 1005 1535 ratio
1036 1494 1214 1535 videtur.
1276 1494 1435 1548 Restat,
1467 1497 1514 1536 ut

176 1554 473 1595 discedendum
503 1556 667 1608 putem:
704 1553 748 1593 in
780 1567 863 1618 quo
901 1553 1065 1607 reliqua
1094 1553 1263 1594 videtur
1294 1567 1382 1594 esse
1415 1529 1514 1594 deli-

175 1613 358 1666 beratio,
391 1612 505 1666 quod
536 1604 759 1653 consilium
791 1612 834 1652 in
867 1611 1067 1665 discessu,
1109 1626 1214 1665 quae
1246 1612 1338 1652 loca
1369 1626 1513 1666 sequa-
1533 1622 1568 1648 25

174 1687 280 1713 mur.
331 1670 514 1712 Omnino
541 1685 636 1712 cum
661 1670 856 1711 miserior
880 1685 946 1711 res
977 1685 1208 1724 numquam
1240 1671 1392 1711 accidit
1422 1674 1514 1712 tum

174 1745 227 1772 ne
259 1730 508 1771 deliberatio
547 1729 717 1784 quidem
755 1729 987 1783 difficilior;
1024 1729 1132 1769 nihil
1169 1729 1282 1770 enim
1313 1729 1516 1770 constitui

175 1792 328 1844 potest,
361 1789 474 1843 quod
504 1803 590 1829 non
621 1788 808 1829 incurrat
835 1788 876 1827 in
903 1803 1101 1843 magnam
1127 1788 1311 1842 aliquam
1338 1788 1515 1829 difficul-

175 1851 317 1889 tatem.
379 1847 455 1901 Tu,
487 1847 522 1887 si
548 1847 773 1901 videbitur,
806 1847 864 1887 ita
890 1860 1038 1887 censeo
1064 1846 1203 1901 facias,
1235 1849 1293 1901 ut,
1325 1847 1359 1887 si
1384 1846 1515 1887 habes

176 1907 259 1948 iam
292 1909 517 1960 statutum,
555 1906 658 1960 quid
693 1905 774 1946 tibi
806 1905 1016 1961 agendum
1052 1908 1193 1959 puteS,
1232 1905 1276 1946 in
1314 1919 1398 1959 quo
1428 1919 1513 1946 non
1533 1916 1569 1941 ⁸0

176 1966 231 2006 sit
263 1965 534 2006 coniunctum
567 1964 790 2005 consilium
821 1967 942 2005 tuum
974 1978 1069 2005 cum
1100 1978 1215 2018 meo,
1247 1963 1515 2018 supersedeas

175 2024 257 2065 hoc
288 2023 432 2065 labore
463 2023 638 2064 itineris.
700 2021 774 2064 Sin
801 2025 941 2064 autem
967 2025 1042 2078 est,
1073 2022 1187 2077 quod
1216 2036 1380 2063 mecum
1406 2035 1516 2063 com-

177 2083 392 2124 municare
423 2082 545 2136 velis,
583 2096 662 2138 ego
694 2084 736 2123 te
768 2081 1017 2137 expectabo3
1053 2084 1119 2135 tu,
1157 2081 1270 2135 quod
1300 2083 1374 2121 tuo
1407 2095 1516 2121 com—

178 2142 304 2182 modo
336 2142 422 2196 fiat,
455 2156 581 2195 quam
613 2141 799 2195 primum
829 2140 958 2181 velim
989 2140 1149 2194 venias,
1186 2139 1294 2180 sicut
1326 2139 1516 2181 intellexi

178 2203 219 2240 et
252 2199 399 2240 Servio
431 2202 473 2240 et
503 2199 747 2241 Postumiae
780 2199 955 2253 placere.
1017 2197 1133 2238 Vale.
1535 2209 1570 2234 35
