<?xml version="1.0" encoding="UTF-8"?>
<!DOCTYPE html PUBLIC "-//W3C//DTD XHTML 1.0 Transitional//EN"
    "http://www.w3.org/TR/xhtml1/DTD/xhtml1-transitional.dtd">
<html xmlns="http://www.w3.org/1999/xhtml" xml:lang="en" lang="en">
 <head>
  <title>
</title>
<meta http-equiv="Content-Type" content="text/html;charset=utf-8" />
  <meta name='ocr-system' content='tesseract 3.04.00' />
  <meta name='ocr-capabilities' content='ocr_page ocr_carea ocr_par ocr_line ocrx_word'/>
</head>
<body>
  <div class='ocr_page' id='page_1' title='image "./p1scriptaquaemanse03ciceuoft_0702.png"; bbox 0 0 1659 2552; ppageno 0'>
   <div class='ocr_carea' id='block_1_1' title="bbox 187 88 961 130">
    <p class='ocr_par' dir='ltr' id='par_1_1' title="bbox 187 88 961 130">
     <span class='ocr_line' id='line_1_1' title="bbox 187 88 961 130; baseline -0.01 0"><span class='ocrx_word' id='word_1_1' title='bbox 187 88 272 130; x_wconf 81' lang='lat'><strong>568</strong></span> <span class='ocrx_word' id='word_1_2' title='bbox 729 88 961 124; x_wconf 87' lang='lat' dir='ltr'>EPISTULA</span> 
     </span>
    </p>
   </div>
   <div class='ocr_carea' id='block_1_2' title="bbox 119 183 1575 2348">
    <p class='ocr_par' dir='ltr' id='par_1_2' title="bbox 119 183 1575 2348">
     <span class='ocr_line' id='line_1_2' title="bbox 189 183 1524 239; baseline 0.002 -16"><span class='ocrx_word' id='word_1_3' title='bbox 189 183 262 237; x_wconf 91' lang='lat' dir='ltr'><strong>qui</strong></span> <span class='ocrx_word' id='word_1_4' title='bbox 295 183 431 224; x_wconf 87' lang='lat' dir='ltr'><strong>adhuc</strong></span> <span class='ocrx_word' id='word_1_5' title='bbox 462 183 586 224; x_wconf 89' lang='lat' dir='ltr'><strong>nobis</strong></span> <span class='ocrx_word' id='word_1_6' title='bbox 615 183 793 239; x_wconf 81' lang='lat' dir='ltr'><strong>obligati</strong></span> <span class='ocrx_word' id='word_1_7' title='bbox 826 184 995 238; x_wconf 88' lang='lat' dir='ltr'><strong>fuerint,</strong></span> <span class='ocrx_word' id='word_1_8' title='bbox 1027 183 1079 224; x_wconf 88' lang='lat' dir='ltr'><strong>iis</strong></span> <span class='ocrx_word' id='word_1_9' title='bbox 1103 183 1287 225; x_wconf 86' lang='lat' dir='ltr'><strong>vicissim</strong></span> <span class='ocrx_word' id='word_1_10' title='bbox 1318 199 1394 226; x_wconf 86' lang='grc'>1103</span> <span class='ocrx_word' id='word_1_11' title='bbox 1420 185 1524 226; x_wconf 91' lang='lat' dir='ltr'><strong>obli-</strong></span> 
     </span>
     <span class='ocr_line' id='line_1_3' title="bbox 119 242 1523 298; baseline 0 -14"><span class='ocrx_word' id='word_1_12' title='bbox 119 253 162 284; x_wconf 90' lang='grc'><strong>22</strong></span> <span class='ocrx_word' id='word_1_13' title='bbox 189 242 281 298; x_wconf 87' lang='lat' dir='ltr'><strong>gari</strong></span> <span class='ocrx_word' id='word_1_14' title='bbox 318 256 441 296; x_wconf 87' lang='lat' dir='ltr'><strong>posse</strong></span> <span class='ocrx_word' id='word_1_15' title='bbox 478 242 705 283; x_wconf 87' lang='lat' dir='ltr'><strong>videamur.</strong></span> <span class='ocrx_word' id='word_1_16' title='bbox 768 243 849 291; x_wconf 80' lang='lat' dir='ltr'><strong>Qui</strong></span> <span class='ocrx_word' id='word_1_17' title='bbox 886 245 1026 283; x_wconf 89' lang='lat' dir='ltr'><strong>autem</strong></span> <span class='ocrx_word' id='word_1_18' title='bbox 1058 257 1130 296; x_wconf 88' lang='lat' dir='ltr'><strong>spe</strong></span> <span class='ocrx_word' id='word_1_19' title='bbox 1160 245 1374 298; x_wconf 88' lang='lat' dir='ltr'><strong>tenentur,</strong></span> <span class='ocrx_word' id='word_1_20' title='bbox 1412 244 1523 298; x_wconf 90' lang='lat' dir='ltr'><strong>quod</strong></span> 
     </span>
     <span class='ocr_line' id='line_1_4' title="bbox 189 301 1524 366; baseline 0.001 -24"><span class='ocrx_word' id='word_1_21' title='bbox 189 315 322 366; x_wconf 81' lang='lat' dir='ltr'><strong>genus</strong></span> <span class='ocrx_word' id='word_1_22' title='bbox 358 301 579 342; x_wconf 88' lang='lat' dir='ltr'><strong>hominum</strong></span> <span class='ocrx_word' id='word_1_23' title='bbox 616 301 752 342; x_wconf 90' lang='lat' dir='ltr'><strong>multo</strong></span> <span class='ocrx_word' id='word_1_24' title='bbox 790 301 959 342; x_wconf 77' lang='lat' dir='ltr'><strong>etiamst</strong></span> <span class='ocrx_word' id='word_1_25' title='bbox 991 301 1234 357; x_wconf 86' lang='lat' dir='ltr'><strong>diligentius</strong></span> <span class='ocrx_word' id='word_1_26' title='bbox 1271 305 1396 356; x_wconf 85' lang='lat' dir='ltr'><strong>atque</strong></span> <span class='ocrx_word' id='word_1_27' title='bbox 1433 302 1524 344; x_wconf 87' lang='lat' dir='ltr'>offi-</span> 
     </span>
     <span class='ocr_line' id='line_1_5' title="bbox 190 359 1522 414; baseline 0.002 -15"><span class='ocrx_word' id='word_1_28' title='bbox 190 359 361 414; x_wconf 86' lang='lat' dir='ltr'><strong>ciosius,</strong></span> <span class='ocrx_word' id='word_1_29' title='bbox 405 359 457 400; x_wconf 87' lang='lat' dir='ltr'><strong>iis</strong></span> <span class='ocrx_word' id='word_1_30' title='bbox 499 360 565 400; x_wconf 85' lang='lat' dir='ltr'><strong>fac</strong></span> <span class='ocrx_word' id='word_1_31' title='bbox 601 363 649 400; x_wconf 94' lang='lat' dir='ltr'><strong>ut</strong></span> <span class='ocrx_word' id='word_1_32' title='bbox 691 360 958 414; x_wconf 89' lang='lat' dir='ltr'><strong>propositum</strong></span> <span class='ocrx_word' id='word_1_33' title='bbox 997 374 1045 400; x_wconf 86' lang='lat' dir='ltr'><strong>ac</strong></span> <span class='ocrx_word' id='word_1_34' title='bbox 1086 362 1279 413; x_wconf 85' lang='lat' dir='ltr'><strong>paratum</strong></span> <span class='ocrx_word' id='word_1_35' title='bbox 1319 361 1522 402; x_wconf 83' lang='lat' dir='ltr'><strong>auxilium</strong></span> 
     </span>
     <span class='ocr_line' id='line_1_6' title="bbox 189 418 1575 473; baseline 0.002 -15"><span class='ocrx_word' id='word_1_36' title='bbox 189 421 310 459; x_wconf 90' lang='lat' dir='ltr'><strong>tuum</strong></span> <span class='ocrx_word' id='word_1_37' title='bbox 343 432 431 459; x_wconf 87' lang='lat' dir='ltr'><strong>esse</strong></span> <span class='ocrx_word' id='word_1_38' title='bbox 456 418 660 472; x_wconf 84' lang='lat' dir='ltr'><strong>videatur,</strong></span> <span class='ocrx_word' id='word_1_39' title='bbox 694 418 872 472; x_wconf 87' lang='lat' dir='ltr'><strong>denique</strong></span> <span class='ocrx_word' id='word_1_40' title='bbox 903 421 952 459; x_wconf 93' lang='lat' dir='ltr'><strong>ut</strong></span> <span class='ocrx_word' id='word_1_41' title='bbox 982 422 1261 473; x_wconf 74' lang='lat' dir='ltr'>spectatorem</span> <span class='ocrx_word' id='word_1_42' title='bbox 1291 422 1333 460; x_wconf 90' lang='lat' dir='ltr'><strong>te</strong></span> <span class='ocrx_word' id='word_1_43' title='bbox 1366 419 1522 461; x_wconf 86' lang='lat' dir='ltr'><strong>officio-</strong></span> <span class='ocrx_word' id='word_1_44' title='bbox 1559 432 1575 457; x_wconf 81' lang='lat'>5</span> 
     </span>
     <span class='ocr_line' id='line_1_7' title="bbox 190 477 1521 533; baseline 0.002 -16"><span class='ocrx_word' id='word_1_45' title='bbox 190 491 284 517; x_wconf 91' lang='lat' dir='ltr'><strong>rum</strong></span> <span class='ocrx_word' id='word_1_46' title='bbox 325 491 413 518; x_wconf 89' lang='lat' dir='ltr'><strong>esse</strong></span> <span class='ocrx_word' id='word_1_47' title='bbox 452 477 702 533; x_wconf 89' lang='lat' dir='ltr'><strong>intellegant</strong></span> <span class='ocrx_word' id='word_1_48' title='bbox 743 477 1009 533; x_wconf 77' lang='lat' dir='ltr'><strong>diligentem,</strong></span> <span class='ocrx_word' id='word_1_49' title='bbox 1052 480 1099 518; x_wconf 92' lang='lat' dir='ltr'><strong>ut</strong></span> <span class='ocrx_word' id='word_1_50' title='bbox 1138 477 1279 518; x_wconf 90' lang='lat' dir='ltr'><strong>videre</strong></span> <span class='ocrx_word' id='word_1_51' title='bbox 1318 480 1360 519; x_wconf 90' lang='lat' dir='ltr'><strong>te</strong></span> <span class='ocrx_word' id='word_1_52' title='bbox 1399 478 1521 532; x_wconf 87' lang='lat' dir='ltr'><strong>plane</strong></span> 
     </span>
     <span class='ocr_line' id='line_1_8' title="bbox 190 535 1522 591; baseline 0.002 -15"><span class='ocrx_word' id='word_1_53' title='bbox 190 538 316 590; x_wconf 90' lang='lat' dir='ltr'><strong>atque</strong></span> <span class='ocrx_word' id='word_1_54' title='bbox 347 535 699 590; x_wconf 84' lang='lat' dir='ltr'><strong>animadvertere,</strong></span> <span class='ocrx_word' id='word_1_55' title='bbox 735 539 939 590; x_wconf 89' lang='lat' dir='ltr'><strong>quantum</strong></span> <span class='ocrx_word' id='word_1_56' title='bbox 971 551 995 576; x_wconf 85' lang='lat' dir='ltr'><strong>a</strong></span> <span class='ocrx_word' id='word_1_57' title='bbox 1026 550 1192 590; x_wconf 90' lang='lat' dir='ltr'><strong>quoque</strong></span> <span class='ocrx_word' id='word_1_58' title='bbox 1223 536 1522 591; x_wconf 86' lang='lat' dir='ltr'><strong>proficiscatur,</strong></span> 
     </span>
     <span class='ocr_line' id='line_1_9' title="bbox 120 593 1523 650; baseline 0.002 -16"><span class='ocrx_word' id='word_1_59' title='bbox 120 605 162 635; x_wconf 86' lang='grc'><strong>23</strong></span> <span class='ocrx_word' id='word_1_60' title='bbox 190 598 400 648; x_wconf 83' lang='lat' dir='ltr'><strong>appareat.</strong></span> <span class='ocrx_word' id='word_1_61' title='bbox 467 593 659 635; x_wconf 87' lang='lat' dir='ltr'><strong>Tertium</strong></span> <span class='ocrx_word' id='word_1_62' title='bbox 697 594 840 649; x_wconf 87' lang='lat' dir='ltr'><strong>[illud]</strong></span> <span class='ocrx_word' id='word_1_63' title='bbox 878 609 1010 650; x_wconf 89' lang='lat' dir='ltr'><strong>genus</strong></span> <span class='ocrx_word' id='word_1_64' title='bbox 1048 598 1110 635; x_wconf 86' lang='lat' dir='ltr'><strong>est</strong></span> <span class='ocrx_word' id='word_1_65' title='bbox 1148 594 1422 650; x_wconf 90' lang='lat' dir='ltr'><strong>[studiorum]</strong></span> <span class='ocrx_word' id='word_1_66' title='bbox 1453 609 1523 637; x_wconf 91' lang='lat' dir='ltr'><strong>vo-</strong></span> 
     </span>
     <span class='ocr_line' id='line_1_10' title="bbox 190 653 1523 709; baseline 0.002 -16"><span class='ocrx_word' id='word_1_67' title='bbox 190 653 439 707; x_wconf 90' lang='lat' dir='ltr'><strong>luntarium,</strong></span> <span class='ocrx_word' id='word_1_68' title='bbox 477 653 590 707; x_wconf 91' lang='lat' dir='ltr'><strong>quod</strong></span> <span class='ocrx_word' id='word_1_69' title='bbox 627 653 800 709; x_wconf 83' lang='lat' dir='ltr'><strong>agendis</strong></span> <span class='ocrx_word' id='word_1_70' title='bbox 836 653 1002 709; x_wconf 85' lang='lat' dir='ltr'><strong>gratiiS,</strong></span> <span class='ocrx_word' id='word_1_71' title='bbox 1042 653 1405 696; x_wconf 75' lang='lat' dir='ltr'><strong>accommodandis</strong></span> <span class='ocrx_word' id='word_1_72' title='bbox 1441 668 1523 696; x_wconf 86' lang='lat' dir='ltr'><strong>ser-</strong></span> 
     </span>
     <span class='ocr_line' id='line_1_11' title="bbox 189 711 1574 767; baseline 0.002 -16"><span class='ocrx_word' id='word_1_73' title='bbox 189 712 387 752; x_wconf 87' lang='lat' dir='ltr'><strong>monibus</strong></span> <span class='ocrx_word' id='word_1_74' title='bbox 428 711 481 752; x_wconf 91' lang='lat' dir='ltr'><strong>ad</strong></span> <span class='ocrx_word' id='word_1_75' title='bbox 518 726 586 753; x_wconf 91' lang='lat' dir='ltr'><strong>eas</strong></span> <span class='ocrx_word' id='word_1_76' title='bbox 624 712 829 767; x_wconf 90' lang='lat' dir='ltr'><strong>rationes,</strong></span> <span class='ocrx_word' id='word_1_77' title='bbox 868 716 1043 766; x_wconf 90' lang='lat' dir='ltr'><strong>propter</strong></span> <span class='ocrx_word' id='word_1_78' title='bbox 1082 727 1184 766; x_wconf 90' lang='lat' dir='ltr'><strong>quas</strong></span> <span class='ocrx_word' id='word_1_79' title='bbox 1224 713 1402 767; x_wconf 79' lang='lat' dir='ltr'><strong>quisque</strong></span> <span class='ocrx_word' id='word_1_80' title='bbox 1438 716 1574 754; x_wconf 78' lang='lat' dir='ltr'><strong>stu-10</strong></span> 
     </span>
     <span class='ocr_line' id='line_1_12' title="bbox 191 770 1522 827; baseline 0.002 -17"><span class='ocrx_word' id='word_1_81' title='bbox 191 771 332 811; x_wconf 84' lang='grc'>(1103113</span> <span class='ocrx_word' id='word_1_82' title='bbox 363 770 428 811; x_wconf 90' lang='lat' dir='ltr'><strong>tui</strong></span> <span class='ocrx_word' id='word_1_83' title='bbox 465 784 553 811; x_wconf 90' lang='lat' dir='ltr'><strong>esse</strong></span> <span class='ocrx_word' id='word_1_84' title='bbox 585 771 819 825; x_wconf 88' lang='lat' dir='ltr'><strong>videbitur,</strong></span> <span class='ocrx_word' id='word_1_85' title='bbox 857 771 1132 827; x_wconf 86' lang='lat' dir='ltr'><strong>significanda</strong></span> <span class='ocrx_word' id='word_1_86' title='bbox 1169 786 1268 827; x_wconf 87' lang='lat' dir='ltr'><strong>erga</strong></span> <span class='ocrx_word' id='word_1_87' title='bbox 1304 771 1400 812; x_wconf 79' lang='lat' dir='ltr'><strong>illos</strong></span> <span class='ocrx_word' id='word_1_88' title='bbox 1430 772 1522 826; x_wconf 85' lang='lat' dir='ltr'><strong>pari</strong></span> 
     </span>
     <span class='ocr_line' id='line_1_13' title="bbox 189 829 1523 884; baseline 0.002 -15"><span class='ocrx_word' id='word_1_89' title='bbox 189 829 419 883; x_wconf 88' lang='lat' dir='ltr'><strong>voluntate,</strong></span> <span class='ocrx_word' id='word_1_90' title='bbox 451 829 692 870; x_wconf 85' lang='lat' dir='ltr'><strong>adducenda</strong></span> <span class='ocrx_word' id='word_1_91' title='bbox 717 830 903 870; x_wconf 89' lang='lat' dir='ltr'><strong>amicitia</strong></span> <span class='ocrx_word' id='word_1_92' title='bbox 933 830 977 870; x_wconf 91' lang='lat' dir='ltr'><strong>in</strong></span> <span class='ocrx_word' id='word_1_93' title='bbox 1008 844 1124 884; x_wconf 92' lang='lat' dir='ltr'><strong>spem</strong></span> <span class='ocrx_word' id='word_1_94' title='bbox 1156 830 1457 871; x_wconf 86' lang='lat' dir='ltr'><strong>familiaritatis</strong></span> <span class='ocrx_word' id='word_1_95' title='bbox 1481 833 1523 872; x_wconf 84' lang='lat' dir='ltr'><strong>et</strong></span> 
     </span>
     <span class='ocr_line' id='line_1_14' title="bbox 191 863 1522 943; baseline 0.002 -15"><span class='ocrx_word' id='word_1_96' title='bbox 191 863 505 929; x_wconf 72' lang='lat' dir='ltr'><strong>consuetudinis</strong></span> <span class='ocrx_word' id='word_1_97' title='bbox 537 889 775 929; x_wconf 74' lang='lat' dir='ltr'><strong>confirmari</strong></span> <span class='ocrx_word' id='word_1_98' title='bbox 809 888 1032 942; x_wconf 84' lang='lat' dir='ltr'><strong>oportebit.</strong></span> <span class='ocrx_word' id='word_1_99' title='bbox 1093 888 1234 943; x_wconf 89' lang='lat' dir='ltr'><strong>Atque</strong></span> <span class='ocrx_word' id='word_1_100' title='bbox 1265 889 1308 929; x_wconf 90' lang='lat' dir='ltr'><strong>in</strong></span> <span class='ocrx_word' id='word_1_101' title='bbox 1339 889 1406 930; x_wconf 81' lang='lat' dir='ltr'><strong>his</strong></span> <span class='ocrx_word' id='word_1_102' title='bbox 1437 903 1522 930; x_wconf 91' lang='lat' dir='ltr'><strong>om-</strong></span> 
     </span>
     <span class='ocr_line' id='line_1_15' title="bbox 189 947 1523 1013; baseline 0.001 -26"><span class='ocrx_word' id='word_1_103' title='bbox 189 947 315 987; x_wconf 89' lang='lat' dir='ltr'><strong>nibus</strong></span> <span class='ocrx_word' id='word_1_104' title='bbox 345 947 572 1002; x_wconf 88' lang='lat' dir='ltr'><strong>generibus</strong></span> <span class='ocrx_word' id='word_1_105' title='bbox 603 947 787 988; x_wconf 87' lang='lat' dir='ltr'><strong>iudicato</strong></span> <span class='ocrx_word' id='word_1_106' title='bbox 814 950 855 988; x_wconf 93' lang='lat' dir='ltr'><strong>et</strong></span> <span class='ocrx_word' id='word_1_107' title='bbox 885 947 1145 1002; x_wconf 81' lang='lat' dir='ltr'><strong>perpendito,</strong></span> <span class='ocrx_word' id='word_1_108' title='bbox 1177 951 1381 1013; x_wconf 84' lang='lat' dir='ltr'><strong>quantum</strong></span> <span class='ocrx_word' id='word_1_109' title='bbox 1413 947 1523 1002; x_wconf 86' lang='lat' dir='ltr'><strong>quis-</strong></span> 
     </span>
     <span class='ocr_line' id='line_1_16' title="bbox 191 1006 1573 1070; baseline -0.001 -24"><span class='ocrx_word' id='word_1_110' title='bbox 191 1020 271 1070; x_wconf 82' lang='lat' dir='ltr'><strong>que</strong></span> <span class='ocrx_word' id='word_1_111' title='bbox 302 1006 448 1059; x_wconf 81' lang='lat' dir='ltr'><strong>possit,</strong></span> <span class='ocrx_word' id='word_1_112' title='bbox 478 1008 526 1046; x_wconf 94' lang='lat' dir='ltr'><strong>ut</strong></span> <span class='ocrx_word' id='word_1_113' title='bbox 552 1007 668 1060; x_wconf 88' lang='lat' dir='ltr'><strong>scias,</strong></span> <span class='ocrx_word' id='word_1_114' title='bbox 701 1008 742 1047; x_wconf 93' lang='lat' dir='ltr'><strong>et</strong></span> <span class='ocrx_word' id='word_1_115' title='bbox 773 1020 897 1060; x_wconf 90' lang='lat' dir='ltr'><strong>quem</strong></span> <span class='ocrx_word' id='word_1_116' title='bbox 929 1006 981 1046; x_wconf 87' lang='lat' dir='ltr'><strong>ad</strong></span> <span class='ocrx_word' id='word_1_117' title='bbox 1010 1006 1182 1047; x_wconf 91' lang='lat' dir='ltr'><strong>modum</strong></span> <span class='ocrx_word' id='word_1_118' title='bbox 1215 1007 1364 1061; x_wconf 91' lang='lat' dir='ltr'><strong>cuique</strong></span> <span class='ocrx_word' id='word_1_119' title='bbox 1395 1006 1522 1048; x_wconf 82' lang='lat' dir='ltr'><strong>inser·</strong></span> <span class='ocrx_word' id='word_1_120' title='bbox 1541 1019 1573 1045; x_wconf 89' lang='lat'><strong>15</strong></span> 
     </span>
     <span class='ocr_line' id='line_1_17' title="bbox 120 1064 1522 1119; baseline 0.001 -15"><span class='ocrx_word' id='word_1_121' title='bbox 120 1074 163 1104; x_wconf 76' lang='lat'><strong>‘24</strong></span> <span class='ocrx_word' id='word_1_122' title='bbox 190 1064 279 1104; x_wconf 88' lang='lat' dir='ltr'><strong>vias</strong></span> <span class='ocrx_word' id='word_1_123' title='bbox 305 1067 347 1104; x_wconf 90' lang='lat' dir='ltr'><strong>et</strong></span> <span class='ocrx_word' id='word_1_124' title='bbox 373 1064 475 1118; x_wconf 89' lang='lat' dir='ltr'><strong>quid</strong></span> <span class='ocrx_word' id='word_1_125' title='bbox 500 1079 524 1104; x_wconf 89' lang='lat' dir='ltr'><strong>a</strong></span> <span class='ocrx_word' id='word_1_126' title='bbox 548 1079 715 1118; x_wconf 87' lang='lat' dir='ltr'><strong>quoque</strong></span> <span class='ocrx_word' id='word_1_127' title='bbox 747 1067 939 1119; x_wconf 78' lang='lat' dir='ltr'><strong>expectes</strong></span> <span class='ocrx_word' id='word_1_128' title='bbox 965 1079 1012 1105; x_wconf 87' lang='lat' dir='ltr'><strong>ac</strong></span> <span class='ocrx_word' id='word_1_129' title='bbox 1036 1065 1233 1119; x_wconf 87' lang='lat' dir='ltr'><strong>postules</strong></span> <span class='ocrx_word' id='word_1_130' title='bbox 1278 1064 1385 1106; x_wconf 85' lang='lat' dir='ltr'><strong>Sunt</strong></span> <span class='ocrx_word' id='word_1_131' title='bbox 1409 1065 1522 1106; x_wconf 83' lang='lat' dir='ltr'><strong>enim</strong></span> 
     </span>
     <span class='ocr_line' id='line_1_18' title="bbox 191 1122 1523 1178; baseline 0.001 -15"><span class='ocrx_word' id='word_1_132' title='bbox 191 1122 362 1176; x_wconf 89' lang='lat' dir='ltr'><strong>quidam</strong></span> <span class='ocrx_word' id='word_1_133' title='bbox 404 1123 598 1164; x_wconf 89' lang='lat' dir='ltr'><strong>homines</strong></span> <span class='ocrx_word' id='word_1_134' title='bbox 647 1124 690 1163; x_wconf 91' lang='lat' dir='ltr'><strong>in</strong></span> <span class='ocrx_word' id='word_1_135' title='bbox 733 1123 819 1164; x_wconf 89' lang='lat' dir='ltr'><strong>suis</strong></span> <span class='ocrx_word' id='word_1_136' title='bbox 861 1123 1150 1164; x_wconf 79' lang='lat' dir='ltr'><strong>vicinitatibus</strong></span> <span class='ocrx_word' id='word_1_137' title='bbox 1198 1127 1240 1164; x_wconf 90' lang='lat' dir='ltr'><strong>et</strong></span> <span class='ocrx_word' id='word_1_138' title='bbox 1281 1123 1523 1178; x_wconf 85' lang='lat' dir='ltr'><strong>municipiis</strong></span> 
     </span>
     <span class='ocr_line' id='line_1_19' title="bbox 189 1182 1523 1237; baseline 0.001 -15"><span class='ocrx_word' id='word_1_139' title='bbox 189 1182 384 1236; x_wconf 76' lang='lat' dir='ltr'><strong>gratiosi,</strong></span> <span class='ocrx_word' id='word_1_140' title='bbox 422 1184 520 1222; x_wconf 85' lang='lat' dir='ltr'><strong>sunt</strong></span> <span class='ocrx_word' id='word_1_141' title='bbox 559 1182 780 1237; x_wconf 84' lang='lat' dir='ltr'><strong>diligentes</strong></span> <span class='ocrx_word' id='word_1_142' title='bbox 812 1185 854 1223; x_wconf 93' lang='lat' dir='ltr'><strong>et</strong></span> <span class='ocrx_word' id='word_1_143' title='bbox 885 1182 1061 1237; x_wconf 88' lang='lat' dir='ltr'><strong>copiosi,</strong></span> <span class='ocrx_word' id='word_1_144' title='bbox 1102 1182 1174 1237; x_wconf 89' lang='lat' dir='ltr'><strong>qui</strong></span> <span class='ocrx_word' id='word_1_145' title='bbox 1206 1183 1370 1223; x_wconf 89' lang='lat' dir='ltr'><strong>etiamsi</strong></span> <span class='ocrx_word' id='word_1_146' title='bbox 1400 1186 1523 1224; x_wconf 85' lang='lat' dir='ltr'><strong>antea</strong></span> 
     </span>
     <span class='ocr_line' id='line_1_20' title="bbox 190 1240 1522 1296; baseline 0.002 -16"><span class='ocrx_word' id='word_1_147' title='bbox 190 1254 275 1281; x_wconf 92' lang='lat' dir='ltr'><strong>non</strong></span> <span class='ocrx_word' id='word_1_148' title='bbox 312 1240 565 1281; x_wconf 90' lang='lat' dir='ltr'><strong>studuerunt</strong></span> <span class='ocrx_word' id='word_1_149' title='bbox 601 1241 700 1281; x_wconf 89' lang='lat' dir='ltr'><strong>huic</strong></span> <span class='ocrx_word' id='word_1_150' title='bbox 737 1241 916 1296; x_wconf 87' lang='lat' dir='ltr'><strong>gratiae,</strong></span> <span class='ocrx_word' id='word_1_151' title='bbox 955 1244 1097 1282; x_wconf 87' lang='lat' dir='ltr'><strong>tamen</strong></span> <span class='ocrx_word' id='word_1_152' title='bbox 1135 1256 1186 1281; x_wconf 83' lang='lat' dir='ltr'><strong>ex</strong></span> <span class='ocrx_word' id='word_1_153' title='bbox 1221 1244 1411 1295; x_wconf 85' lang='lat' dir='ltr'><strong>tempore</strong></span> <span class='ocrx_word' id='word_1_154' title='bbox 1442 1241 1522 1282; x_wconf 88' lang='lat' dir='ltr'><strong>ela-</strong></span> 
     </span>
     <span class='ocr_line' id='line_1_21' title="bbox 191 1299 1574 1354; baseline -0.001 -15"><span class='ocrx_word' id='word_1_155' title='bbox 191 1299 340 1340; x_wconf 90' lang='lat' dir='ltr'><strong>borare</strong></span> <span class='ocrx_word' id='word_1_156' title='bbox 378 1299 467 1340; x_wconf 90' lang='lat' dir='ltr'><strong>eius</strong></span> <span class='ocrx_word' id='word_1_157' title='bbox 505 1313 643 1353; x_wconf 85' lang='lat' dir='ltr'><strong>causa,</strong></span> <span class='ocrx_word' id='word_1_158' title='bbox 682 1300 748 1340; x_wconf 90' lang='lat' dir='ltr'><strong>cui</strong></span> <span class='ocrx_word' id='word_1_159' title='bbox 786 1299 938 1340; x_wconf 90' lang='lat' dir='ltr'><strong>debent</strong></span> <span class='ocrx_word' id='word_1_160' title='bbox 969 1303 1042 1340; x_wconf 85' lang='lat' dir='ltr'><strong>aut</strong></span> <span class='ocrx_word' id='word_1_161' title='bbox 1071 1299 1237 1353; x_wconf 80' lang='lat' dir='ltr'><strong>volunt,</strong></span> <span class='ocrx_word' id='word_1_162' title='bbox 1277 1299 1398 1340; x_wconf 88' lang='lat' dir='ltr'><strong>facile</strong></span> <span class='ocrx_word' id='word_1_163' title='bbox 1429 1314 1521 1354; x_wconf 88' lang='lat' dir='ltr'><strong>pos-</strong></span> <span class='ocrx_word' id='word_1_164' title='bbox 1540 1312 1574 1338; x_wconf 87' lang='lat'><strong>20</strong></span> 
     </span>
     <span class='ocr_line' id='line_1_22' title="bbox 190 1357 1521 1413; baseline 0.001 -15"><span class='ocrx_word' id='word_1_165' title='bbox 190 1360 298 1398; x_wconf 90' lang='lat' dir='ltr'><strong>sunt.</strong></span> <span class='ocrx_word' id='word_1_166' title='bbox 359 1357 438 1398; x_wconf 89' lang='lat' dir='ltr'><strong>His</strong></span> <span class='ocrx_word' id='word_1_167' title='bbox 473 1357 695 1398; x_wconf 89' lang='lat' dir='ltr'><strong>hominum</strong></span> <span class='ocrx_word' id='word_1_168' title='bbox 739 1358 964 1413; x_wconf 85' lang='lat' dir='ltr'><strong>generibus</strong></span> <span class='ocrx_word' id='word_1_169' title='bbox 1001 1358 1060 1398; x_wconf 90' lang='grc'><strong>316</strong></span> <span class='ocrx_word' id='word_1_170' title='bbox 1100 1358 1410 1398; x_wconf 87' lang='lat' dir='ltr'><strong>inserviendum</strong></span> <span class='ocrx_word' id='word_1_171' title='bbox 1447 1360 1521 1412; x_wconf 85' lang='lat' dir='ltr'><strong>est,</strong></span> 
     </span>
     <span class='ocr_line' id='line_1_23' title="bbox 189 1416 1521 1482; baseline 0.001 -26"><span class='ocrx_word' id='word_1_172' title='bbox 189 1418 237 1456; x_wconf 94' lang='lat' dir='ltr'><strong>ut</strong></span> <span class='ocrx_word' id='word_1_173' title='bbox 268 1416 349 1469; x_wconf 90' lang='lat' dir='ltr'><strong>ipsi</strong></span> <span class='ocrx_word' id='word_1_174' title='bbox 380 1416 630 1481; x_wconf 85' lang='lat' dir='ltr'><strong>intellegant</strong></span> <span class='ocrx_word' id='word_1_175' title='bbox 661 1419 702 1457; x_wconf 90' lang='lat' dir='ltr'><strong>te</strong></span> <span class='ocrx_word' id='word_1_176' title='bbox 733 1416 891 1481; x_wconf 84' lang='lat' dir='ltr'><strong>videre,</strong></span> <span class='ocrx_word' id='word_1_177' title='bbox 933 1416 1034 1469; x_wconf 91' lang='lat' dir='ltr'><strong>quid</strong></span> <span class='ocrx_word' id='word_1_178' title='bbox 1065 1430 1088 1456; x_wconf 87' lang='lat' dir='ltr'><strong>a</strong></span> <span class='ocrx_word' id='word_1_179' title='bbox 1119 1430 1285 1470; x_wconf 91' lang='lat' dir='ltr'><strong>quoque</strong></span> <span class='ocrx_word' id='word_1_180' title='bbox 1317 1420 1521 1482; x_wconf 81' lang='lat' dir='ltr'><strong>expectes,</strong></span> 
     </span>
     <span class='ocr_line' id='line_1_24' title="bbox 189 1473 1523 1528; baseline 0.001 -14"><span class='ocrx_word' id='word_1_181' title='bbox 189 1474 356 1528; x_wconf 88' lang='lat' dir='ltr'><strong>sentire,</strong></span> <span class='ocrx_word' id='word_1_182' title='bbox 389 1474 491 1528; x_wconf 90' lang='lat' dir='ltr'><strong>quid</strong></span> <span class='ocrx_word' id='word_1_183' title='bbox 522 1474 712 1528; x_wconf 88' lang='lat' dir='ltr'><strong>accipias,</strong></span> <span class='ocrx_word' id='word_1_184' title='bbox 743 1474 994 1528; x_wconf 88' lang='lat' dir='ltr'><strong>meminisse,</strong></span> <span class='ocrx_word' id='word_1_185' title='bbox 1027 1474 1128 1527; x_wconf 91' lang='lat' dir='ltr'><strong>quid</strong></span> <span class='ocrx_word' id='word_1_186' title='bbox 1153 1475 1369 1528; x_wconf 83' lang='lat' dir='ltr'><strong>acceperis.</strong></span> <span class='ocrx_word' id='word_1_187' title='bbox 1414 1473 1523 1516; x_wconf 88' lang='lat' dir='ltr'><strong>Sunt</strong></span> 
     </span>
     <span class='ocr_line' id='line_1_25' title="bbox 189 1533 1522 1587; baseline 0.001 -14"><span class='ocrx_word' id='word_1_188' title='bbox 189 1535 331 1573; x_wconf 89' lang='lat' dir='ltr'><strong>autem</strong></span> <span class='ocrx_word' id='word_1_189' title='bbox 361 1533 445 1587; x_wconf 87' lang='lat' dir='ltr'><strong>alii,</strong></span> <span class='ocrx_word' id='word_1_190' title='bbox 478 1533 550 1586; x_wconf 88' lang='lat' dir='ltr'><strong>qui</strong></span> <span class='ocrx_word' id='word_1_191' title='bbox 582 1535 654 1573; x_wconf 84' lang='lat' dir='ltr'><strong>aut</strong></span> <span class='ocrx_word' id='word_1_192' title='bbox 685 1533 792 1573; x_wconf 89' lang='lat' dir='ltr'><strong>nihil</strong></span> <span class='ocrx_word' id='word_1_193' title='bbox 826 1536 1002 1587; x_wconf 87' lang='lat' dir='ltr'><strong>possunt</strong></span> <span class='ocrx_word' id='word_1_194' title='bbox 1033 1536 1105 1573; x_wconf 85' lang='lat' dir='ltr'><strong>aut</strong></span> <span class='ocrx_word' id='word_1_195' title='bbox 1137 1533 1263 1574; x_wconf 90' lang='lat' dir='ltr'><strong>etiam</strong></span> <span class='ocrx_word' id='word_1_196' title='bbox 1296 1533 1392 1574; x_wconf 91' lang='lat' dir='ltr'><strong>odio</strong></span> <span class='ocrx_word' id='word_1_197' title='bbox 1424 1536 1522 1575; x_wconf 90' lang='lat' dir='ltr'><strong>sunt</strong></span> 
     </span>
     <span class='ocr_line' id='line_1_26' title="bbox 188 1590 1575 1633; baseline -0.001 -2"><span class='ocrx_word' id='word_1_198' title='bbox 188 1590 420 1631; x_wconf 85' lang='lat' dir='ltr'><strong>tribulibus</strong></span> <span class='ocrx_word' id='word_1_199' title='bbox 458 1592 543 1632; x_wconf 89' lang='lat' dir='ltr'><strong>suis</strong></span> <span class='ocrx_word' id='word_1_200' title='bbox 580 1606 656 1632; x_wconf 88' lang='lat' dir='ltr'><strong>nec</strong></span> <span class='ocrx_word' id='word_1_201' title='bbox 691 1591 849 1632; x_wconf 87' lang='lat' dir='ltr'><strong>habent</strong></span> <span class='ocrx_word' id='word_1_202' title='bbox 885 1594 1049 1632; x_wconf 87' lang='lat' dir='ltr'><strong>tantum</strong></span> <span class='ocrx_word' id='word_1_203' title='bbox 1082 1592 1212 1632; x_wconf 88' lang='lat' dir='ltr'><strong>animi</strong></span> <span class='ocrx_word' id='word_1_204' title='bbox 1248 1595 1320 1633; x_wconf 86' lang='lat' dir='ltr'><strong>aut</strong></span> <span class='ocrx_word' id='word_1_205' title='bbox 1350 1592 1521 1632; x_wconf 86' lang='lat' dir='ltr'><strong>faculta-</strong></span> <span class='ocrx_word' id='word_1_206' title='bbox 1541 1604 1575 1631; x_wconf 82' lang='lat'><strong>25</strong></span> 
     </span>
     <span class='ocr_line' id='line_1_27' title="bbox 189 1649 1522 1704; baseline 0.001 -14"><span class='ocrx_word' id='word_1_207' title='bbox 189 1649 256 1703; x_wconf 74' lang='lat' dir='ltr'><strong>tis,</strong></span> <span class='ocrx_word' id='word_1_208' title='bbox 289 1652 335 1690; x_wconf 92' lang='lat' dir='ltr'><strong>ut</strong></span> <span class='ocrx_word' id='word_1_209' title='bbox 361 1650 575 1691; x_wconf 84' lang='lat' dir='ltr'><strong>enitantur</strong></span> <span class='ocrx_word' id='word_1_210' title='bbox 600 1664 651 1690; x_wconf 80' lang='lat' dir='ltr'><strong>ex</strong></span> <span class='ocrx_word' id='word_1_211' title='bbox 682 1652 881 1704; x_wconf 88' lang='lat' dir='ltr'><strong>tempore.</strong></span> <span class='ocrx_word' id='word_1_212' title='bbox 943 1649 1033 1690; x_wconf 89' lang='lat' dir='ltr'><strong>Hos</strong></span> <span class='ocrx_word' id='word_1_213' title='bbox 1064 1653 1111 1691; x_wconf 93' lang='lat' dir='ltr'><strong>ut</strong></span> <span class='ocrx_word' id='word_1_214' title='bbox 1142 1651 1411 1704; x_wconf 87' lang='lat' dir='ltr'><strong>internoscas,</strong></span> <span class='ocrx_word' id='word_1_215' title='bbox 1442 1650 1522 1692; x_wconf 86' lang='lat' dir='ltr'><strong>ela-</strong></span> 
     </span>
     <span class='ocr_line' id='line_1_28' title="bbox 133 1707 1521 1780; baseline 0.001 -32"><span class='ocrx_word' id='word_1_216' title='bbox 133 1740 156 1780; x_wconf 66' lang='grc'>7</span> <span class='ocrx_word' id='word_1_217' title='bbox 191 1707 354 1762; x_wconf 86' lang='lat' dir='ltr'><strong>borato,</strong></span> <span class='ocrx_word' id='word_1_218' title='bbox 384 1723 437 1749; x_wconf 92' lang='lat' dir='ltr'><strong>ne</strong></span> <span class='ocrx_word' id='word_1_219' title='bbox 464 1723 535 1763; x_wconf 89' lang='lat' dir='ltr'><strong>spe</strong></span> <span class='ocrx_word' id='word_1_220' title='bbox 561 1709 605 1749; x_wconf 89' lang='lat' dir='ltr'><strong>in</strong></span> <span class='ocrx_word' id='word_1_221' title='bbox 631 1708 772 1762; x_wconf 86' lang='lat' dir='ltr'><strong>aliquo</strong></span> <span class='ocrx_word' id='word_1_222' title='bbox 798 1708 956 1749; x_wconf 87' lang='lat' dir='ltr'><strong>maiore</strong></span> <span class='ocrx_word' id='word_1_223' title='bbox 981 1709 1121 1763; x_wconf 87' lang='lat' dir='ltr'><strong>posita</strong></span> <span class='ocrx_word' id='word_1_224' title='bbox 1144 1709 1343 1763; x_wconf 88' lang='lat' dir='ltr'><strong>praesidii</strong></span> <span class='ocrx_word' id='word_1_225' title='bbox 1372 1723 1521 1763; x_wconf 88' lang='lat' dir='ltr'><strong>parum</strong></span> 
     </span>
     <span class='ocr_line' id='line_1_29' title="bbox 145 1767 1522 1822; baseline 0.001 -15"><span class='ocrx_word' id='word_1_226' title='bbox 145 1800 158 1817; x_wconf 66' lang='grc'><strong>,.</strong></span> <span class='ocrx_word' id='word_1_227' title='bbox 191 1770 466 1821; x_wconf 87' lang='lat' dir='ltr'><strong>comparetur.</strong></span> <span class='ocrx_word' id='word_1_228' title='bbox 529 1767 602 1821; x_wconf 89' lang='lat' dir='ltr'><strong>Et,</strong></span> <span class='ocrx_word' id='word_1_229' title='bbox 641 1782 894 1821; x_wconf 83' lang='lat' dir='ltr'><strong>quamquam</strong></span> <span class='ocrx_word' id='word_1_230' title='bbox 925 1767 1058 1822; x_wconf 87' lang='lat' dir='ltr'><strong>partis</strong></span> <span class='ocrx_word' id='word_1_231' title='bbox 1089 1781 1136 1808; x_wconf 88' lang='lat' dir='ltr'><strong>ac</strong></span> <span class='ocrx_word' id='word_1_232' title='bbox 1166 1767 1352 1809; x_wconf 84' lang='lat' dir='ltr'><strong>fundatis</strong></span> <span class='ocrx_word' id='word_1_233' title='bbox 1382 1767 1522 1808; x_wconf 78' lang='lat' dir='ltr'><strong>amici-</strong></span> 
     </span>
     <span class='ocr_line' id='line_1_30' title="bbox 189 1826 1523 1880; baseline 0.001 -15"><span class='ocrx_word' id='word_1_234' title='bbox 189 1826 261 1865; x_wconf 92' lang='lat' dir='ltr'><strong>tiis</strong></span> <span class='ocrx_word' id='word_1_235' title='bbox 298 1826 454 1866; x_wconf 85' lang='lat' dir='ltr'><strong>fretum</strong></span> <span class='ocrx_word' id='word_1_236' title='bbox 491 1840 538 1866; x_wconf 89' lang='lat' dir='ltr'><strong>ac</strong></span> <span class='ocrx_word' id='word_1_237' title='bbox 582 1826 793 1866; x_wconf 90' lang='lat' dir='ltr'><strong>munitum</strong></span> <span class='ocrx_word' id='word_1_238' title='bbox 831 1840 919 1866; x_wconf 89' lang='lat' dir='ltr'><strong>esse</strong></span> <span class='ocrx_word' id='word_1_239' title='bbox 957 1828 1140 1880; x_wconf 88' lang='lat' dir='ltr'><strong>oportet,</strong></span> <span class='ocrx_word' id='word_1_240' title='bbox 1180 1829 1320 1867; x_wconf 87' lang='lat' dir='ltr'><strong>tamen</strong></span> <span class='ocrx_word' id='word_1_241' title='bbox 1359 1826 1402 1866; x_wconf 92' lang='lat' dir='ltr'><strong>in</strong></span> <span class='ocrx_word' id='word_1_242' title='bbox 1433 1826 1523 1880; x_wconf 85' lang='lat' dir='ltr'><strong>ipsa</strong></span> 
     </span>
     <span class='ocr_line' id='line_1_31' title="bbox 188 1884 1575 1939; baseline -0.001 -15"><span class='ocrx_word' id='word_1_243' title='bbox 188 1884 393 1938; x_wconf 89' lang='lat' dir='ltr'><strong>petitione</strong></span> <span class='ocrx_word' id='word_1_244' title='bbox 433 1885 641 1925; x_wconf 88' lang='lat' dir='ltr'><strong>amicitiae</strong></span> <span class='ocrx_word' id='word_1_245' title='bbox 681 1884 914 1938; x_wconf 85' lang='lat' dir='ltr'><strong>permultae</strong></span> <span class='ocrx_word' id='word_1_246' title='bbox 955 1898 1002 1924; x_wconf 89' lang='lat' dir='ltr'><strong>ac</strong></span> <span class='ocrx_word' id='word_1_247' title='bbox 1041 1884 1241 1938; x_wconf 90' lang='lat' dir='ltr'><strong>perutiles</strong></span> <span class='ocrx_word' id='word_1_248' title='bbox 1282 1898 1522 1939; x_wconf 88' lang='lat' dir='ltr'><strong>comparan-</strong></span> <span class='ocrx_word' id='word_1_249' title='bbox 1541 1897 1575 1922; x_wconf 76' lang='lat'><strong>30</strong></span> 
     </span>
     <span class='ocr_line' id='line_1_32' title="bbox 189 1943 1521 1997; baseline 0.001 -14"><span class='ocrx_word' id='word_1_250' title='bbox 189 1945 276 1997; x_wconf 69' lang='lat' dir='ltr'><strong>tur,</strong></span> <span class='ocrx_word' id='word_1_251' title='bbox 308 1958 406 1983; x_wconf 87' lang='lat' dir='ltr'><strong>nam</strong></span> <span class='ocrx_word' id='word_1_252' title='bbox 438 1943 481 1983; x_wconf 87' lang='lat' dir='ltr'><strong>in</strong></span> <span class='ocrx_word' id='word_1_253' title='bbox 514 1943 662 1983; x_wconf 89' lang='lat' dir='ltr'><strong>ceteris</strong></span> <span class='ocrx_word' id='word_1_254' title='bbox 693 1943 899 1983; x_wconf 86' lang='lat' dir='ltr'><strong>molestiis</strong></span> <span class='ocrx_word' id='word_1_255' title='bbox 929 1943 1058 1983; x_wconf 85' lang='lat' dir='ltr'><strong>habet</strong></span> <span class='ocrx_word' id='word_1_256' title='bbox 1088 1943 1169 1984; x_wconf 90' lang='lat' dir='ltr'><strong>hoc</strong></span> <span class='ocrx_word' id='word_1_257' title='bbox 1200 1946 1340 1984; x_wconf 85' lang='lat' dir='ltr'><strong>tamen</strong></span> <span class='ocrx_word' id='word_1_258' title='bbox 1370 1943 1521 1997; x_wconf 88' lang='lat' dir='ltr'><strong>petitio</strong></span> 
     </span>
     <span class='ocr_line' id='line_1_33' title="bbox 189 2001 1521 2055; baseline 0 -13"><span class='ocrx_word' id='word_1_259' title='bbox 189 2001 416 2042; x_wconf 84' lang='lat' dir='ltr'><strong>commodi:</strong></span> <span class='ocrx_word' id='word_1_260' title='bbox 448 2004 568 2055; x_wconf 89' lang='lat' dir='ltr'><strong>potes</strong></span> <span class='ocrx_word' id='word_1_261' title='bbox 593 2001 779 2054; x_wconf 87' lang='lat' dir='ltr'><strong>honeste,</strong></span> <span class='ocrx_word' id='word_1_262' title='bbox 812 2001 923 2054; x_wconf 89' lang='lat' dir='ltr'><strong>quod</strong></span> <span class='ocrx_word' id='word_1_263' title='bbox 950 2001 992 2041; x_wconf 92' lang='lat' dir='ltr'><strong>in</strong></span> <span class='ocrx_word' id='word_1_264' title='bbox 1013 2004 1150 2042; x_wconf 85' lang='lat' dir='ltr'><strong>cetera</strong></span> <span class='ocrx_word' id='word_1_265' title='bbox 1168 2002 1256 2042; x_wconf 87' lang='lat' dir='ltr'><strong>vita</strong></span> <span class='ocrx_word' id='word_1_266' title='bbox 1280 2015 1364 2042; x_wconf 91' lang='lat' dir='ltr'><strong>non</strong></span> <span class='ocrx_word' id='word_1_267' title='bbox 1384 2015 1521 2055; x_wconf 84' lang='lat' dir='ltr'><strong>queas,</strong></span> 
     </span>
     <span class='ocr_line' id='line_1_34' title="bbox 190 2059 1521 2114; baseline 0 -14"><span class='ocrx_word' id='word_1_268' title='bbox 190 2074 476 2113; x_wconf 91' lang='lat' dir='ltr'><strong>quoscumque</strong></span> <span class='ocrx_word' id='word_1_269' title='bbox 502 2060 626 2113; x_wconf 80' lang='lat' dir='ltr'><strong>velis,</strong></span> <span class='ocrx_word' id='word_1_270' title='bbox 659 2059 885 2114; x_wconf 88' lang='lat' dir='ltr'><strong>adiungere</strong></span> <span class='ocrx_word' id='word_1_271' title='bbox 917 2059 970 2099; x_wconf 88' lang='lat' dir='ltr'><strong>ad</strong></span> <span class='ocrx_word' id='word_1_272' title='bbox 1001 2060 1240 2114; x_wconf 88' lang='lat' dir='ltr'><strong>amicitiam,</strong></span> <span class='ocrx_word' id='word_1_273' title='bbox 1273 2059 1521 2114; x_wconf 88' lang='lat' dir='ltr'><strong>quibuscum</strong></span> 
     </span>
     <span class='ocr_line' id='line_1_35' title="bbox 189 2118 1522 2173; baseline 0 -15"><span class='ocrx_word' id='word_1_274' title='bbox 189 2118 224 2158; x_wconf 90' lang='lat' dir='ltr'><strong>si</strong></span> <span class='ocrx_word' id='word_1_275' title='bbox 257 2118 340 2159; x_wconf 90' lang='lat' dir='ltr'><strong>alio</strong></span> <span class='ocrx_word' id='word_1_276' title='bbox 372 2121 561 2172; x_wconf 90' lang='lat' dir='ltr'><strong>tempore</strong></span> <span class='ocrx_word' id='word_1_277' title='bbox 593 2133 708 2173; x_wconf 87' lang='lat' dir='ltr'><strong>agas,</strong></span> <span class='ocrx_word' id='word_1_278' title='bbox 747 2118 926 2158; x_wconf 86' lang='lat' dir='ltr'><strong>absurde</strong></span> <span class='ocrx_word' id='word_1_279' title='bbox 958 2118 1092 2159; x_wconf 87' lang='lat' dir='ltr'><strong>facere</strong></span> <span class='ocrx_word' id='word_1_280' title='bbox 1124 2119 1308 2172; x_wconf 87' lang='lat' dir='ltr'><strong>videare,</strong></span> <span class='ocrx_word' id='word_1_281' title='bbox 1344 2118 1388 2158; x_wconf 92' lang='lat' dir='ltr'><strong>in</strong></span> <span class='ocrx_word' id='word_1_282' title='bbox 1418 2118 1522 2171; x_wconf 89' lang='lat' dir='ltr'><strong>peti-</strong></span> 
     </span>
     <span class='ocr_line' id='line_1_36' title="bbox 189 2176 1575 2232; baseline 0 -15"><span class='ocrx_word' id='word_1_283' title='bbox 189 2177 304 2217; x_wconf 87' lang='lat' dir='ltr'><strong>tione</strong></span> <span class='ocrx_word' id='word_1_284' title='bbox 336 2179 477 2217; x_wconf 86' lang='lat' dir='ltr'><strong>autem</strong></span> <span class='ocrx_word' id='word_1_285' title='bbox 509 2177 590 2217; x_wconf 88' lang='lat' dir='ltr'><strong>nisi</strong></span> <span class='ocrx_word' id='word_1_286' title='bbox 628 2177 671 2217; x_wconf 92' lang='lat' dir='ltr'><strong>id</strong></span> <span class='ocrx_word' id='word_1_287' title='bbox 708 2190 806 2232; x_wconf 86' lang='lat' dir='ltr'><strong>agas</strong></span> <span class='ocrx_word' id='word_1_288' title='bbox 839 2179 881 2217; x_wconf 89' lang='lat' dir='ltr'><strong>et</strong></span> <span class='ocrx_word' id='word_1_289' title='bbox 912 2190 1006 2217; x_wconf 91' lang='lat' dir='ltr'><strong>cum</strong></span> <span class='ocrx_word' id='word_1_290' title='bbox 1038 2177 1183 2217; x_wconf 89' lang='lat' dir='ltr'><strong>multis</strong></span> <span class='ocrx_word' id='word_1_291' title='bbox 1215 2179 1256 2217; x_wconf 90' lang='lat' dir='ltr'><strong>et</strong></span> <span class='ocrx_word' id='word_1_292' title='bbox 1287 2176 1522 2231; x_wconf 88' lang='lat' dir='ltr'><strong>diligenter,</strong></span> <span class='ocrx_word' id='word_1_293' title='bbox 1541 2188 1575 2213; x_wconf 74' lang='lat'><strong>³5</strong></span> 
     </span>
     <span class='ocr_line' id='line_1_37' title="bbox 121 2234 1564 2290; baseline 0.001 -14"><span class='ocrx_word' id='word_1_294' title='bbox 121 2245 162 2276; x_wconf 78' lang='grc'><strong>26</strong></span> <span class='ocrx_word' id='word_1_295' title='bbox 190 2235 330 2276; x_wconf 86' lang='grc'>111111113</span> <span class='ocrx_word' id='word_1_296' title='bbox 360 2235 520 2289; x_wconf 89' lang='lat' dir='ltr'><strong>petitor</strong></span> <span class='ocrx_word' id='word_1_297' title='bbox 551 2249 637 2276; x_wconf 85' lang='lat' dir='ltr'><strong>esse</strong></span> <span class='ocrx_word' id='word_1_298' title='bbox 669 2235 846 2275; x_wconf 83' lang='lat' dir='ltr'><strong>videare.</strong></span> <span class='ocrx_word' id='word_1_299' title='bbox 909 2234 1002 2290; x_wconf 88' lang='lat' dir='ltr'><strong>Ego</strong></span> <span class='ocrx_word' id='word_1_300' title='bbox 1035 2238 1174 2276; x_wconf 89' lang='lat' dir='ltr'><strong>autem</strong></span> <span class='ocrx_word' id='word_1_301' title='bbox 1206 2235 1286 2275; x_wconf 89' lang='lat' dir='ltr'><strong>tibi</strong></span> <span class='ocrx_word' id='word_1_302' title='bbox 1317 2234 1397 2275; x_wconf 88' lang='lat' dir='ltr'><strong>hoc</strong></span> <span class='ocrx_word' id='word_1_303' title='bbox 1428 2248 1523 2276; x_wconf 90' lang='grc'>6011-</span> <span class='ocrx_word' id='word_1_304' title='bbox 1562 2276 1564 2278; x_wconf 83' lang='grc'>,</span> 
     </span>
     <span class='ocr_line' id='line_1_38' title="bbox 188 2292 1523 2348; baseline -0.001 -14"><span class='ocrx_word' id='word_1_305' title='bbox 188 2294 329 2348; x_wconf 80' lang='lat' dir='ltr'><strong>firmo,</strong></span> <span class='ocrx_word' id='word_1_306' title='bbox 361 2307 448 2334; x_wconf 88' lang='lat' dir='ltr'><strong>esse</strong></span> <span class='ocrx_word' id='word_1_307' title='bbox 480 2294 707 2348; x_wconf 89' lang='lat' dir='ltr'><strong>neminem,</strong></span> <span class='ocrx_word' id='word_1_308' title='bbox 738 2293 818 2333; x_wconf 88' lang='lat' dir='ltr'><strong>nisi</strong></span> <span class='ocrx_word' id='word_1_309' title='bbox 852 2292 993 2347; x_wconf 85' lang='lat' dir='ltr'><strong>aliqua</strong></span> <span class='ocrx_word' id='word_1_310' title='bbox 1023 2293 1329 2334; x_wconf 84' lang='lat' dir='ltr'><strong>necessitudine</strong></span> <span class='ocrx_word' id='word_1_311' title='bbox 1360 2306 1523 2348; x_wconf 88' lang='lat' dir='ltr'><strong>compe-</strong></span> 
     </span>
    </p>
   </div>
   <div class='ocr_carea' id='block_1_3' title="bbox 1657 1372 1659 2335">
    <p class='ocr_par' dir='ltr' id='par_1_3' title="bbox 1657 1372 1659 2335">
     <span class='ocr_line' id='line_1_39' title="bbox 1657 1372 1659 2335; baseline 0 0"><span class='ocrx_word' id='word_1_312' title='bbox 1657 1372 1659 2335; x_wconf 95' lang='lat' dir='ltr'><strong> </strong></span> 
     </span>
    </p>
   </div>
  </div>
 </body>
</html>
