1659 2552
156 100 236 141 128
654 96 993 133 EPISTULARUM

152 197 311 250 movet,
350 197 423 236 aut
455 195 490 235 si
522 197 692 235 tuarum
725 208 866 234 rerum
906 192 1167 249 cogitatione
1198 206 1376 248 maeres,
1413 207 1500 235 non

153 254 274 295 facile
312 253 527 295 exhauriri
569 253 647 293 tibi
691 253 819 293 istum
860 252 1050 292 dolorem
1090 265 1214 305 posse
1255 251 1499 294 universum

153 316 275 367 put03
314 313 378 353 sin
416 312 489 353 illa
526 314 568 352 te
607 326 672 352 res
710 311 885 365 cruciat,
925 324 1030 364 quae
1067 309 1205 366 magis
1237 311 1394 352 amoris
1425 313 1500 366 est,

153 374 201 412 ut
232 386 394 425 eorum,
428 371 500 425 qui
533 370 793 424 occiderunt,
832 369 1024 410 miserias
1054 368 1218 424 lugeas,
1256 371 1304 410 ut
1335 383 1384 410 ea
1413 384 1500 411 non

153 430 307 484 dicam,
352 444 457 484 quae
496 428 737 482 saepissime
776 430 817 468 et
854 427 939 483 legi
979 430 1020 468 et
1052 427 1215 482 audivi,
1258 427 1367 468 nihil
1398 428 1500 470 mali
1538 439 1555 464 5

153 503 241 529 esse
275 489 318 529 in
349 491 497 542 morte,
529 502 580 528 ex
613 501 695 541 qua
726 487 760 527 si
792 486 973 526 resideat
1005 500 1168 540 sensus,
1200 486 1500 528 immortalitas

153 547 228 588 illa
266 547 409 601 potius
451 561 577 600 quam
615 560 729 586 mors
771 544 959 585 ducenda
999 544 1072 599 sit,
1113 545 1179 585 sin
1216 545 1272 586 sit
1309 545 1500 600 amissuS,

152 605 270 646 nulla
301 605 435 647 videri
477 604 646 645 miseria
684 603 850 658 debeat,
891 617 996 657 quae
1033 618 1119 644 non
1157 603 1381 659 sentiatur,
1418 603 1501 646 hoc

152 667 295 705 tamen
338 678 423 705 non
466 663 663 703 dubitans
705 663 955 703 confirmare
993 676 1188 717 possum,
1232 677 1281 704 ea
1319 663 1499 718 misceri,

153 723 305 777 parari,
332 722 572 776 impendere
593 722 653 762 rei
672 737 723 776 p.,
751 736 857 775 quae
878 721 950 775 qui
970 721 1202 775 reliquerit,
1227 721 1346 763 nullo
1372 722 1499 763 modo
1521 734 1554 759 10

152 781 259 822 mihi
298 782 467 835 quidem
506 781 704 834 deceptus
742 794 831 821 esse
868 780 1072 821 videatur.
1136 779 1247 829 Quid
1284 783 1347 821 est
1386 781 1500 822 enim

153 840 238 881 iam
269 854 354 881 non
385 839 511 880 modo
537 839 702 894 pudori,
734 838 953 893 probitati,
985 839 1148 893 virtuti,
1182 839 1307 880 rectis
1337 839 1500 895 studiis,

153 898 276 939 bonis
308 898 482 951 artibus,
514 897 586 938 sed
618 897 791 939 omnino
817 897 1006 939 libertati
1033 912 1080 938 ac
1106 897 1232 938 saluti
1258 898 1370 939 loci‘?
1400 897 1502 940 Non

153 957 390 998 mehercule
429 971 684 1011 quemquam
725 956 867 997 audivi
904 956 986 997 1100
1016 956 1269 1012 gravissimo
1302 959 1344 997 et
1373 957 1502 1011 pesti-

152 1016 387 1056 lentissimo
420 1030 529 1056 anno
562 1015 924 1056 adulescentulum
956 1018 1029 1056 aut
1058 1029 1238 1070 puerum
1269 1018 1498 1071 mortuum,
1519 1027 1553 1052 15

154 1074 225 1128 qui
264 1074 370 1114 mihi
408 1088 493 1115 non
526 1089 550 1114 a
581 1074 645 1114 dis
683 1074 997 1115 immortalibus
1035 1077 1204 1129 ereptus
1242 1088 1293 1115 ex
1324 1074 1392 1115 his
1422 1074 1499 1116 mi-

153 1133 273 1173 seriis
305 1135 431 1187 atque
463 1147 514 1174 ex
545 1133 812 1187 iniquissima
850 1133 1096 1174 condicione
1128 1133 1240 1174 vitae
1272 1133 1498 1174 videretur.

154 1190 308 1246 Quare,
347 1192 383 1232 si
420 1191 501 1232 tibi
538 1206 669 1232 unum
700 1191 782 1233 hoc
819 1191 984 1232 detrahi
1014 1194 1172 1247 potest,
1210 1206 1262 1233 ne
1301 1191 1404 1246 quid
1434 1192 1499 1247 iis,

154 1264 259 1304 quos
291 1250 453 1304 amasti,
484 1250 586 1291 mali
617 1253 740 1304 putes
772 1250 1011 1305 contigisse,
1043 1250 1303 1305 permultum
1335 1251 1417 1292 erit
1448 1265 1500 1292 ex

152 1322 342 1349 maerore
383 1311 458 1349 tuo
500 1308 774 1350 deminutum.
836 1308 1118 1363 Relinquetur
1161 1310 1274 1350 enim
1318 1308 1499 1364 simplex
1519 1321 1552 1346 20

153 1367 227 1408 illa
259 1367 342 1407 iam
374 1381 474 1407 cura
499 1367 658 1408 doloris
683 1368 758 1421 1111,
791 1382 897 1421 quae
922 1382 1008 1408 non
1035 1382 1130 1409 eum
1155 1368 1241 1408 illis
1267 1368 1499 1409 communi-

154 1425 336 1479 cabitur,
381 1425 453 1466 sed
496 1426 547 1466 ad
585 1428 625 1466 te
667 1426 805 1480 ipsum
847 1426 1017 1481 131¹·OPIie
1061 1427 1284 1482 1Ueferetu13
1328 1426 1373 1467 in
1417 1441 1499 1481 qua

153 1498 239 1524 non
272 1486 334 1524 est
366 1484 449 1524 iam
481 1485 704 1538 gravitatis
742 1487 783 1525 et
822 1485 1052 1539 sapientiae
1084 1487 1198 1539 tuae,
1238 1499 1364 1539 quam
1395 1487 1443 1526 tu
1475 1500 1499 1526 a

153 1556 285 1597 puero
316 1543 578 1597 praestitisti,
610 1544 718 1584 ferre
751 1543 1069 1584 immoderatius
1095 1557 1237 1584 casum
1269 1543 1499 1585 incommo-

155 1601 305 1642 dorum
337 1604 520 1656 tu01u,m
554 1602 625 1655 qui
659 1602 714 1642 sit
746 1602 798 1642 ab
832 1617 995 1656 eorum,
1028 1616 1133 1656 quos
1167 1602 1381 1657 dilexeris,
1421 1602 1498 1644 mi-
1519 1613 1552 1639 25

155 1660 262 1700 seria
302 1660 498 1714 maloque
540 1661 762 1701 seiunctus.
825 1660 996 1702 Etenim
1039 1676 1134 1701 eum
1176 1675 1340 1715 semper
1377 1664 1419 1702 te
1457 1663 1499 1702 et

154 1718 332 1772 privatis
373 1719 415 1758 in
457 1718 582 1760 rebus
620 1722 661 1759 et
699 1719 881 1773 publicis
918 1720 1189 1775 praestitisti,
1231 1719 1387 1760 tuenda
1417 1719 1499 1761 tibi

154 1779 200 1817 ut
233 1777 287 1817 sit
319 1777 504 1832 gravitas
531 1781 571 1818 et
598 1778 857 1819 constantiae
891 1778 1167 1819 serviendum.
1228 1777 1352 1833 Nam,
1385 1778 1499 1833 quod

154 1835 333 1876 allatura
365 1839 427 1876 est
459 1836 549 1890 ipsa
582 1836 849 1891 diuturnitas,
885 1852 990 1891 quae
1021 1838 1230 1878 maximos
1261 1837 1400 1878 luctus
1431 1851 1498 1877 ve-

153 1896 311 1934 tustate
350 1895 480 1948 tollit,
520 1895 562 1935 id
594 1909 671 1936 nos
708 1896 947 1950 praecipere
981 1896 1157 1937 consilio
1188 1895 1497 1950 prudentiaque
1517 1907 1551 1932 30

155 1952 365 1993 debemus.
416 1952 598 2008 Etenim,
626 1954 660 1994 si
685 1954 802 1995 nulla
827 1955 909 1995 fuit
935 1969 1135 2009 umquam
1160 1954 1307 1996 liberis
1333 1953 1498 1995 amissis

154 2014 240 2051 tim
279 2011 492 2052 imbecillo
530 2012 684 2053 mulier
715 2013 873 2068 animo,
916 2027 1022 2068 quae
1059 2028 1145 2055 non
1177 2012 1403 2067 aliquando
1436 2012 1497 2053 lu-

154 2070 279 2121 (rendi
312 2071 484 2111 modum
517 2071 675 2126 fecerit,
708 2075 818 2113 certe
844 2086 932 2127 nos,
966 2073 1079 2126 quod
1105 2074 1167 2113 est
1193 2071 1280 2112 dies
1306 2071 1497 2125 allatura,

155 2128 197 2167 id
236 2129 411 2170 consilio
451 2130 658 2171 anteferre
697 2130 897 2172 debemus
937 2145 1073 2185 neque
1114 2131 1356 2184 exspectare
1394 2132 1498 2171 10111-

154 2187 269 2250 poris
318 2188 590 2243 medicinam,
647 2203 773 2243 quam
822 2191 1135 2244 repraesentare
1191 2188 1353 2229 ratione
1403 2202 1497 2243 pos·
1517 2197 1550 2224 8⁵

157 2245 297 2285 simus.

244 2302 323 2343 His
361 2318 439 2360 ego
476 2305 631 2346 litteris
669 2307 703 2348 si
743 2307 844 2361 quid
875 2306 1164 2362 profecissem,
1202 2305 1498 2347 existimabam
