1659 2552
569 74 711 109 LIBER
736 74 822 109 XIII
849 77 998 110 52—55.
1379 75 1463 116 407

735 215 845 259 LIV.

231 297 305 333 Ser.
334 297 535 333 Laodiceae
556 302 639 342 post
663 310 696 333 α.
725 298 758 332 d.
785 297 860 331 III
877 298 934 332 Id.
963 297 1070 332 Febr.
1097 309 1130 332 a.
1158 299 1230 332 704
1255 299 1345 341 (50).

467 378 636 413 CICERO
664 378 866 413 THERMO
892 378 1061 414 PROPR.
1089 378 1123 415 S.

211 463 318 504 Cum
350 462 486 503 multa
509 462 616 503 mihi
648 465 770 518 grata
796 465 906 517 sunt,
938 477 1044 517 quae
1069 465 1116 504 tu
1142 462 1347 504 adductus
1373 477 1467 503 mea

86 536 102 561 5
122 522 487 563 commendatione
520 521 677 575 fecisti,
715 524 807 562 tum
840 522 883 562 in
916 522 1082 576 primis,
1124 522 1239 576 quod
1268 521 1325 562 M.
1357 521 1467 562 Mar—

122 582 278 635 cilium,
311 581 435 621 amici
461 583 586 634 atque
613 580 857 634 interpretis
882 581 965 621 mei
991 581 1140 635 filium,
1170 580 1466 621 liberalissime

121 639 375 693 tractavisti,
407 639 524 679 venit
550 639 661 679 enim
692 638 945 679 Laodiceam
971 641 1013 679 et
1037 639 1118 680 tibi
1150 639 1262 693 apud
1292 654 1359 680 me
1390 639 1467 680 mi-

120 699 250 752 hique
287 701 464 752 propter
494 700 536 738 te
567 697 726 753 gratias
757 698 964 738 maximas
996 698 1094 753 egit.
1157 697 1311 752 Quare,
1353 698 1467 752 quod

122 758 333 811 reliquum
367 759 440 809 est,
473 771 496 796 a
521 758 562 796 te
588 759 699 810 peto,
732 757 933 810 quoniam
960 756 1073 810 apud
1102 759 1247 812 gratos
1272 757 1466 798 homines

70 830 101 854 10
122 816 373 856 beneficium
406 815 546 869 ponis,
583 818 631 856 ut
671 828 720 856 eo
758 815 961 855 libentius
1001 815 1053 855 iis
1091 815 1331 856 commodes
1373 830 1467 870 ope-

122 889 294 928 ramque
328 874 416 926 des,
457 873 597 927 quoad
626 873 731 914 fides
762 877 835 914 tua
865 874 1068 928 patietur,
1109 877 1156 914 ut
1193 888 1337 915 socrus
1368 874 1466 915 adu—

120 933 316 974 lescentis
354 947 424 972 rea
462 946 513 972 ne
551 932 636 972 fiat.
704 931 799 988 Ego
838 946 933 973 cum
972 935 1095 973 antea
1132 933 1319 973 studiose
1357 947 1467 974 com-

121 991 373 1032 mendabam
398 990 638 1031 Marcilium
663 993 755 1031 tum
781 991 916 1032 multo
942 1006 1055 1031 nunc
1081 991 1321 1045 studiosius,
1353 991 1467 1045 quod

121 1051 165 1091 in
197 1050 325 1106 longa
357 1049 621 1102 apparitione
654 1049 912 1104 singularem
939 1052 980 1090 et
1010 1064 1143 1104 prope
1174 1050 1467 1091 incredibilem

69 1122 102 1147 15
121 1110 254 1163 patris
291 1108 458 1149 Marcili
498 1108 645 1163 fidem,
687 1109 987 1162 apstinentiam
1027 1109 1361 1163 modestiamque
1402 1123 1467 1149 co-

123 1182 264 1223 gnovr

750 1271 838 1313 LV.

398 1351 487 1395 Ser„
513 1356 554 1387 ut
578 1352 732 1395 videtur,
754 1353 870 1396 paulo
895 1357 979 1387 ante
1003 1364 1055 1397 ep.
1082 1352 1195 1387 LIII.

469 1433 638 1468 CICERO
665 1433 866 1468 THERMO
892 1433 1061 1468 PROPR.
1091 1434 1125 1469 S.

70 1532 103 1557 ρο
211 1517 306 1558 Etsi
345 1517 451 1558 mihi
490 1517 636 1558 videor
677 1517 956 1571 intellexisse,
998 1532 1093 1558 cum
1130 1520 1271 1558 tecum
1308 1517 1467 1571 Ephesi

125 1576 175 1616 de
215 1590 258 1616 re
296 1575 351 1616 M.
383 1575 541 1629 Annei,
581 1576 712 1631 legati
752 1576 853 1630 mei,
893 1576 1061 1617 locutus
1102 1591 1212 1629 sum,
1254 1579 1295 1617 te
1336 1576 1469 1630 ipsius

125 1648 249 1674 causa
285 1634 557 1674 vehementer
589 1635 730 1674 omnia
761 1635 889 1688 velle,
920 1637 1063 1675 tamen
1095 1638 1137 1675 et
1166 1634 1222 1675 M.
1255 1634 1469 1675 Anneium

125 1693 233 1733 tant-i
277 1692 407 1746 facio,
457 1695 504 1732 ut
546 1692 653 1732 mihi
695 1692 805 1732 nihil
846 1695 992 1746 putem
1034 1693 1470 1746 praetermittendum,

127 1750 240 1805 quod
272 1750 387 1790 illius
419 1750 599 1803 intersit,
631 1753 672 1790 et
697 1764 763 1790 me
791 1765 814 1790 a
839 1753 880 1790 te
906 1751 1015 1790 tanti
1040 1751 1133 1791 fieri
1163 1754 1280 1804 puto,
1312 1754 1360 1791 ut
1385 1765 1470 1791 non

72 1823 105 1847 25
128 1809 336 1862 dubitem,
376 1808 479 1861 quin
517 1808 568 1848 ad
605 1811 722 1848 tuam
760 1808 1023 1848 voluntatem
1059 1824 1239 1864 magnus
1277 1809 1470 1849 cumulus

126 1867 295 1908 accedat
321 1866 700 1907 commendat-ionis
725 1881 852 1906 meae.
913 1865 1043 1920 Nam,
1076 1881 1170 1907 cum
1202 1867 1286 1907 iam
1313 1867 1384 1907 diu
1412 1867 1470 1907 dj-

124 1927 302 1982 ligerem
334 1924 390 1965 M.
416 1924 631 1965 Anneium
664 1924 796 1978 deque
829 1939 877 1965 eo
910 1925 970 1965 sic
1001 1925 1299 1979 existimarem,
1330 1928 1378 1965 ut
1403 1940 1470 1966 res

127 1985 323 2037 declarat,
356 1983 427 2037 qui
455 1983 567 2023 ultro
594 1983 632 2023 ei
660 1982 882 2023 detulerim
908 1983 1176 2038 legationem,
1203 1998 1298 2024 cum
1323 1983 1470 2024 multis

125 2042 369 2097 petentibus
408 2042 696 2096 denegassem,
728 2043 819 2081 tum
850 2055 968 2096 vero,
999 2044 1274 2096 posteaquam
1305 2055 1470 2082 mecum

73 2114 107 2139 30
127 2102 171 2142 in
202 2101 315 2142 bello
349 2103 474 2153 atque
506 2100 550 2139 in
582 2114 626 2139 re
658 2099 833 2139 militari
865 2099 958 2153 fuit,
990 2102 1151 2140 tantam
1183 2101 1228 2140 in
1260 2114 1308 2140 eo
1340 2100 1471 2140 virtu—

127 2163 225 2213 tem,
256 2159 537 2214 prudentiam,
570 2158 696 2198 fidem
727 2160 973 2211 tantamque
1001 2173 1100 2214 erga
1131 2173 1198 2199 me
1229 2158 1472 2199 benivolen—

128 2218 232 2259 tiam
276 2217 477 2273 cognovi,
526 2218 574 2256 ut
616 2216 833 2256 hominem
875 2216 1088 2257 neminem
1130 2217 1264 2271 pluris
1307 2217 1470 2258 faciam.

128 2276 240 2317 Eum
267 2290 362 2317 cum
383 2274 598 2316 Sardianis
624 2274 780 2315 habere
801 2275 1132 2316 controversiam
1157 2275 1248 2316 sois.
1292 2273 1471 2317 Causam
