1659 2552
69 626 110 656 10

71 1271 111 1301 11

73 1680 113 1710 12

137 109 157 148 1
165 108 220 149 50
634 105 974 140 EPISTULARUM

136 218 217 245 sus.
277 202 500 244 Postremo
549 201 678 243 homo
729 201 849 242 valde
899 202 962 241 est
1011 202 1160 241 acutus
1209 201 1252 241 et
1298 199 1483 241 multum

136 261 380 317 providens3
418 260 630 316 intellegit
662 263 720 314 te,
752 259 969 301 hominem
1000 259 1046 299 in
1076 260 1197 312 parte
1227 256 1376 300 Italiae
1407 258 1484 300 mi-

136 321 249 362 nime
288 320 594 362 contemnenda
631 319 752 359 facile
791 318 982 359 omnium
1019 317 1334 358 nobilissimum
1366 319 1408 358 et
1439 317 1484 358 in

137 380 351 420 communi
389 393 432 419 re
470 394 508 433 p
543 378 674 418 cuivis
712 391 975 418 summorum
1013 378 1110 417 tuae
1143 376 1293 417 aetatis
1324 375 1392 417 vel
1422 375 1485 417 in-

136 438 261 494 ‹renio
294 437 361 479 vel
391 437 530 493 glatia
561 437 627 477 vel
659 437 770 476 fama
800 435 948 490 populi
980 434 1030 475 R.
1061 449 1218 489 parem,
1249 449 1335 476 non
1361 448 1484 490 posse
1522 446 1539 472 5

136 497 354 551 prohibeii
387 511 430 537 re
462 495 633 550 publiea
665 495 834 535 diutius.
896 493 1027 535 Nolet
1062 493 1145 535 1100
1175 493 1381 548 tempoiis
1411 507 1485 548 po-

136 556 221 596 tius
253 570 341 596 esse
374 554 600 608 aliquando
640 554 892 594 beneficium
925 567 1052 607 quam
1084 552 1169 593 iam
1201 567 1336 594 suum.

225 614 328 655 Dixi
360 613 408 654 de
443 613 634 667 Caesare,
666 626 778 653 1111110
809 612 945 652 dicam
979 611 1028 652 de
1059 613 1301 666 temporum
1326 625 1485 653 rerum-

139 687 219 727 que
250 676 411 713 natura.
473 671 610 712 Nemo
643 674 706 711 est
737 673 824 711 tam
856 670 1054 711 inimicus
1086 670 1124 711 ei
1156 684 1324 725 causae,
1357 684 1484 725 quam

137 731 365 785 Pompeius
406 730 617 771 animatus
657 729 809 770 melius
851 744 978 784 quam
1018 731 1192 783 paratus
1233 731 1484 784 susceperat,
1505 741 1539 767 10

139 790 212 844 qui
243 805 320 831 nos
351 789 485 830 malos
527 788 630 830 civis
663 788 801 829 dicere
833 791 906 829 aut
936 787 1131 829 homines
1163 787 1383 843 improbos
1416 802 1486 829 au-

140 850 246 890 deat.
307 847 356 889 In
395 862 478 902 quo
517 847 717 888 admirari
756 847 872 888 soleo
910 847 1166 903 gravitatem
1198 850 1240 888 et
1276 846 1486 888 iustitiam

140 910 181 948 et
224 907 474 961 sapientiam
520 905 720 947 Caesaris.
790 905 1037 960 Numquam
1080 906 1162 946 nisi
1205 905 1486 947 honorificen-

138 966 299 1006 tissime
324 965 577 1019 Pompeium
603 964 798 1019 appellat.
859 963 919 1006 At
950 965 994 1006 in
1026 964 1116 1006 eius
1146 979 1327 1019 persona
1350 965 1486 1006 multa

139 1025 238 1065 feeit
277 1024 475 1078 asperius.
536 1022 769 1065 Armorum
801 1023 884 1064 ista
921 1026 962 1064 et
999 1023 1201 1065 victoriae
1233 1026 1331 1065 sunt
1363 1024 1486 1077 faeta,
1506 1035 1540 1060 15

138 1097 224 1124 non
257 1082 462 1138 Caesaris,
496 1085 539 1123 at
569 1097 647 1123 nos
679 1097 804 1136 quem
836 1082 889 1123 ad
919 1082 1094 1123 modum
1126 1085 1189 1123 est
1220 1082 1485 1137 complexus!

141 1140 333 1182 Cassium
365 1142 447 1182 sibi
478 1141 655 1198 legavit,
687 1141 869 1182 Brutum
903 1140 1065 1182 Galliae
1095 1142 1316 1196 praefecit,
1349 1140 1487 1196 Sulpi-

140 1201 251 1241 eium
294 1199 512 1254 Graeciae,
519 1175 825 1254 ‘’Marcellum,
870 1200 936 1241 0111
977 1200 1161 1241 maxime
1206 1200 1487 1253 suscensebat,

140 1273 235 1300 eum
267 1273 432 1300 summa
464 1234 578 1300 illius
612 1259 819 1314 dignitate
846 1259 1044 1300 restituit.
1101 1258 1194 1308 Quo
1226 1259 1360 1314 igitur
1383 1258 1488 1300 haee

138 1318 359 1372 spectant?
414 1317 573 1358 Rerum
617 1318 698 1358 1100
741 1320 893 1358 natura
933 1320 974 1358 et
1014 1317 1204 1358 civilium
1244 1320 1486 1372 temporum
1507 1327 1540 1352 20

139 1391 225 1418 non
256 1376 454 1431 patietur,
485 1390 563 1417 1100
593 1391 768 1417 manens
798 1390 876 1417 1100
906 1378 1071 1416 mutata
1102 1376 1211 1417 ratio
1247 1377 1371 1430 feret,
1401 1376 1486 1430 pri-

139 1449 257 1476 mum
297 1437 345 1476 ut
381 1449 467 1475 non
504 1435 548 1475 in
586 1449 711 1475 causa
746 1434 840 1489 pari
878 1434 1022 1476 eadem
1060 1435 1116 1475 sit
1146 1437 1188 1476 et
1221 1435 1412 1476 condicio
1445 1437 1487 1475 et

139 1494 311 1534 fortuna
342 1493 544 1547 omnium,
577 1493 725 1534 deinde
757 1496 804 1534 ut
836 1493 879 1534 in
911 1507 1003 1534 eam
1029 1493 1245 1534 civitatem
1276 1493 1379 1534 boni
1405 1493 1486 1534 viri

141 1555 182 1593 et
208 1552 309 1593 boni
330 1552 441 1593 cives
466 1552 583 1592 nulla
608 1552 845 1608 ignominia
869 1552 1006 1593 notati
1031 1566 1118 1593 non
1138 1555 1416 1607 revertantur,
1442 1552 1487 1592 in

141 1625 267 1665 quam
293 1613 359 1651 tot
384 1611 644 1651 nefariorum
676 1611 879 1651 scelerum
907 1610 1175 1652 condemnati
1207 1613 1484 1652 reverterunt.
1505 1620 1540 1646 25

228 1669 371 1710 Habes
403 1669 628 1725 augurium
659 1684 818 1724 meum3
851 1684 946 1724 quo,
979 1670 1014 1710 si
1046 1670 1150 1724 quid
1180 1669 1486 1724 addubitarem,

139 1742 225 1768 non
262 1728 404 1782 potius
443 1731 583 1769 uterer
621 1743 747 1782 quam
784 1728 859 1769 illa
896 1728 1202 1783 consolatione,
1244 1743 1327 1783 qua
1363 1728 1486 1769 facile

141 1788 295 1827 fortem
338 1787 477 1828 virum
521 1789 821 1841 sustentarem,
865 1789 928 1842 te,
972 1787 1008 1828 si
1049 1787 1268 1842 explorata
1307 1787 1487 1829 victoria

141 1860 258 1886 arma
298 1846 547 1900 sumpsisses
589 1859 667 1899 pro
705 1860 749 1887 re
786 1861 825 1900 p.
865 1844 943 1901 (ita
985 1846 1097 1887 enim
1140 1849 1233 1887 tum
1272 1844 1485 1901 putabas),

140 1918 226 1945 non
257 1904 384 1944 nimis
416 1919 504 1945 esse
536 1904 805 1959 laudandum,
838 1905 902 1945 sin
930 1908 1106 1959 propter
1131 1905 1314 1947 incertos
1346 1904 1485 1946 exitus
1505 1914 1539 1940 30

142 1965 398 2017 eventusque
442 1963 653 2004 bellorum
702 1977 824 2017 posse
868 1964 1076 2018 accidere,
1120 1967 1167 2005 ut
1210 1964 1486 2017 vinceremur,

140 2024 349 2076 putasses,
387 2036 472 2062 non
512 2022 662 2063 debere
700 2025 742 2063 te
780 2022 832 2063 ad
869 2023 1094 2064 secundam
1131 2023 1348 2064 fortunam
1379 2022 1486 2063 bene

141 2083 335 2133 paratum
367 2080 508 2135 fuisse,
540 2081 758 2122 adversam
789 2082 898 2122 ferre
924 2082 1042 2123 nullo
1068 2081 1195 2123 modo
1220 2094 1353 2136 posse.
1391 2079 1486 2122 Dis-

141 2141 334 2191 putarem
361 2140 500 2194 etiam,
528 2143 686 2193 quanto
712 2140 868 2181 solacio
894 2141 975 2181 tibi
1002 2140 1258 2181 conscientia
1282 2139 1347 2180 tui
1371 2139 1485 2194 facti,

143 2200 322 2249 quantae
356 2197 624 2239 delectationi
656 2199 700 2239 in
733 2199 858 2240 rebus
890 2199 1076 2240 adversis
1106 2199 1272 2240 litterae
1304 2212 1392 2239 esse
1419 2198 1486 2239 de·
1505 2208 1539 2234 ³⁵

143 2254 307 2309 berent3
334 2270 707 2298 commemorarem
733 2272 818 2298 non
844 2257 982 2299 solum
1007 2260 1209 2311 veterum,
1236 2257 1308 2298 sed
1331 2256 1486 2298 horum

145 2312 270 2353 etiam
304 2315 535 2356 recentium
566 2316 633 2357 vel
666 2316 819 2357 ducum
850 2316 917 2358 vel
950 2317 1153 2358 comitum
1183 2319 1356 2357 tuorum
1394 2330 1487 2371 gra-
