1659 2552
608 103 751 138 LIBER
776 103 826 138 IV
854 107 1001 138 11—13.
1426 105 1481 146 99

136 201 422 254 pepercerant,
448 199 645 240 inventus
665 202 727 240 est
747 199 917 253 amicus,
944 200 1015 254 qui
1037 199 1074 240 ei
1093 202 1275 241 mortem
1299 202 1481 242 offerret.

137 257 232 313 Ego
264 260 406 299 tamen
438 258 491 298 ad
521 258 840 299 tabernaculum
866 258 955 299 eius
979 259 1158 313 perrexi.
1201 258 1349 300 Inveni
1377 260 1481 301 duos
1507 273 1527 303 3

136 316 314 357 libertos
346 319 387 358 et
417 317 619 371 pauculos
645 331 804 372 servos3
837 317 1021 371 reliquos
1048 317 1217 358 aiebant
1241 319 1480 374 profugisse

137 378 254 416 metu
286 375 553 430 perterritos,
595 376 709 430 quod
749 376 943 417 dominus
981 390 1128 417 eorum
1160 378 1256 418 ante
1287 377 1480 418 taberna-

102 444 118 469 5
140 434 280 474 011111111
319 434 566 475 interfectus
604 437 722 475 esset.
792 434 971 476 Coactus
1009 449 1102 476 sum
1140 435 1184 476 in
1221 436 1366 477 eadem
1407 436 1481 477 illa

137 493 302 547 lectica,
345 507 427 547 qua
463 493 552 547 ipse
591 493 753 534 delatus
785 508 918 548 eram,
959 494 1148 548 meisque
1178 494 1404 535 lecticariis
1436 495 1480 535 in

138 551 287 592 urbem
313 566 408 592 eum
440 552 596 593 referre
633 552 778 606 ibique
809 567 886 606 pro
918 567 966 594 ea
997 553 1129 607 copia,
1161 568 1267 607 quae
1297 553 1480 595 Athenis

138 613 247 664 erat,
288 611 414 651 funus
456 610 494 651 ei
534 610 636 651 satis
676 611 864 665 amplum
905 611 1143 652 faciendum
1184 612 1338 653 curavi.
1408 611 1478 653 Ab

137 667 489 723 Atheniensibus,
529 669 670 710 locum
713 670 953 724 sepulturae
990 670 1103 711 intra
1139 671 1289 712 urbem
1326 673 1373 711 ut
1412 671 1479 711 da-

84 738 118 763 10
138 731 248 782 rent,
280 728 507 782 impetrare
537 742 624 768 non
654 729 792 783 potui,
825 729 939 783 quod
969 729 1174 785 religione
1205 744 1249 770 se
1280 729 1478 784 impediri

139 786 342 841 dicerent,
378 801 514 841 neque
545 789 687 827 tamen
719 787 762 827 id
794 786 916 828 ante'a
948 787 1144 842 cuiquam
1176 791 1477 830 concesserant.

139 844 261 894 Quod
291 845 534 900 proximum
566 846 665 899 fuit,
704 846 784 900 uti,
817 846 861 886 in
893 860 977 900 quo
1010 847 1213 888 vellemus
1244 847 1478 903 gymnasio,

139 918 235 945 eum
266 904 555 958 sepeliremus,
592 904 716 945 nobis
753 905 1047 959 permiserunt.
1107 905 1198 947 Nos
1230 906 1274 946 in
1304 906 1479 947 nobilis-

138 963 245 1004 simo
284 963 378 1004 orbi
415 965 624 1004 terrarum
662 964 884 1019 gymnasio
915 963 1168 1005 Academiae
1198 965 1339 1006 locum
1372 964 1479 1006 dele—

86 1030 119 1056 15
137 1022 277 1077 gimus
315 1022 459 1076 ibique
500 1036 596 1063 eum
637 1022 929 1063 conbussimus
967 1025 1196 1077 posteaque
1229 1023 1479 1077 curavimus,

138 1083 185 1122 ut
217 1081 352 1122 eidem
382 1080 663 1122 Athenienses
701 1081 745 1121 in
777 1081 924 1122 eodem
960 1082 1054 1122 loco
1086 1084 1409 1123 monumentum
1441 1082 1480 1122 ei

137 1154 422 1181 marmoreum
447 1139 686 1180 faciendum
711 1140 910 1181 locarent.
966 1139 1042 1195 Ita,
1075 1155 1181 1194 quae
1212 1143 1357 1181 nostra
1389 1141 1480 1181 offi-

139 1199 202 1239 cia
232 1199 403 1239 fuerunt
434 1213 512 1253 pro
545 1198 724 1254 collegio
757 1201 798 1239 et
829 1213 907 1253 pro
938 1199 1276 1254 propinquitate,
1309 1202 1350 1240 et
1381 1199 1480 1240 vivo

140 1260 181 1298 et
211 1259 381 1298 mortuo
415 1257 556 1298 omnia
582 1257 619 1298 ei
645 1257 946 1311 praestitimus.
990 1257 1107 1299 Vale.
1152 1258 1202 1299 D.
1228 1274 1289 1312 pr.
1311 1258 1361 1298 K.
1387 1257 1478 1298 Iun.

87 1323 120 1348 20
138 1316 330 1357 Athenis.

753 1443 868 1486 XJH.

420 1536 494 1571 Ser.
523 1537 658 1571 Romae
684 1537 792 1571 imm.
821 1536 915 1571 Seaet.
943 1549 976 1571 a.
1005 1540 1078 1572 708
1107 1539 1197 1581 (46).

477 1629 527 1664 M.
554 1628 722 1664 CICERO
754 1629 787 1665 S.
814 1629 856 1664 D.
883 1630 922 1664 P.
952 1629 1138 1666 FIGULO.

230 1724 456 1774 Quaerenti
473 1725 581 1765 mihi
600 1725 684 1765 iam
705 1725 788 1780 diu,
814 1725 917 1779 quid
942 1726 995 1766 ad
1019 1728 1062 1767 te
1086 1726 1356 1781 potissimum
1382 1727 1480 1768 scri-
1508 1740 1524 1769 1

91 1800 123 1825 25
143 1785 303 1837 berem,
340 1797 426 1824 non
461 1783 587 1824 modo
626 1786 739 1824 certa
769 1798 834 1824 res
871 1784 1008 1839 nulla,
1046 1785 1118 1826 sed
1148 1799 1201 1826 ne
1232 1800 1365 1841 genus
1391 1786 1480 1839 qui-

143 1843 236 1884 dem
266 1842 506 1883 litterarum
542 1841 745 1882 usitatum
775 1842 971 1883 veniebat
1002 1843 1046 1883 in
1082 1846 1278 1884 mentem.
1339 1843 1480 1885 Unam

142 1902 255 1943 enim
279 1903 443 1955 partem
469 1902 510 1940 et
536 1900 881 1940 consuetudinem
907 1915 1051 1942 earum
1077 1902 1363 1956 epistolarum,
1391 1903 1480 1956 qui-

142 1961 220 2002 bus
260 1959 452 2000 secundis
492 1957 617 1998 rebus
654 1958 718 1998 uti
754 1958 1012 2013 solebamus,
1052 1962 1218 2013 tempus
1256 1960 1480 2015 eripuerat,

142 2019 456 2074 perfeceratque
499 2016 687 2070 fortuna,
730 2030 782 2057 ne
823 2016 925 2070 quid
967 2017 1050 2058 tale
1091 2018 1273 2059 scribere
1312 2033 1479 2072 possem

90 2092 123 2117 30
143 2080 215 2119 aut
256 2076 427 2118 omnino
472 2075 668 2131 cogitare.
730 2074 1066 2128 Relinquebatur
1104 2076 1226 2117 triste
1267 2077 1478 2130 quoddam

143 2139 184 2177 et
225 2136 427 2176 miserum
470 2137 511 2175 et
559 2133 625 2174 his
667 2133 930 2187 temporibus
973 2137 1297 2175 consentaneum
1345 2150 1478 2191 genus

141 2195 391 2236 litterarum.
452 2191 501 2233 Id
533 2206 699 2246 quoque
732 2192 952 2232 deficiebat
981 2207 1066 2246 me,
1106 2193 1150 2233 in
1183 2207 1265 2247 quo
1299 2193 1479 2235 debebat

144 2267 231 2295 esse
268 2254 340 2293 aut
376 2251 600 2306 promissio
638 2250 785 2290 auxilii
824 2250 999 2291 alicuius
1040 2254 1112 2292 aut
1144 2251 1376 2293 consolatio
1408 2253 1478 2294 do-

143 2311 245 2353 loris
282 2310 356 2351 tui.
419 2309 540 2359 Quod
576 2309 814 2363 pollicerer,
851 2323 935 2350 non
973 2312 1082 2365 erat,
1122 2310 1211 2364 ipse
1243 2311 1354 2352 enim
1384 2312 1477 2366 pari

1198 2379 1242 2397 Η*

1203 2392 1211 2413 Α
