1659 2552
566 34 708 68 LIBER
733 34 817 68 XIV
843 37 969 69 6-11,
1364 34 1450 76 433

107 129 350 171 nuntiatum
377 132 438 171 est
469 133 511 171 te
543 130 586 170 in
618 129 772 170 febrim
804 129 945 170 subito
977 129 1184 170 incidisse.
1236 128 1359 178 Quod
1390 144 1451 171 ce—

106 188 253 229 leriter
283 203 350 230 me
383 188 520 230 fecisti
554 188 602 229 de
636 187 824 229 Caesaris
854 188 1010 229 litteris
1043 189 1278 242 certiorem,
1311 189 1450 230 fecisti

106 247 213 287 mihi
245 250 425 303 gratum.
475 246 583 288 Item
609 247 796 301 posthac,
829 247 864 288 si
891 247 993 301 quid
1025 261 1128 301 opus
1162 246 1274 301 eriffl
1287 248 1321 287 si
1349 248 1451 301 quid

108 305 307 347 acciderit
332 306 443 359 novi,
476 306 614 359 facies,
646 308 694 346 ut
719 306 858 346 sciam.
911 304 1032 361 Cura,
1065 308 1112 346 ut
1144 306 1294 347 valeas.
1332 305 1450 347 Vale.

0 372 1 377 ’
72 375 86 399 5
106 363 156 404 D.
189 376 257 405 1111
287 364 397 406 Non.
430 363 520 406 Iun.

738 468 810 510 IX.

286 550 359 585 Sor.
386 550 569 585 Brundisi
596 562 629 584 a.
658 552 731 584 706
758 552 836 594 (43)
865 562 897 584 α.
925 550 959 585 d.
987 550 1092 584 XVI
1112 550 1159 585 K.
1186 550 1270 584 Ian.

389 631 587 666 TULLIUS
613 631 903 665 TERENTIAE'
918 632 1038 666 SUAE
1066 632 1099 668 S.
1125 632 1165 668 P.

196 713 265 756 Ad
298 718 455 756 ceteras
485 730 599 756 meas
630 715 821 756 miserias
853 717 1026 756 accessit
1059 716 1179 758 dolor
1211 720 1252 758 et
1285 717 1334 758 de
1365 717 1450 758 Do—

55 787 88 810 10
107 773 286 814 labellae
324 774 564 814 valetudine
603 777 644 815 et
682 774 731 814 de
769 773 943 815 Tulliae.
1006 773 1189 816 Omnino
1229 775 1278 817 de
1317 777 1449 817 omni-

107 832 186 872 bus
224 832 349 873 rebus
388 847 463 873 nec
501 833 604 886 quid
641 832 806 874 consilii
845 833 1007 887 capiam
1037 848 1114 874 nec
1153 835 1255 888 quid
1285 835 1448 890 faciam,

106 890 203 931 scio.
275 890 339 931 Tu
379 891 507 932 velim
548 894 665 932 tuam
706 894 747 932 et
787 891 951 933 Tulliae
992 892 1277 934 valetudinem
1318 908 1447 935 cures.

104 948 222 990 Vale.

749 1054 798 1096 X.

52 1148 84 1173 15
317 1134 390 1169 Ser.
417 1135 599 1170 Brundisi
630 1136 711 1170 VH
732 1136 790 1170 Id.
821 1135 962 1181 Qm'nct.
989 1148 1021 1170 a.
1050 1138 1123 1170 707
1145 1139 1233 1181 (47).

383 1216 581 1251 TULLIUS
609 1217 642 1251 S.
667 1216 710 1251 D.
739 1217 1012 1251 TERENTIAE
1041 1217 1172 1252 SUAE.

194 1299 304 1348 Quid
341 1300 432 1341 fieri
469 1301 670 1354 placeret,
709 1301 858 1354 scripsi
896 1301 948 1341 ad
978 1300 1263 1355 Pomponium
1300 1302 1444 1357 serius,

105 1373 231 1412 quam
259 1359 459 1412 oportuit.
512 1358 618 1400 Cum
645 1373 693 1399 eo
720 1359 755 1400 si
786 1359 927 1400 locuta
954 1359 1046 1414 eris,
1079 1360 1310 1416 intelleges,
1343 1362 1447 1415 quid

104 1417 196 1457 fieri
229 1417 375 1472 velim,
407 1418 592 1472 apertius
625 1418 770 1471 scribi,
803 1418 1003 1472 quoniam
1035 1418 1088 1458 ad
1118 1418 1240 1459 fflum
1273 1420 1445 1473 scripse·

53 1487 85 1512 20
105 1490 212 1529 ram,
249 1490 415 1516 necesse
452 1490 538 1517 non
578 1476 671 1516 fuit.
732 1476 796 1517 De
828 1491 876 1517 ea
906 1491 951 1517 re
983 1478 1024 1517 et
1057 1476 1106 1517 de
1138 1477 1287 1518 ceteris
1319 1478 1445 1519 rebus

106 1548 232 1586 quam
257 1535 442 1587 primum
461 1535 589 1576 velim
614 1534 737 1575 nobis
762 1535 925 1576 litteras
950 1535 1106 1575 mittas.
1144 1534 1445 1578 Valetudinem

105 1594 223 1632 tuam
255 1606 353 1632 cura
385 1593 619 1648 diligenter.
670 1592 786 1634 Vale.
836 1605 901 1634 VII
930 1592 1031 1634 Idus
1063 1593 1284 1642 Quintiles.

735 1743 807 1784 XI.

293 1823 366 1857 Ser.
393 1823 576 1857 Brundisi
609 1823 735 1857 XVII
756 1824 803 1858 K.
835 1824 975 1868 Quinc&⁷
1002 1836 1035 1858 a.
1064 1826 1137 1858 707
1163 1826 1254 1867 (47).

382 1903 580 1938 TULLIUS
607 1904 640 1938 S.
666 1904 708 1939 D.
736 1904 1010 1938 TERENTIAE
1038 1905 1170 1939 SUAE.

196 1998 235 2041 S.
268 2015 304 2040 v.
336 1999 374 2040 b.
409 2014 440 2040 e.
472 2014 508 2039 v.
571 1998 709 2039 Tullia
746 2003 889 2040 nostra
921 2001 1037 2040 venit
1069 2001 1121 2040 ad
1151 2015 1217 2041 me
1248 2016 1309 2055 pr.
1341 2000 1442 2042 Idus

103 2056 194 2099 Iun.
268 2057 397 2099 Cuius
441 2072 604 2098 summa
645 2058 802 2098 Virtute
847 2061 888 2098 et
931 2059 1136 2113 singulari
1179 2059 1442 2101 humanitate

103 2117 297 2172 graviore
324 2116 451 2157 etiam
483 2130 575 2156 sum
602 2115 745 2156 dolore
777 2117 964 2157 adfectus
995 2120 1139 2157 nostra
1171 2118 1329 2159 factum
1355 2133 1443 2159 esse

102 2175 382 2230 neglegentia,
415 2177 460 2215 ut
492 2174 617 2229 longe
650 2174 731 2214 alia
762 2175 804 2214 in
837 2175 1007 2215 fortuna
1040 2178 1164 2229 esset,
1196 2178 1322 2230 atque
1354 2177 1442 2218 eius

50 2244 84 2270 30
102 2233 236 2287 pietas
277 2248 324 2274 ac
365 2233 548 2288 dignitas
587 2233 840 2286 postulabat.
910 2232 1047 2274 Nobis
1088 2236 1176 2274 erat
1216 2235 1260 2274 in
1301 2235 1441 2277 animo

175 2307 327 2334 Ciceronis
349 2309 433 2339 epist.
460 2309 483 2333 Ι.
1185 2305 1227 2336 28
