1659 2552
58 900 90 924 10

64 1776 96 1801 25

65 2069 98 2093 30

593 84 736 118 LIBER
760 84 844 118 VIII
870 88 902 128 4,
929 87 961 119 5.
1367 84 1451 125 207

110 181 212 221 item
246 179 296 221 de
326 179 564 235 pantheris,
603 182 651 221 ut
684 179 907 221 Ciburatas
939 193 1124 221 accersas
1156 193 1374 234 curesque,
1406 182 1455 220 ut

108 239 168 280 mi
199 238 426 292 vehantur,
463 241 681 293 praeterea
719 237 960 293 (nuntiatur
997 240 1106 280 enim
1141 238 1266 279 nobis
1298 241 1339 279 et
1375 252 1453 292 pro

110 300 224 339 certo
244 297 329 338 iam
355 297 538 338 habetur
558 312 701 353 regem
720 297 1056 338 Alexandrinum
1075 295 1325 352 mortuum),
1352 297 1455 350 quid

109 356 215 397 mihi
248 356 434 409 suadeaS,
467 371 550 410 quo
582 356 709 397 modo
741 371 919 411 regnum
951 356 1057 397 illud
1088 370 1130 396 se
1161 355 1328 410 habeat,
1361 355 1456 409 quis

110 418 321 470 procuret,
355 415 581 470 diligenter
612 415 719 456 mihi
749 415 996 469 perscribas.
1045 414 1096 456 K.
1129 413 1242 455 Sext.

754 566 805 607 V.

366 649 439 685 Ser.
466 649 602 683 Romae
627 652 710 682 ante
735 648 791 681 Id.
819 648 913 682 Sext.
939 659 973 681 a.
1001 649 1072 682 703
1100 649 1189 691 (51).

531 728 728 763 CAELIUS
756 727 979 763 CICERONI
1007 728 1041 764 S.

201 825 291 875 Qua
328 828 376 867 tu
414 839 513 866 cura
544 825 618 878 sis,
660 824 773 878 quod
810 824 863 864 ad
898 831 1044 878 pacem
1081 824 1324 878 provinciae
1356 826 1453 865 tuae

111 885 474 938 finitimarumque
512 883 735 938 regionum
773 883 942 936 attinet,
974 883 1133 937 nescio,
1172 897 1250 939 ego
1283 883 1454 937 quidem

110 943 382 985 vehementer
407 942 537 983 animi
562 941 735 995 pendeo.
776 940 900 995 Nam,
932 941 968 981 si
993 941 1075 982 hoc
1099 942 1226 982 modo
1252 956 1342 982 rem
1366 956 1454 982 mo*

113 1002 250 1043 derari
279 1015 509 1056 possemus,
541 1003 589 1041 ut
619 1014 696 1054 pro
723 999 886 1041 viribus
913 1000 1130 1053 copiarum
1155 1003 1325 1041 tuarum
1351 1000 1454 1041 belli

112 1075 279 1115 quoque
305 1060 504 1101 existeret
522 1058 785 1114 magnitudo,
812 1062 865 1112 et,
891 1061 1096 1112 quantum
1121 1059 1282 1114 gloriae
1306 1059 1455 1100 trium-

111 1120 281 1174 phoque
313 1133 418 1173 opus
450 1121 569 1172 esset,
602 1117 946 1171 adsequeremur,
977 1117 1257 1171 periculosam
1289 1120 1331 1158 et
1361 1132 1455 1173 gra—

77 1192 92 1215 5
112 1193 208 1219 vem
247 1177 365 1218 illam
407 1176 722 1217 dimicationem
763 1176 1033 1230 evitaremus,
1072 1176 1182 1216 nihil
1220 1179 1309 1217 tam
1346 1179 1456 1217 esset

114 1236 364 1291 optandum,
401 1250 529 1289 nunc,
567 1235 603 1275 si
633 1234 816 1275 Parthus
854 1237 997 1275 movet
1029 1234 1207 1289 aliquid,
1245 1235 1331 1275 scio
1368 1249 1455 1276 non

111 1295 370 1336 mediocrem
394 1295 485 1335 fore
513 1294 844 1347 contentionem,
876 1296 975 1333 tuus
999 1307 1127 1347 porro
1154 1294 1362 1334 exercitus
1382 1294 1455 1334 vix

112 1368 244 1394 unum
282 1353 437 1394 saltum
474 1353 585 1393 tueri
623 1354 775 1406 potest.
836 1351 959 1392 Hanc
999 1354 1139 1392 autem
1176 1366 1300 1393 nemo
1339 1352 1455 1393 ducit

114 1413 342 1467 rationem,
374 1412 447 1453 sed
479 1411 620 1452 omnia
652 1411 943 1452 desiderantur
973 1410 1025 1451 ab
1053 1425 1113 1465 eo,
1145 1413 1362 1465 tamquam
1392 1411 1455 1451 ni-

61 1485 75 1509 2
113 1471 176 1511 hil
217 1471 471 1526 denegatum
507 1470 562 1510 sit
600 1470 656 1524 ei,
697 1484 780 1523 quo
820 1469 960 1509 minus
999 1484 1125 1523 quam
1161 1470 1454 1524 paratissimus

116 1532 234 1583 esset,
267 1530 339 1583 qui
363 1529 534 1583 publico
559 1528 734 1584 negotio
759 1528 1024 1582 praepositus
1051 1531 1123 1569 est.
1158 1528 1335 1569 Accedit
1358 1528 1454 1583 huc,

116 1588 230 1642 quod
260 1587 565 1628 successionem
599 1588 787 1627 futuram
817 1589 992 1640 propter
1025 1585 1258 1627 Galliarum
1290 1589 1456 1628 contro-

115 1646 296 1687 versiam
333 1660 419 1687 non
450 1646 583 1686 video.
645 1644 831 1686 Tametsi
867 1645 946 1686 hac
984 1645 1033 1685 de
1065 1660 1110 1686 re
1149 1649 1254 1699 puto
1286 1648 1328 1687 te
1361 1660 1456 1687 con-

116 1705 326 1758 stitutum,
359 1704 462 1758 quid
492 1704 680 1744 facturus
712 1718 833 1757 esses,
863 1703 1038 1757 habere,
1069 1706 1223 1758 tamen,
1256 1718 1339 1758 quo
1370 1720 1457 1745 ma-

117 1763 254 1805 turius
299 1763 595 1816 constitueres,
640 1776 734 1802 c-um
777 1762 890 1802 hunc
930 1765 1127 1803 eventum
1166 1762 1455 1817 providebam,

116 1822 254 1863 visum
286 1823 360 1875 est,
392 1823 438 1861 ut
469 1823 511 1861 te
542 1821 723 1861 facerem
758 1820 990 1861 certiorem.
1050 1820 1178 1861 Nosti
1210 1821 1321 1861 enim
1351 1821 1456 1862 haec

116 1880 343 1921 tralaticia:
378 1879 427 1920 de
461 1878 608 1919 Galliis
641 1878 938 1933 constituetur,
970 1879 1068 1932 erit,
1101 1879 1173 1932 qui
1204 1879 1455 1934 intercedat,

118 1939 266 1980 deinde
292 1938 399 1979 alius
431 1937 594 1991 existet,
627 1937 710 1991 qui,
742 1936 825 1977 nisi
855 1936 988 1977 libere
1019 1937 1144 1977 liceat
1176 1937 1225 1978 de
1259 1938 1456 1978 omnibus

116 1997 347 2052 provinciis
392 1996 613 2037 decernere
657 1995 840 2049 senatui,
890 1995 1072 2048 reliquas
1116 1996 1314 2049 inpediat.
1386 1995 1456 2037 Sic

117 2057 300 2097 multum
320 2069 368 2096 ac
387 2055 458 2095 diu
486 2055 666 2108 ludetur,
693 2056 818 2108 atque
844 2053 903 2093 ita
929 2053 1012 2108 diu,
1044 2056 1091 2094 ut
1114 2054 1210 2108 plus
1235 2054 1455 2095 biennium

118 2115 163 2156 in
191 2115 259 2156 his
289 2114 408 2155 tricis
439 2115 638 2154 moretur.

208 2172 253 2214 Si
291 2173 393 2227 quid
432 2172 532 2212 novi
571 2171 620 2212 de
657 2185 701 2212 re
732 2186 770 2225 p.
804 2171 917 2224 quod
947 2170 1028 2211 tibi
1065 2171 1292 2212 scriberem
1329 2171 1455 2212 habe·
1480 2182 1502 2213 3

118 2246 224 2285 rem,
263 2245 364 2272 usus
402 2245 533 2272 essem
570 2244 664 2270 mea
701 2229 1019 2283 consuetudine,
1060 2231 1107 2269 ut
1139 2229 1381 2285 diligenter,
1413 2232 1455 2271 et

119 2290 221 2344 quid
260 2293 399 2330 actum
440 2292 567 2343 esset,
609 2291 650 2329 et
688 2288 790 2342 quid
828 2302 878 2328 ex
917 2302 965 2328 eo
1002 2288 1194 2329 futurum
1231 2303 1456 2343 sperarem,
