1659 2552
636 83 778 118 LIBER
797 84 846 118 IX
874 87 927 129 15,
956 88 1008 119 16.
1417 87 1501 126 ‘243

161 179 237 220 has
274 193 358 220 non
398 179 571 220 omnino
610 180 798 234 quidem,
840 180 912 221 sed
948 194 1147 235 magnam
1184 183 1348 234 partem
1380 182 1503 222 relin-

163 252 299 292 quere.
364 238 562 278 Catulum
601 238 706 279 mihi
747 253 892 279 narras
933 242 974 280 et
1015 239 1088 279 illa
1128 241 1329 292 tempora.
1393 240 1503 288 Quid

161 296 327 337 simile?
358 311 410 337 ne
436 297 495 337 mi
522 297 692 350 quidem
718 297 797 351 ipsi
824 300 925 338 tunc
955 297 1149 351 placebat
1175 297 1333 338 diutius
1359 298 1503 339 abesse

162 355 214 395 ab
247 355 307 396 rei
339 370 376 409 p.
411 356 617 409 custodia3
656 356 903 396 sedebamus
941 356 1054 396 enim
1092 356 1135 396 in
1172 356 1305 411 puppi
1344 359 1384 397 et
1423 357 1502 397 cla-

126 426 142 450 5
161 429 261 454 vum
292 414 558 467 tenebamus3
589 428 701 454 nunc
732 416 873 455 autem
905 415 976 455 vix
1008 417 1071 455 est
1103 415 1147 455 in
1178 415 1343 456 sentina
1374 415 1502 456 locus.

161 472 229 513 An
267 472 407 513 minus
444 473 577 513 multa
615 487 643 513 S.
678 486 708 513 c.
748 473 891 513 futura
926 475 1066 527 putas,
1106 474 1141 514 si
1173 488 1251 529 ego
1284 474 1364 514 sim
1395 473 1503 515 Nea-

161 531 278 585 poli'?
310 530 469 572 Romae
497 545 591 571 cum
617 546 710 571 sum
736 534 777 572 et
803 546 933 586 urgeo
960 532 1112 586 forum,
1144 547 1173 572 s.
1201 546 1232 573 0.
1259 532 1503 573 scribuntur

163 590 274 644 apud
312 592 543 630 amatorem
581 592 719 643 tuum,
756 590 1009 631 familiarem
1046 605 1205 645 meum3
1247 594 1288 632 et
1321 591 1502 645 quidem,

163 663 258 689 cum
296 648 339 688 in
376 651 562 688 mentem
599 648 732 701 venit,
770 663 907 702 ponor
944 649 995 689 ad
1033 649 1302 690 scribendum
1333 652 1375 690 et
1406 652 1502 690 ante

109 720 143 743 10
163 707 288 747 audio
333 721 361 747 s.
404 721 435 747 c.
477 707 520 746 in
563 705 810 747 Armeniam
855 710 896 748 et
940 706 1107 761 Syriam
1150 722 1239 749 esse
1280 709 1502 763 perlatum,

164 765 277 819 quod
308 765 351 805 in
383 780 519 805 meam
552 766 803 806 sententiam
835 766 993 806 factum
1031 781 1119 807 esse
1157 767 1337 821 dicatur,
1376 782 1502 821 quam

164 824 336 865 omnino
368 824 627 864 mentionem
660 824 789 864 ullam
822 824 872 865 de
898 825 945 865 ea
971 840 1014 865 re
1041 840 1129 866 esse
1155 826 1321 866 factam.
1359 825 1502 880 Atque

161 883 243 923 hoc
272 882 406 923 nolim
437 897 504 923 me
535 882 665 923 iocari
695 886 835 937 putes3
866 898 964 923 nam
996 883 1102 924 mihi
1134 884 1239 925 scito
1272 884 1355 924 iam
1388 900 1411 924 a
1442 899 1503 925 re-

163 941 289 996 gibus
321 941 483 981 ultimis
515 941 662 981 allatas
694 955 782 982 esse
812 941 987 996 litteraS,
1020 942 1173 996 quibus
1204 942 1311 983 mihi
1342 943 1503 998 gratias

110 1012 144 1036 15
164 1003 302 1055 agant,
335 999 448 1054 quod
479 1014 521 1040 se
552 1014 645 1040 mea
676 1000 884 1040 sententia
909 1015 1029 1056 reges
1054 1001 1366 1055 appellaverim,
1398 1016 1503 1055 quos

163 1073 242 1114 ego
262 1072 347 1099 non
366 1058 493 1099 modo
514 1073 632 1113 reges
653 1059 898 1113 appellatos,
924 1059 995 1100 sed
1016 1060 1187 1100 omnino
1208 1062 1329 1100 natos
1349 1060 1503 1101 nescie—

163 1117 272 1158 bam.
335 1116 446 1166 Quid
476 1131 577 1172 ergo
604 1118 694 1158 est?
725 1120 878 1170 tamen,
911 1132 1036 1171 quam
1063 1118 1135 1158 diu
1160 1118 1229 1158 hic
1255 1119 1335 1159 erit
1359 1121 1504 1159 noster
1531 1126 1544 1136 ⁸

162 1176 233 1216 ln‘c
262 1176 499 1230 praefectus
530 1176 732 1230 moribus,
763 1176 920 1229 parebo
953 1177 1196 1217 auctoritati
1227 1180 1341 1231 tuae3
1374 1191 1502 1231 quom

163 1248 263 1275 vero
296 1234 442 1288 aberit,
475 1234 527 1274 ad
558 1235 713 1289 fungos
744 1249 810 1275 me
842 1237 938 1275 tuos
971 1236 1194 1276 conferam.
1256 1235 1442 1276 Domum
1468 1236 1503 1276 si

110 1304 144 1329 20
163 1292 350 1347 habebo,
382 1293 425 1333 in
458 1292 587 1333 denos
619 1293 707 1334 dies
739 1293 928 1348 singulos
960 1294 1246 1348 sumptuariae
1276 1294 1383 1349 legis
1415 1294 1503 1335 dies

165 1352 400 1406 conferam3
444 1351 509 1392 sin
549 1354 689 1392 autem
732 1352 872 1393 minus
912 1352 1131 1407 invenero,
1177 1353 1291 1406 quod
1329 1353 1503 1407 placeat,

164 1410 328 1451 decrevi
359 1409 551 1450 habitare
584 1410 695 1464 apud
725 1413 784 1465 te,
817 1410 903 1451 scio
936 1411 1048 1451 enim
1079 1426 1146 1452 me
1171 1411 1280 1451 nihil
1305 1411 1385 1452 tibi
1411 1426 1503 1466 gra-

164 1469 248 1509 tius
279 1469 415 1509 facere
446 1483 579 1522 posse.
641 1468 827 1509 Domum
854 1468 1070 1510 Sullanam
1103 1470 1376 1523 desperabam
1407 1470 1503 1524 iam,

164 1530 211 1567 ut
241 1527 322 1567 tibi
353 1527 545 1580 proxime
577 1527 737 1581 scripsi,
769 1528 841 1568 sed
872 1531 1012 1568 tamen
1044 1543 1129 1569 non
1162 1528 1306 1569 abieci.
1347 1528 1411 1569 Tu
1437 1543 1504 1569 ve—

112 1596 145 1620 25
164 1585 251 1639 h’m,
277 1588 325 1626 ut
344 1585 504 1639 scribis,
531 1600 625 1626 cum
645 1586 777 1627 fabris
803 1600 894 1626 eam
918 1587 1165 1641 perspicias;
1197 1587 1232 1628 si
1258 1587 1370 1628 enim
1396 1587 1505 1627 nihil

166 1646 228 1684 est
259 1643 303 1684 in
333 1644 567 1697 parietibus
599 1647 671 1685 aut
703 1644 746 1685 in
777 1647 889 1685 tecto
921 1645 1028 1700 vitii,
1061 1648 1198 1687 cetera
1222 1646 1329 1686 mihi
1353 1646 1505 1700 proba-

166 1702 335 1744 buntur.

776 1806 891 1849 XVI.

224 1887 298 1922 Ser.
326 1888 365 1920 in
395 1887 598 1922 Tusculano
623 1898 696 1921 non
717 1891 799 1930 post
823 1888 910 1921 med.
939 1899 980 1922 m.
1013 1888 1152 1932 Qm'nct.
1187 1900 1220 1923 a.
1254 1891 1327 1923 708
1355 1891 1445 1932 (46).

113 1976 147 2000 30
500 1967 667 2003 CICERO
701 1968 923 2015 [PAPIRIO]
956 1969 1112 2004 PAETO
1140 1969 1172 2004 s
1334 1952 1341 1957 ’

255 2052 529 2093 Delectarunt
568 2067 634 2092 me
674 2055 770 2092 tuae
810 2052 993 2106 litterae,
1037 2053 1081 2093 in
1123 2053 1276 2107 quibus
1316 2054 1502 2107 primum

167 2112 303 2151 amavi
342 2125 526 2151 amorem
565 2114 706 2164 tuum,
744 2111 817 2164 qui
854 2113 895 2151 te
928 2111 979 2151 ad
1011 2112 1278 2153 scribendum
1310 2112 1504 2154 incitavit

167 2172 397 2224 verentem,
434 2184 486 2210 ne
519 2168 648 2209 Silius
679 2183 754 2209 suo
791 2169 940 2209 nuntio
974 2170 1135 2224 aliquid
1164 2171 1270 2211 mihi
1302 2171 1503 2212 sollicitu-

168 2227 276 2269 dinis
314 2228 541 2280 attulisset3
589 2228 637 2268 de
679 2241 762 2281 quo
800 2230 842 2268 et
878 2230 925 2268 tu
965 2228 1071 2268 mihi
1116 2231 1238 2269 antea
1278 2229 1502 2284 scripseras

114 2297 146 2321 35
167 2286 231 2327 bis
264 2287 432 2340 quidem
471 2287 616 2327 eodem
655 2286 864 2340 exemplo,
902 2286 1023 2327 facile
1055 2290 1102 2328 ut
1139 2288 1429 2344 intellegerem
1460 2292 1502 2330 te

1220 2357 1287 2390 16*
