1659 2552
362 103 427 136 AD
455 101 613 144 QUINT.
639 101 809 137 FRATR.
836 102 979 136 LIBER
1004 102 1055 136 ΙΙΙ
1081 107 1112 146 3,
1140 106 1171 137 4.
1360 102 1446 143 553

104 199 241 241 culam
278 200 456 240 fortasse
494 197 707 238 mordicus
745 197 1005 251 abstulisset,
1045 212 1139 238 cum
1173 196 1322 239 Clodio
1356 198 1446 252 qui—

105 259 199 300 dem
232 261 343 299 certe
376 257 551 298 redisset
583 257 626 296 in
663 256 855 312 gratiam.
917 256 1012 311 Ego
1044 271 1144 297 vero
1176 271 1317 297 meum
1351 271 1445 297 con*

104 317 264 370 silium,
309 316 343 357 si
386 315 634 370 praesertim
677 318 724 356 tu
767 329 852 356 non
895 315 1131 369 improbas,
1176 315 1446 356 vehementer

105 375 305 430 adprobo.
367 373 465 428 Ille,
511 388 605 415 cum
650 388 673 414 a
715 389 782 414 me
824 374 1110 428 singularibus
1149 374 1254 414 meis
1295 375 1446 415 studiis

69 447 85 471 5
107 437 280 476 ornatus
306 436 426 487 esset,
459 447 637 486 cumque
664 447 741 487 ego
775 432 837 473 illi
869 432 977 472 nihil
1003 433 1210 486 deberem,
1242 432 1314 473 1110
1339 433 1446 473 mihi

106 493 258 547 omnia,
290 495 431 533 tamen
462 492 506 532 in
538 506 582 532 re
612 491 783 545 publica
807 506 873 532 me
899 506 922 531 a
949 506 991 532 se
1018 491 1335 532 dissentientem
1360 506 1446 532 non

104 552 206 592 tulit
246 550 373 607 (nihil
413 550 548 591 dicam
586 548 776 605 gravius)
815 552 857 590 et
893 550 1032 590 minus
1068 552 1219 604 potens
1257 564 1305 591 eo
1342 552 1446 591 tem-

104 625 227 665 pore,
269 609 371 664 quid
408 609 451 649 in
496 623 562 649 me
606 609 827 649 florentem
864 611 1027 663 posset,
1068 609 1273 663 ostendit,
1322 624 1445 663 nunc,

107 683 202 710 cum
234 682 312 724 ego
345 682 397 708 ne
430 682 571 708 curem
598 667 768 721 quidem
799 667 981 707 multum
1013 682 1146 721 posse,
1179 682 1244 708 res
1274 668 1447 721 publica

53 742 87 765 10
107 731 218 769 certe
243 727 352 767 nihil
376 727 522 787 possit,
556 740 663 766 unus
689 726 760 766 ille
787 726 928 766 omnia
952 726 1098 780 possit,
1131 740 1226 767 cum
1252 726 1326 767 1110
1352 727 1445 781 ipso

107 786 434 828 contenderem?
498 784 567 826 Sic
599 785 710 825 enim
742 784 980 825 faciendum
1011 785 1170 826 fuisset
1231 784 1331 826 Non
1363 786 1447 826 exi-

107 845 233 886 stimo
264 850 307 885 te
337 847 486 898 putare
513 844 556 884 id
580 843 686 883 mihi
718 843 1029 897 suscipiendum
1060 844 1200 884 fuisse.
1263 843 1446 885 ‘Alteru-

106 904 248 957 trum’,
280 903 420 957 inquit
452 903 563 943 idem
590 901 831 956 Sallustius3
865 902 1135 943 ‘defendisses
1166 902 1292 956 idque
1324 902 1447 943 Pom-

106 963 202 1017 peio
235 962 505 1003 contendenti
539 961 738 1015 dedisses3
776 961 932 1001 etenim
963 961 1234 1002 vehementer
1272 961 1446 1002 orabat'.

56 1033 89 1058 15
106 1021 314 1075 Lepidum
346 1020 528 1060 amicum
561 1018 825 1074 Sallustium,
858 1020 931 1073 qui
961 1019 1068 1060 mihi
1100 1022 1172 1060 aut
1203 1020 1448 1061 inimicitias

106 1082 229 1134 putet
264 1079 520 1133 periculosas
559 1078 794 1118 subeundas
831 1078 959 1118 fuisse
991 1081 1064 1119 aut
1094 1078 1312 1119 infamia-m
1345 1094 1449 1120 sem-

106 1139 334 1192 piternam!
375 1137 469 1192 Ego
495 1151 595 1178 vero
620 1136 699 1177 hac
724 1136 1014 1177 mediocritate
1042 1137 1237 1191 delector,
1269 1152 1316 1178 ac
1341 1138 1448 1178 mihi

108 1197 214 1237 illud
246 1196 475 1237 iucundum
507 1198 580 1250 est,
613 1196 736 1249 quod,
769 1210 864 1236 cum
895 1196 1187 1236 testimonium
1219 1196 1449 1237 secundum

107 1256 235 1296 fidem
267 1258 308 1295 et
340 1254 590 1310 religionem
621 1254 869 1309 gravissime
897 1255 1107 1308 dixissem,
1140 1269 1235 1295 reus
1261 1255 1380 1308 dixit,
1413 1255 1448 1295 si

57 1327 90 1352 20
109 1314 153 1354 in
185 1314 355 1354 civitate
391 1313 579 1353 licuisset
610 1313 692 1353 sibi
724 1327 828 1367 esse,
866 1313 972 1353 mihi
1011 1328 1053 1354 se
1093 1313 1194 1354 satis
1224 1314 1448 1368 facturum,

108 1387 244 1426 neque
274 1386 341 1413 me
373 1372 598 1425 quicquam
629 1371 919 1427 interrogavit.

196 1431 260 1472 De
290 1430 494 1484 versibus,
527 1444 631 1484 quos
662 1430 743 1471 tibi
775 1445 799 1470 a
829 1445 896 1471 me
928 1430 1056 1471 scribi
1088 1430 1162 1484 vis,
1196 1430 1310 1471 deest
1342 1430 1448 1471 mihi

110 1490 280 1549 quidem
312 1503 449 1544 opera,
482 1503 587 1543 quae
619 1503 704 1529 non
735 1489 861 1530 modo
893 1492 1071 1543 tempus,
1103 1489 1175 1530 sed
1204 1489 1331 1530 etiam
1364 1490 1450 1530 ani-

109 1562 226 1588 mum
257 1561 436 1588 vacuum
467 1547 519 1588 ab
553 1548 668 1588 omni
694 1562 793 1588 cuia
819 1548 1047 1601 desiderat,
1080 1548 1153 1589 sed
1177 1548 1296 1589 abest
1322 1548 1450 1589 etiam

57 1618 91 1643 25
112 1606 451 1659 ἐνθουσιασμός,
491 1620 577 1646 11011
609 1606 721 1646 0111111
752 1621 896 1646 sumus
928 1582 1100 1647 omnino
1132 1607 1222 1647 sine
1254 1621 1353 1647 cura
1384 1621 1451 1647 ve—

110 1664 267 1705 nientis
299 1664 414 1717 anni,
455 1664 534 1704 etsi
571 1678 714 1704 sumus
747 1665 835 1705 sine
867 1665 1030 1705 timore.
1094 1664 1231 1705 Simul
1265 1668 1306 1706 et
1344 1665 1451 1705 illud

112 1722 220 1779 (sine
246 1722 333 1763 ulla
362 1721 600 1762 mehercule
625 1722 762 1762 ironia
791 1721 980 1777 loquor):
1013 1722 1110 1762 Tibi
1136 1723 1258 1763 istius
1283 1723 1450 1778 generis

112 1782 156 1822 in
188 1780 409 1821 scribendo
439 1780 602 1834 priores
633 1783 773 1833 partes
804 1781 947 1821 tribuo
981 1795 1107 1834 quam
1138 1781 1254 1821 mihi.

199 1839 263 1880 De
301 1838 559 1879 bibliotheca
596 1842 669 1878 tua
708 1837 864 1879 Graeca
901 1839 1150 1892 supplenda,
1187 1839 1308 1879 libris
1341 1853 1450 1880 com-

61 1910 94 1935 30
113 1897 343 1951 mutandis,
382 1896 546 1937 Latinis
584 1898 874 1951 comparandis
911 1898 1030 1938 valde
1068 1898 1195 1938 velim
1232 1898 1314 1938 ista
1356 1912 1450 1938 con-

112 1957 198 2010 fici,
235 1955 484 2010 praesertim
516 1969 610 1996 cum
642 1956 694 1995 ad
723 1970 864 1997 meum
896 1971 1063 2010 quoque
1094 1971 1218 1996 usum
1249 1959 1449 2010 spectent.

114 2014 197 2056 Sed
228 2028 325 2070 ego,
361 2014 467 2054 mihi
504 2014 585 2067 ipsi
622 2014 703 2054 ista
739 2029 815 2068 per
846 2029 970 2069 quem
1003 2030 1142 2069 agam,
1180 2029 1265 2055 non
1295 2015 1450 2070 habeo,

112 2088 248 2128 neque
289 2072 401 2114 enim
441 2072 605 2113 venalia
644 2075 759 2127 sunt,
803 2087 908 2127 quae
949 2074 1119 2127 quidem
1159 2073 1368 2127 placeant,
1409 2076 1451 2114 et

114 2132 263 2173 confici
287 2131 370 2171 nisi
395 2145 470 2184 per
494 2131 709 2171 hominem
741 2134 782 2172 et
812 2132 997 2185 peritum
1023 2135 1064 2172 et
1093 2132 1339 2187 diligentem
1364 2146 1450 2172 non

61 2201 94 2226 35
112 2193 300 2244 possunt.
364 2188 602 2243 Chrysippo
642 2192 783 2230 tamen
823 2190 1040 2244 imperabo
1082 2193 1123 2231 et
1161 2204 1255 2230 cum
1294 2190 1451 2243 Tyran-

113 2248 239 2290 nione
275 2249 436 2302 loquar.
497 2247 561 2288 De
598 2248 698 2288 fisco
732 2248 833 2302 quid
870 2249 1004 2303 egerit
1037 2247 1196 2301 Scipio,
1235 2263 1451 2303 quaeram3

115 2307 228 2361 quod
259 2307 473 2348 videbitur
503 2308 665 2347 rectum
694 2321 792 2361 esse,
825 2307 991 2348 curabo.
1053 2306 1116 2347 De
1141 2307 1378 2349 Ascanione
1403 2310 1450 2349 tu
