1659 2552
132 1063 150 1093 [ὓ

178 74 263 115 114
678 73 1019 109 EPISTULARUM

790 215 906 257 VIII.

443 297 517 332 Ser.
545 297 682 331 Romae
713 308 766 331 ex.
804 308 846 331 m.
875 296 968 331 Sext.
1003 308 1036 331 α.
1071 299 1143 331 700
1171 299 1260 340 (54).

415 379 463 414 M.
492 378 660 413 CICERO
688 378 735 412 M.
763 377 940 412 LICINIO
966 377 1006 412 P.
1032 377 1070 412 F.
1100 376 1289 413 CRASSO.

265 462 479 512 Quantum
517 462 612 515 †ad
643 476 784 502 meum
825 461 1013 502 studium
1051 461 1263 502 exstiterit
1300 461 1522 517 dignitatis

176 525 273 563 tuae
298 522 365 563 vel
395 522 575 562 tuendae
601 521 668 562 vel
693 520 821 561 etiam
853 520 1081 576 augendae,
1112 534 1198 561 non
1224 519 1386 575 dubito,
1417 519 1521 574 quin
1558 533 1574 558 5

177 581 229 621 ad
266 583 306 621 te
346 594 491 621 omnes
528 579 592 620 tui
629 579 893 634 scripserint,
933 593 1019 620 non
1057 579 1169 620 enim
1209 579 1292 620 fuit
1329 581 1402 620 aut
1438 593 1521 620 me-

177 639 317 680 diocre
349 642 421 679 aut
453 639 680 686 obscurum
712 640 785 678 aut
817 638 906 679 eius
933 637 1062 692 modi,
1095 637 1209 692 quod
1234 637 1403 679 silentio
1428 651 1522 691 pos-

178 701 241 738 set
271 697 503 752 praeteriri.
565 696 677 738 Nam
709 699 751 737 et
783 710 878 737 cum
911 696 1156 737 consulibus
1181 699 1223 737 et
1249 711 1344 738 cum
1375 696 1523 738 multis

177 756 470 797 consularibus
506 758 625 796 tanta
662 755 932 796 contentione
965 755 1174 796 decertavi
1215 758 1373 809 quanta
1402 769 1522 796 num-

178 829 303 870 quam
335 818 458 855 antea
488 814 576 854 ulla
606 814 651 854 in
683 828 807 855 causa
846 814 1094 868 suscepique
1130 814 1237 855 mihi
1273 817 1521 869 perpetuam
1541 827 1575 851 ιο

176 873 562 929 propugnationem
587 887 664 927 pro
692 873 890 914 omnibus
910 873 1170 914 ornamentis
1194 873 1279 914 tuis
1305 873 1522 927 veterique

178 936 346 973 nostrae
376 931 677 973 necessitudini
716 932 800 973 iam
833 931 904 972 diu
938 932 1144 986 debitum,
1185 931 1258 973 sed
1288 932 1424 973 multa
1454 946 1523 973 va-

177 992 326 1032 rietate
363 994 603 1045 temporum
645 991 931 1045 interruptum
969 991 1157 1031 officium
1190 991 1400 1032 cumulate
1432 990 1522 1032 red-

179 1051 277 1091 didi.
337 1049 488 1104 Neque
513 1049 753 1090 mehercule
785 1064 988 1104 umquam
1018 1049 1126 1090 mihi
1157 1050 1221 1090 tui
1253 1052 1326 1090 aut
1357 1049 1520 1090 colendi

178 1111 250 1149 aut
287 1108 464 1149 ornandi
496 1108 693 1149 voluntas
731 1108 883 1163 defuit,
921 1108 994 1149 sed
1031 1108 1236 1162 quaedam
1273 1111 1412 1163 pestes
1447 1108 1575 1149 ho-15

177 1168 340 1208 minum
372 1167 495 1208 laude
526 1167 663 1208 aliena
694 1167 929 1208 dolentium
962 1170 1004 1208 et
1034 1169 1076 1208 te
1115 1181 1201 1208 non
1234 1181 1466 1221 numquam
1498 1181 1522 1208 a

177 1240 244 1267 me
275 1226 514 1267 alienarunt
550 1228 592 1266 et
631 1239 698 1266 me
730 1226 956 1279 aliquando
989 1226 1255 1267 inmutarunt
1285 1226 1377 1267 tibi.
1439 1224 1522 1266 Sed

178 1284 321 1326 extitit
351 1287 520 1338 tempus
551 1287 744 1338 optatum
769 1284 877 1325 mihi
901 1285 1038 1340 magis
1065 1299 1190 1338 quam
1217 1287 1442 1338 speratum,
1474 1287 1522 1324 ut

177 1343 502 1384 florentissumis
538 1343 624 1383 tuis
664 1343 790 1383 rebus
826 1357 920 1384 mea
958 1343 1140 1397 perspici
1180 1346 1323 1397 posset
1360 1346 1401 1384 et
1437 1357 1521 1383 me-

178 1402 315 1443 moria
344 1404 513 1442 nostrae
544 1401 777 1442 voluntatis
808 1404 850 1442 et
868 1401 1092 1447 ¹amicitiae
1123 1401 1244 1456 fides;
1283 1415 1376 1442 sum
1407 1401 1519 1442 enim
1541 1415 1574 1439 20

180 1463 439 1514 consecutus,
465 1474 550 1500 non
576 1460 703 1500 modo
729 1462 777 1500 ut
803 1460 952 1501 domus
978 1463 1050 1501 tua
1075 1463 1176 1514 tota,
1202 1459 1275 1500 sed
1299 1463 1346 1501 ut
1372 1462 1523 1501 cuncta

180 1519 328 1560 civitas
364 1534 431 1559 me
462 1518 541 1559 tibi
575 1518 877 1559 amicissimum
909 1533 998 1559 esse
1030 1521 1312 1573 cognosceret.
1373 1517 1522 1573 Itaque

180 1582 221 1619 et
258 1577 621 1632 praestantissima
660 1577 849 1618 omnium
890 1577 1161 1632 feminarum,
1205 1592 1314 1618 uxor
1349 1580 1439 1632 tua,
1480 1580 1523 1619 et

179 1637 335 1677 eximia
364 1637 533 1690 pietate,
565 1636 734 1689 virtute,
766 1636 905 1691 gratia
936 1636 998 1676 tui
1027 1635 1165 1677 Crassi
1191 1636 1297 1677 meis
1322 1635 1521 1691 consiliis,

178 1695 370 1749 monitis,
403 1695 554 1736 studiis
585 1695 907 1749 actionibusque
938 1695 1146 1749 nituntur,
1178 1698 1219 1736 et
1250 1697 1418 1736 senatus
1449 1709 1520 1749 po·
1541 1707 1574 1732 25

178 1754 387 1809 pulusque
441 1753 490 1795 R.
536 1753 747 1809 intellegit
796 1754 876 1794 tibi
926 1754 1091 1795 absenti
1140 1754 1248 1794 nihil
1297 1768 1385 1795 esse
1433 1756 1521 1795 tam

178 1815 424 1868 promptum
463 1815 535 1853 aut
572 1814 658 1853 tam
690 1815 884 1867 paratum
917 1827 1043 1866 quam
1081 1813 1124 1853 in
1156 1812 1353 1854 omnibus
1383 1811 1521 1866 rebus,

180 1886 286 1926 quae
324 1871 376 1912 ad
415 1874 456 1912 te
496 1872 756 1925 peitineant,
801 1886 993 1926 operam,
1038 1885 1200 1925 curam,
1246 1871 1521 1927 diligentiam,

179 1930 474 1972 auctoritatem
507 1945 655 1971 meam.

268 1988 382 2038 Quae
408 1989 493 2029 sint
519 1991 621 2043 aeta,
654 2003 844 2043 quaeque
869 1992 1061 2044 agantur,
1088 1987 1414 2029 domesticorum
1440 1987 1521 2028 tibi
1540 2000 1574 2025 30

178 2048 333 2089 litteris
374 2047 575 2088 declarari
615 2051 731 2101 puto.
794 2047 857 2088 De
893 2062 961 2088 me
1003 2047 1062 2088 sic
1102 2046 1316 2088 existimes
1356 2059 1403 2086 ac
1440 2045 1521 2088 tibi

178 2106 428 2160 persuadeas
467 2109 682 2147 vementer
718 2106 863 2160 velim,
900 2120 986 2147 non
1022 2119 1089 2146 me
1117 2104 1346 2159 repentina
1380 2104 1522 2158 aliqua

179 2166 397 2206 voluntate
429 2168 501 2205 aut
527 2165 705 2206 fortuito
732 2164 784 2205 ad
809 2167 926 2208 tuam
951 2163 1274 2218 amplitudinem
1300 2163 1404 2203 meis
1430 2163 1521 2204 offi-

180 2223 255 2264 ciis
275 2223 607 2277 amplectendam
628 2223 835 2277 incidisse,
862 2222 945 2276 sed,
977 2225 1024 2262 ut
1049 2222 1234 2276 primum
1260 2221 1400 2262 forum
1426 2221 1522 2262 atti-

179 2282 325 2337 gerim,
358 2285 565 2335 spectasse
596 2296 771 2336 semper,
803 2284 850 2321 ut
882 2281 962 2322 tibi
993 2294 1159 2334 possem
1187 2294 1312 2334 quam
1339 2280 1521 2321 maxime
1540 2290 1575 2316 35
