1659 2552
98 678 117 708 ¹³

148 100 236 142 220
660 96 999 132 EPISTULARUM

142 196 249 237 mihi
288 196 460 249 indixit,
500 196 559 236 ita
597 194 809 236 occultum
841 195 1000 246 tamen,
1041 194 1089 232 ut
1125 191 1251 232 multi
1288 191 1394 233 mihi
1427 206 1487 233 re-

143 255 399 309 nuntiarent,
432 258 474 295 et
506 255 593 308 ipse
620 253 743 293 facile
770 251 1149 292 animadverterem
1180 250 1289 292 male
1315 265 1410 292 eum
1437 250 1487 291 de

142 329 210 356 me
254 314 451 370 cogitare.
514 312 795 365 Posteaquam
836 324 936 350 vero
982 309 1168 364 comperi
1213 323 1308 350 eum
1352 309 1488 350 conle-

143 373 262 429 gium
281 375 521 426 temptasse,
548 370 696 411 deinde
722 371 865 423 aperte
892 382 987 409 cum
1014 367 1267 422 quibusdam
1286 368 1488 422 locutum,

144 446 239 472 cum
276 431 320 471 L.
353 430 562 483 Domitio,
601 432 648 470 ut
679 442 791 469 nunc
823 430 902 481 est,
943 426 1050 467 mihi
1089 426 1383 467 inimicissimo
1414 426 1487 467 ho-
1525 438 1542 463 5

143 490 274 544 mine,
316 490 564 542 deliberare,
605 487 712 528 velle
751 486 833 527 hoc
872 485 1171 526 munusculum
1213 485 1374 526 deferre
1415 483 1487 526 Cn.

143 549 360 603 PompeiO,
391 548 529 602 ipsum
562 545 856 600 reprenderem
882 547 924 585 et
949 544 1002 585 ab
1029 559 1078 585 eo
1111 544 1357 598 deprecarer
1383 543 1489 584 iniu-

145 608 268 662 riam,
307 621 431 661 quem
463 606 596 647 vitam
632 604 739 645 mihi
779 603 930 645 debere
960 605 1174 658 putaram,
1206 603 1433 657 impetrare
1466 617 1490 643 a

145 681 213 707 me
245 680 330 707 non
362 665 494 720 potui.
558 663 669 712 Quid
701 663 831 718 ergo?
862 663 892 716 †
918 664 957 702 st
994 665 1136 702 tamen
1175 662 1295 716 quasi
1325 661 1490 716 aliquot

146 725 311 779 amicis,
351 724 423 778 qui
461 726 589 764 testes
622 724 741 763 erant
772 735 965 762 meorum
997 721 1041 761 in
1073 721 1195 761 illum
1226 720 1489 775 meritorum,
1509 731 1543 756 10

145 784 312 825 locutus
344 797 447 823 sum.
498 781 781 835 Posteaquam
813 780 956 834 illum,
987 794 1039 820 ne
1073 779 1174 834 quoi
1205 779 1307 820 satis
1333 779 1491 820 faceret

146 843 328 897 quidem,
359 856 426 882 me
459 840 635 896 dignum
666 839 822 880 habere
854 838 976 892 sensi,
1008 838 1139 879 malui
1172 838 1357 894 collegae
1389 837 1491 891 eius,

145 901 309 942 homini
354 899 612 940 alienissimo
653 898 760 939 mihi
801 900 842 938 et
884 899 1060 952 propter
1099 897 1330 938 amicitiam
1372 899 1491 937 tuam

146 975 231 1000 non
264 959 536 1012 aequissimo,
573 972 641 998 me
680 956 870 1012 obligare
908 971 1035 1010 quam
1072 955 1187 996 illius
1225 955 1371 996 simiae
1402 955 1491 996 vul-

146 1022 237 1059 tum
263 1018 416 1059 subire.
459 1016 510 1058 Id
533 1019 760 1071 postquam
792 1015 946 1069 resciit,
978 1014 1203 1056 excanduit
1234 1017 1275 1055 et
1306 1028 1373 1055 me
1399 1027 1491 1055 cau·
1513 1023 1545 1048 15

147 1092 235 1117 sam
267 1076 589 1117 inimicitiarum
621 1089 821 1129 quaerere
853 1074 1102 1128 clamitavit,
1141 1076 1205 1127 ut,
1243 1073 1279 1114 si
1309 1072 1417 1114 mihi
1448 1072 1493 1113 in

147 1135 324 1190 pecunia
354 1135 495 1176 minus
527 1134 629 1175 satis
661 1134 846 1187 fecisset,
883 1147 959 1187 per
994 1132 1104 1173 hanc
1136 1132 1317 1186 speciem
1350 1131 1493 1172 simul-

147 1195 248 1235 tatis
286 1209 382 1236 eum
424 1196 697 1235 consectarer.
759 1191 913 1232 Postea
952 1205 1037 1232 non
1079 1191 1243 1232 destitit
1283 1204 1493 1231 accersere

147 1253 297 1294 Polam
330 1252 524 1293 Servium
563 1253 865 1304 accusatorem,
906 1250 1015 1291 inire
1047 1264 1142 1290 cum
1173 1249 1366 1290 Domitio
1398 1263 1494 1289 con-

149 1312 253 1352 silia.
311 1311 474 1360 Quibus
501 1325 595 1351 cum
621 1324 771 1364 parum
795 1308 1053 1363 procederet,
1084 1311 1132 1349 ut
1157 1307 1244 1348 ulla
1268 1307 1361 1363 lege
1386 1306 1493 1348 mihi
1513 1318 1547 1343 ‘20

149 1373 355 1425 ponerent
387 1372 684 1422 accusatorem,
717 1367 946 1422 conpellari
973 1381 1021 1408 ea
1045 1367 1138 1422 lege
1163 1381 1230 1407 me
1255 1366 1494 1419 voluerunt,

151 1443 233 1483 qua
265 1429 402 1469 dicere
433 1442 519 1469 non
549 1429 765 1481 poterant,
803 1425 1124 1467 insolentissimi
1160 1425 1354 1466 homines
1385 1438 1495 1465 sum-

150 1488 231 1528 mis
258 1486 527 1528 Circensibus
553 1485 663 1526 ludis
694 1485 799 1526 meis
830 1484 1132 1539 postulandum
1157 1498 1224 1524 me
1250 1483 1343 1539 lege
1371 1482 1496 1524 Scan-

150 1546 257 1587 tinia
297 1548 454 1586 curant.
517 1544 603 1585 Vix
642 1544 724 1585 hoc
764 1546 853 1584 erat
888 1542 994 1584 Pola
1034 1543 1241 1595 elocutus,
1283 1556 1378 1582 cum
1416 1555 1495 1597 ego

150 1604 339 1659 Appium
371 1618 587 1645 censorem
619 1603 763 1643 eadem
795 1602 888 1658 lege
919 1601 1144 1656 postulavi.
1190 1601 1313 1650 Quod
1344 1600 1494 1641 melius
1514 1611 1548 1636 25

152 1664 329 1717 caderet,
361 1662 470 1703 nihil
501 1662 607 1716 vid13
637 1676 736 1702 nam
762 1660 822 1701 sic
848 1663 910 1701 est
937 1675 960 1701 a
984 1660 1143 1714 populo
1171 1663 1322 1701 et.n0n
1348 1659 1495 1700 infimo

152 1736 319 1777 quoque
352 1721 645 1775 adprobatum,
676 1723 724 1760 ut
754 1719 959 1760 maiorem
988 1719 1130 1773 Appio
1164 1718 1353 1759 dolorem
1384 1717 1497 1758 fama

151 1795 277 1835 quam
318 1780 549 1834 postulatio
591 1778 793 1820 attulerit.
860 1777 1085 1819 Praeterea
1126 1777 1245 1832 coepi
1286 1776 1497 1830 sacellum,

151 1840 195 1880 in
229 1839 353 1880 domo
387 1839 501 1892 quod
533 1841 607 1893 est,
640 1837 692 1878 ab
726 1852 774 1878 eo
806 1840 960 1891 petere.

244 1897 481 1938 Conturbat
518 1911 585 1937 me
623 1911 742 1937 mora
779 1896 891 1936 servi
927 1895 1072 1949 huius,
1111 1895 1184 1949 qui
1222 1893 1303 1934 tibi
1333 1893 1497 1934 litteras
1517 1903 1551 1928 80

154 1957 319 2011 attulit3
362 1971 460 1997 nam
505 1955 686 2009 accept-is
730 1954 946 2009 prioribus
989 1954 1145 1994 litteris
1190 1952 1370 2007 amplius
1413 1952 1498 1993 dies

154 2015 434 2071 quadraginta
472 2015 638 2055 mansit.
702 2012 814 2062 Quid
844 2013 925 2054 tibi
958 2012 1157 2066 scribam,
1194 2011 1345 2052 nescio.
1409 2009 1499 2050 Scis

153 2074 345 2114 Domitio
389 2074 643 2114 comitiorum
687 2072 797 2113 diem
841 2072 987 2112 timori
1031 2085 1130 2112 esse.
1199 2069 1258 2110 Te
1302 2071 1499 2123 exspecto

154 2133 274 2173 valde
307 2135 348 2173 et
386 2147 512 2186 quam
550 2132 736 2186 primum
768 2131 910 2172 videre
949 2130 1083 2184 cupio.
1145 2128 1184 2169 A
1218 2131 1259 2168 te
1297 2129 1413 2182 peto,
1452 2130 1500 2167 ut

154 2206 267 2231 meas
294 2191 469 2231 iniurias
494 2190 672 2245 proinde
699 2189 852 2244 doleas,
883 2191 931 2229 111
956 2203 1023 2229 1116
1049 2187 1264 2229 existimas
1291 2189 1332 2227 et
1359 2185 1499 2226 dolere
1519 2195 1553 2221 35

157 2252 197 2289 et
231 2249 376 2290 ulcisci
411 2252 506 2290 tuas
538 2249 682 2290 solere.
