1659 2552
591 102 735 137 LIBER
758 103 808 137 V1
835 106 983 138 20—22.
1401 103 1481 143 167

141 199 329 253 Lentuli,
360 199 558 240 timidum
590 213 678 240 esse
711 199 905 240 dicebant
937 197 1070 255 (eram
1101 199 1243 253 plane3
1280 199 1483 239 timebam

142 259 270 313 enim,
310 272 362 298 ne
401 258 617 299 evenirent
649 272 713 312 ea,
757 272 863 312 quae
900 258 1178 312 acciderunt),
1223 257 1334 298 idem
1372 272 1483 298 nunc

141 317 249 358 nihil
279 317 409 358 timeo
443 319 483 357 et
515 317 567 357 ad
600 330 767 357 omnem
799 319 996 358 eventum
1027 319 1199 370 paratus
1227 331 1330 356 sum.
1376 316 1482 356 Cum

142 376 303 430 aliquid
339 375 562 416 videbatur
600 376 737 416 caveri
774 390 912 430 posse,
955 378 1048 416 tum
1085 375 1130 416 id
1165 375 1335 430 neglegi
1373 375 1483 415 dole-

107 435 258 489 5bam3
294 449 406 475 1111110
442 448 542 475 vero
580 434 735 475 eversis
767 435 964 475 omnibus
995 434 1138 488 rebus,
1179 448 1274 474 cum
1307 434 1482 475 consilio

142 493 291 548 profici
322 493 431 534 nihil
461 493 607 547 possit,
638 508 721 534 una
753 493 860 534 ratio
893 493 1071 547 videtur,
1106 492 1309 547 quicquid
1340 507 1484 533 evene-

144 553 217 606 rit,
261 553 369 593 ferre
409 552 641 606 moderate,
684 552 932 606 praesertim
973 566 1068 592 cum
1109 552 1300 592 omnium
1342 566 1484 592 rerum

143 625 258 652 mors
290 611 344 652 sit
376 613 628 664 extremum,
666 613 708 651 et
744 611 850 651 mihi
883 611 962 651 sim
1000 611 1191 651 conscius
1221 625 1307 664 me,
1346 610 1486 664 quoad

143 670 327 723 licuerit,
367 669 565 724 dignitati
597 669 657 709 rei
688 685 727 723 p.
766 670 1024 710 consuluisse
1057 672 1098 711 et
1128 669 1207 710 hac
1239 670 1392 710 amissa
1424 684 1485 710 sa-

92 729 276 769 101utem
308 728 488 769 retinere
520 728 714 768 voluisse.

232 786 347 828 Haec
384 787 549 840 scripsi,
586 801 672 827 non
710 789 756 828 ut
789 787 838 827 de
869 801 936 844 me
974 786 1063 841 ipse
1102 787 1300 841 dicerem,
1333 786 1406 827 sed
1437 789 1484 827 ut

143 848 207 899 tu,
249 846 323 899 qui
363 845 708 886 coniunctissima
748 846 867 886 fuisti
907 859 1072 886 mecum
1114 849 1154 886 et
1195 845 1405 886 sententia
1445 848 1486 886 et

143 905 378 958 voluntate,
422 904 566 945 eadem
607 904 824 960 cogitares.
898 903 1053 959 Magna
1097 905 1208 945 enim
1253 904 1485 945 consolatio

145 966 224 1017 est,
263 977 357 1003 cum
399 963 634 1016 recordare,
673 963 838 1003 etiamsi
870 977 987 1003 secus
1019 963 1234 1017 acciderit,
1270 966 1312 1004 te
1344 966 1487 1004 tamen

92 1034 125 1058 15
145 1024 256 1062 recte
287 1036 467 1075 vereque
499 1022 686 1062 sensisse.
748 1021 890 1075 Atque
922 1022 1084 1062 utinam
1109 1022 1234 1063 liceat
1259 1022 1485 1076 aliquando

144 1081 287 1134 aliquo
318 1080 379 1121 rei
410 1096 448 1134 p.
481 1083 594 1121 statu
625 1094 702 1121 nos
728 1081 811 1121 frui
837 1081 948 1121 inter
972 1095 1133 1134 nosque
1159 1081 1348 1122 conferre
1375 1080 1487 1121 solli-

145 1139 353 1180 citudines
395 1142 578 1193 nostras,
624 1153 727 1193 quas
765 1139 1018 1193 pertulimus
1058 1142 1166 1193 tum,
1211 1154 1306 1180 cum
1346 1139 1486 1180 timidi

144 1198 411 1252 putabamur,
443 1198 541 1252 quia
573 1198 814 1239 dicebamus
840 1212 887 1238 ea
912 1198 1071 1252 futura,
1104 1213 1209 1252 quae
1235 1199 1346 1238 facta
1377 1201 1485 1238 sunt.

234 1255 298 1297 De
329 1257 414 1297 tuis
451 1257 577 1298 rebus
608 1257 717 1297 nihil
748 1271 836 1297 esse
874 1257 988 1310 quod
1018 1257 1168 1297 timeas
1199 1259 1366 1311 praeter
1397 1257 1486 1297 uni-

94 1328 127 1352 ·20
146 1329 289 1356 versae
326 1315 385 1355 rei
422 1330 460 1369 p.
499 1316 720 1356 interitum
760 1315 841 1356 tibi
882 1316 1106 1370 confirmo3
1152 1315 1201 1356 de
1241 1330 1308 1356 me
1346 1318 1487 1356 autem

146 1374 206 1414 sic
236 1373 363 1414 velim
394 1373 563 1428 iudices,
595 1376 800 1428 quantum
833 1388 911 1429 ego
942 1374 1113 1428 possim,
1144 1388 1211 1414 me
1242 1374 1335 1428 tibi,
1362 1374 1488 1414 saluti

146 1435 242 1473 tuae
273 1432 502 1486 liberisque
533 1433 618 1474 tuis
650 1447 815 1474 summo
842 1446 937 1473 cum
964 1433 1104 1473 studio
1129 1435 1298 1487 praesto
1324 1447 1488 1487 semper

146 1491 348 1532 futurum.
411 1491 528 1532 Vale.

748 1595 882 1638 XXII.

96 1691 129 1715 25
455 1675 528 1710 Sor.
556 1677 692 1711 Romae
717 1689 761 1711 m.
789 1677 896 1711 ῙΙΙαίο
927 1689 959 1712 α.
989 1680 1061 1712 708
1095 1680 1181 1723 (46).

620 1756 788 1792 CICERO
813 1757 1027 1794 DOMITIO.

237 1839 337 1880 Non
369 1854 416 1880 ea
448 1854 513 1880 res
543 1855 610 1881 me
643 1841 864 1895 deterruit,
903 1856 986 1895 quo
1017 1842 1174 1897 minus,
1214 1846 1490 1897 posteaquam

151 1899 196 1939 in
226 1897 394 1939 Italiam
425 1899 590 1952 venisti,
622 1899 786 1940 litteras
818 1900 870 1939 ad
894 1902 936 1940 te
962 1900 1187 1954 mitterem
1220 1902 1356 1955 quod
1364 1904 1412 1941 tu
1439 1901 1491 1941 ad

151 1972 217 1998 me
248 1957 386 1997 nullas
423 1957 613 2010 miseras,
652 1957 724 1998 sed
761 1958 876 2012 quia,
914 1972 991 1998 nec
1022 1959 1125 2012 quid
1155 1935 1235 2000 tibi
1267 1950 1491 2013 pollicerer

99 2028 132 2053 30
150 2016 240 2069 ipse
278 2030 405 2071 egens
442 2016 567 2056 rebus
605 2016 819 2069 omnibus,
862 2031 939 2057 nec
977 2017 1080 2070 quid
1116 2018 1351 2072 suaderem
1397 2032 1492 2059 cum

150 2074 344 2115 mihimet
382 2074 464 2128 ipsi
502 2074 725 2115 consilium
759 2075 911 2128 desset,
948 2089 1025 2115 nec
1057 2076 1159 2129 quid
1191 2076 1492 2117 consolationis

151 2133 358 2174 adferrem
383 2133 427 2173 in
452 2133 582 2173 tantis
607 2133 740 2187 malis,
772 2133 1044 2186 reperiebam.
1095 2133 1210 2175 Haec
1237 2150 1493 2189 quamquam

150 2191 285 2232 nihilo
317 2192 493 2232 meliora
526 2194 623 2231 sunt
649 2205 760 2232 1111110
786 2192 913 2232 etiam
946 2194 1071 2245 atque
1099 2193 1226 2233 etiam
1257 2194 1394 2234 multo
1428 2194 1494 2235 de-

151 2250 394 2305 speratiora,
425 2253 566 2291 tamen
591 2250 729 2290 inanis
756 2265 843 2291 esse
868 2264 982 2291 meas
1008 2251 1171 2292 litteras
1198 2267 1324 2306 quam
1355 2252 1493 2294 nullas

99 2319 133 2344 35
154 2308 295 2349 malui.

1511 798 1529 828 [ὓ
