1659 2552
613 99 756 133 LIBER
781 99 830 133 IX
858 102 1006 134 17—20.
1387 98 1470 139 249

130 209 200 236 sus
224 193 472 249 Minervam,
507 194 537 247 †
563 195 635 235 sed
667 194 879 248 quomodo
905 194 1039 236 video.
1085 192 1130 234 Si
1157 194 1470 235 aestimationes
1497 205 1517 235 4

130 256 224 294 tuas
261 253 442 294 vendere
480 267 565 293 non
603 256 724 308 potes
760 267 896 307 neque
934 253 1062 294 ollam
1095 252 1363 293 denariorum
1396 253 1471 293 im-

129 312 264 366 plere,
305 311 486 352 Romam
527 312 607 353 tibi
649 312 965 367 remigrandum
1006 314 1086 365 est3
1128 311 1259 351 satius
1301 314 1362 351 est
1401 311 1472 351 hic

130 371 337 412 cruditate
369 385 496 424 quam
528 371 624 411 istic
655 371 775 411 fame.
837 370 974 411 Video
1006 373 1048 411 te
1080 370 1192 410 bona
1221 369 1471 423 perdidisse3

96 442 111 466 5
131 444 252 484 spero
285 429 396 470 idem
428 429 537 469 istuc
568 429 796 470 familiares
827 431 934 470 tuos.
996 428 1153 469 Actum
1185 428 1318 483 igitur
1350 428 1399 468 de
1430 431 1472 468 te

131 491 211 542 est,
250 488 333 529 nisi
370 488 576 542 provides.
638 487 765 529 Potes
802 488 918 528 mulo
956 488 1056 541 isto,
1098 501 1223 541 quem
1261 486 1341 527 tibi
1379 486 1473 527 reli-

132 561 262 601 quum
283 547 386 587 dicis
407 561 506 601 esse,
533 547 734 600 quoniam
755 546 1019 587 cantherium
1040 545 1272 599 comedisti,
1291 544 1473 585 Romam

131 606 315 660 pervehi.
379 604 491 646 Sella
527 605 608 645 tibi
646 606 726 646 erit
764 605 808 646 in
847 606 947 646 ludo
986 608 1203 658 tamquam
1239 604 1472 658 hypodida—

132 664 244 706 scalo
275 665 487 719 proxima,
520 678 611 705 eam
642 664 841 718 pulvinus
874 666 1082 718 sequetur.

80 805 113 830 10
744 791 855 833 XIX.
907 832 916 844 ,

393 872 466 907 Sor.
494 872 629 907 Romae
649 877 731 916 post
756 873 812 906 Id.
841 872 934 907 Seaet.
962 885 995 907 α.
1025 874 1097 906 708
1125 874 1214 915 (46).

393 953 560 988 CICERO
594 954 626 988 S.
653 954 695 988 D.
731 954 783 999 [L.
812 953 1020 1000 PAPIRIO]
1047 953 1215 988 PAETO.

222 1048 380 1089 Tamen
412 1064 436 1089 a
466 1049 630 1089 malitia
666 1064 751 1090 non
791 1049 985 1104 discedis,
1022 1049 1237 1089 tenuiculo
1271 1050 1474 1102 apparatu
1503 1060 1519 1090 1

134 1108 346 1163 significas
372 1107 554 1148 Balbum
580 1108 709 1148 fuisse
736 1110 992 1148 contentum.
1031 1107 1125 1148 Hoc
1144 1107 1299 1148 videris
1326 1107 1474 1160 dicere,

81 1180 115 1205 15
135 1181 230 1207 cum
268 1180 388 1222 reges
426 1169 513 1206 tam
551 1167 636 1207 sint
675 1166 955 1221 continentes,
993 1166 1129 1206 multo
1161 1166 1297 1221 magis
1329 1179 1475 1205 consu-

132 1226 233 1266 laris
266 1239 354 1266 esse
387 1228 592 1279 oportere.
654 1224 802 1266 Nescis
833 1240 900 1266 me
933 1225 984 1265 ab
1017 1225 1091 1265 illo
1125 1225 1266 1265 omnia
1291 1224 1475 1277 expisca-

133 1287 243 1338 tum3
280 1286 394 1324 recta
425 1284 537 1324 enim
570 1299 594 1324 a
624 1286 748 1337 porta
780 1284 952 1324 domum
983 1297 1120 1324 meam
1151 1283 1181 1336 ἢ·
1212 1283 1375 1323 venisse
1406 1296 1475 1322 ne-

135 1356 215 1396 que
253 1342 335 1383 hoc
375 1342 577 1396 admiror,
619 1343 733 1396 quod
772 1357 858 1383 non
899 1357 1017 1383 suam
1048 1342 1207 1395 potius,
1249 1342 1321 1382 sed
1358 1340 1475 1394 illud,

135 1401 248 1455 quod
278 1415 364 1442 non
396 1401 448 1441 ad
479 1415 608 1442 suam.
670 1400 764 1456 Ego
797 1403 938 1441 autem
969 1400 1106 1441 tribus
1137 1400 1286 1453 primis
1317 1399 1474 1440 verbis:

84 1473 116 1497 -20
136 1459 264 1508 ‘Quid
287 1462 431 1500 noster
449 1459 656 1500 Paetus?
688 1459 747 1500 At
772 1460 843 1500 ille
870 1460 1066 1500 adiurans
1091 1473 1300 1512 nusquam
1326 1473 1368 1499 se
1388 1472 1476 1498 um-

136 1533 263 1572 quam
293 1518 507 1559 libentius.
568 1517 663 1559 Hoc
694 1519 728 1559 si
760 1518 901 1559 verbis
934 1518 1154 1558 adsecutus
1188 1532 1247 1571 es,
1279 1517 1392 1557 auris
1425 1516 1477 1556 ad
1502 1527 1523 1557 2

136 1579 177 1617 te
217 1576 402 1617 adferam
439 1591 525 1617 non
561 1577 701 1617 minus
739 1577 962 1632 elegantis,
1004 1577 1069 1617 sin
1107 1578 1248 1616 autem
1286 1575 1475 1629 opsonio,

135 1637 234 1689 peto
267 1649 290 1675 a
321 1637 379 1689 te,
417 1650 469 1675 ne
500 1635 634 1689 pluris
667 1650 754 1676 esse
786 1635 936 1676 balbos
968 1649 1095 1688 quam
1132 1635 1310 1675 disertos
1341 1636 1476 1688 putes,

136 1693 205 1734 Me
231 1693 385 1734 cotidie
411 1693 525 1734 aliud
551 1708 602 1734 ex
628 1694 710 1734 alio
743 1694 938 1748 impedit3
971 1694 1054 1747 sed,
1086 1692 1121 1733 si
1146 1707 1214 1733 me
1240 1693 1476 1746 expediero,

85 1764 118 1788 25
137 1755 184 1792 ut
215 1752 260 1792 in
291 1751 372 1792 ista
408 1752 501 1792 loca
531 1752 674 1792 venire
711 1752 887 1806 possim,
925 1766 1011 1792 non
1043 1751 1324 1805 committam,
1356 1754 1404 1791 ut
1435 1753 1478 1791 te

137 1824 230 1852 sero
262 1825 286 1850 a
315 1825 383 1851 me
415 1810 637 1851 certiorem
668 1810 827 1851 factum
861 1813 994 1864 putes.

764 1938 855 1978 XX.

421 2017 496 2053 Ser.
523 2018 659 2052 Romae
684 2019 733 2052 in.
762 2030 804 2052 m.
833 2017 926 2053 Sext.
955 2030 978 2052 α
1005 2020 1077 2053 708
1105 2019 1196 2061 (46).

627 2099 794 2134 CICERO
821 2099 989 2133 PAETO.

86 2196 119 2221 30
225 2183 464 2238 Dupliciter
496 2183 726 2224 delectatus
752 2197 845 2223 sum
871 2182 956 2222 tuis
981 2181 1148 2235 litteris,
1181 2184 1223 2222 et
1248 2180 1363 2234 quod
1388 2180 1477 2234 ipse
1507 2191 1524 2221 1

139 2241 213 2282 risi
245 2245 286 2282 et
318 2243 431 2296 quod
467 2245 509 2283 te
546 2241 737 2282 intellexi
768 2241 853 2281 iam
890 2254 1012 2294 posse
1043 2240 1197 2295 ridere,
1235 2254 1302 2280 me
1335 2241 1478 2279 autem

138 2315 162 2340 a
192 2302 234 2341 te
264 2303 312 2341 ut
343 2315 529 2342 scurram
555 2300 726 2341 velitem
757 2299 880 2341 malis
913 2301 1133 2340 oneratum
1160 2313 1248 2339 esse
1274 2312 1359 2338 non
1390 2311 1478 2338 mo-
