1659 2552
555 95 699 133 LIBER
725 99 792 134 XII
819 103 878 144 14,
907 105 960 134 15.
1350 101 1429 142 347

724 241 815 283 XV.

334 320 407 356 Ser.
435 321 572 366 Pergyae
597 322 693 356 IIII
714 322 808 356 Non.
835 322 919 357 Iun.
946 335 979 357 a.
1008 326 1076 357 '711
1106 326 1194 366 (43².

98 402 137 438 P.
164 402 413 436 LENTULUS
439 402 476 437 P.
498 401 535 437 F.
562 402 699 444 PROQ.
726 402 894 438 PROPR.
923 403 956 438 S.
977 403 1019 438 D.
1047 403 1141 438 Cos.
1170 403 1240 438 PR.
1268 402 1339 436 Ήί.
1368 402 1434 436 PL.

288 459 494 494 SENATUI
524 460 710 496 POPULO
737 460 971 503 PLEBIQUE
998 461 1247 496 ROMANAE.

66 551 84 578 5
191 543 229 585 S.
263 559 299 585 v.
331 544 357 584 l.
389 559 425 584 v.
458 559 494 584 v.
527 544 565 584 b.
599 559 630 585 e.
663 559 698 585 v.
763 544 926 586 Scelere
957 544 1203 586 Dolabellae
1240 558 1436 598 oppressa
1465 557 1479 586 1

99 602 202 643 Asia
239 602 282 643 in
319 602 557 656 proximam
598 603 859 656 provinciam
890 602 1181 644 Macedoniam
1212 602 1435 657 praesidia-

101 676 180 715 que
213 661 273 702 rei
303 676 355 715 p.,
388 675 492 715 quae
523 660 577 701 M.
611 661 780 716 Brutus,
812 677 848 702 v.
882 676 931 716 c.,
963 662 1145 716 tenebat,
1176 677 1244 703 me
1276 660 1435 701 contuli

101 723 141 760 et
178 719 223 760 id
260 720 345 774 egi,
383 722 446 773 ut,
483 733 558 773 per
596 734 700 773 quos
739 720 954 761 celerrime
984 723 1173 774 possent,
1210 719 1312 761 Asia
1342 733 1436 773 pro—

99 778 237 819 vincia
260 778 566 833 vectigaliaque
592 778 635 818 in
660 781 842 819 vestram
861 781 1114 832 potestatem
1134 779 1435 834 redigerentur.

0 851 1 856 ¹
48 850 81 875 10
101 836 224 886 Quod
267 850 360 877 cum
403 837 689 890 pertimuisset
733 828 954 877 Dolabella
997 840 1159 878 vastata
1207 836 1436 891 provincia,

101 895 306 949 correptis
336 895 636 950 vectigalibus,
667 896 889 949 praecipue
923 895 1084 936 civibus
1116 895 1319 936 Romanis
1352 908 1437 935 om-

100 954 226 994 nibus
265 953 549 994 crudelissime
591 954 811 994 denudatis
843 968 889 994 ac
921 954 1146 994 divenditis
1179 953 1437 1006 celeriusque

100 1012 203 1053 Asia
234 1012 488 1066 excessisset,
521 1026 646 1065 quam
672 1026 720 1053 eo
752 1012 1007 1066 praesidium
1040 1012 1188 1052 adduci
1219 1011 1437 1066 potuisset,

103 1071 261 1111 diutius
297 1070 455 1111 morari
487 1073 558 1110 aut
591 1074 830 1124 exspectare
867 1071 1123 1124 praesidium
1154 1084 1240 1111 non
1271 1083 1437 1110 necesse

51 1141 83 1166 15
101 1129 232 1170 habui
259 1132 300 1169 et
326 1143 451 1182 quam
476 1129 661 1182 primum
688 1129 739 1169 ad
763 1143 904 1169 meum
931 1129 1118 1170 officium
1144 1128 1437 1169 revertendum

101 1188 208 1228 mihi
240 1201 327 1228 esse
360 1187 608 1241 existimavi,
641 1190 688 1227 ut
719 1189 760 1227 et
791 1187 954 1241 reliqua
978 1187 1201 1242 vectigalia
1227 1187 1438 1241 exigerem

103 1249 160 1300 et,
199 1260 324 1300 quam
361 1245 551 1300 deposui,
591 1246 812 1299 pecuniam
850 1246 1109 1301 colligerem,
1148 1245 1348 1299 quicquid
1388 1258 1439 1284 ex

103 1319 150 1346 ea
190 1306 431 1358 correptum
468 1306 592 1357 esset,
636 1306 708 1344 aut
749 1318 928 1358 quorum
969 1304 1012 1344 id
1050 1304 1171 1357 culpa
1209 1303 1438 1355 accidisset,

103 1376 399 1418 cognoscerem
425 1377 551 1416 quam
576 1362 762 1416 primum
787 1365 828 1403 et
853 1376 928 1403 vos
960 1362 1010 1402 de
1043 1362 1158 1402 omni
1190 1376 1233 1402 re
1260 1362 1439 1401 facerem

51 1434 86 1458 ‘20
106 1421 316 1462 certiores

191 1478 369 1520 Interim
402 1493 496 1519 cum
532 1493 608 1532 per
638 1478 796 1519 insulas
828 1478 871 1519 in
903 1477 1049 1519 Asiam
1085 1477 1303 1533 naviganti
1334 1477 1439 1517 mihi
1466 1489 1485 1518 ‘2

105 1538 346 1578 nuntiatum
378 1540 486 1577 esset
517 1537 691 1577 classem
716 1537 961 1578 Dolabellae
992 1537 1037 1578 in
1062 1536 1191 1589 Lycia
1216 1550 1303 1576 esse
1329 1535 1441 1575 Rho-

107 1596 282 1649 diosque
318 1595 437 1636 navis
475 1595 689 1649 conpluris
725 1596 952 1636 instructas
984 1598 1025 1636 et
1061 1597 1227 1648 paratas
1259 1594 1303 1634 in
1335 1608 1441 1647 aqua

105 1654 278 1708 habere,
319 1668 414 1694 cum
446 1653 497 1693 iis
527 1654 723 1707 navibus,
755 1668 858 1707 quas
889 1656 961 1693 aut
991 1667 1156 1693 mecum
1187 1652 1441 1692 adduxeram

54 1725 88 1750 25
108 1715 180 1753 aut
218 1714 532 1765 comparaverat
562 1711 753 1752 Patiscus
789 1726 925 1766 proq,
961 1711 1090 1751 homo
1121 1710 1227 1751 mihi
1259 1724 1354 1751 cum
1384 1710 1442 1749 fa—

107 1770 353 1812 miliaritate
378 1772 470 1810 tum
497 1769 623 1810 etiam
649 1769 840 1810 sensibus
866 1770 909 1809 in
935 1783 979 1809 re
1004 1784 1042 1823 p.
1065 1768 1442 1820 coniunctissimus,

107 1829 307 1870 Rhodum
339 1828 499 1868 deverti
531 1829 710 1868 confisus
742 1827 992 1868 auctoritate
1023 1829 1161 1867 vestra
1192 1828 1443 1878 senatusque

110 1887 319 1941 consulto,
359 1900 441 1940 quo
478 1885 644 1926 hostem
675 1885 941 1926 Dolabellam
979 1884 1236 1937 iudicaratis,
1276 1883 1443 1924 foedere

111 1960 294 2000 quoque,
333 1944 446 1999 quod
477 1958 571 1984 cum
603 1944 655 1984 iis
685 1943 740 1984 M.
771 1943 989 1997 Marcello,
1023 1942 1108 1983 Ser.
1142 1942 1345 1995 Sulpicio·
1369 1954 1443 1982 cos.

59 2017 92 2042 30
110 2007 359 2045 renovatum
392 2005 496 2056 erat,
529 2016 612 2056 quo
644 2002 884 2042 iuraverant
915 2001 1072 2041 Rhodii
1104 2001 1271 2041 eosdem
1301 1999 1445 2040 hostes

111 2077 155 2104 se
193 2062 415 2103 habituros
467 2075 571 2114 quos
618 2063 785 2100 senatus
830 2059 1094 2114 populusque
1134 2058 1182 2099 R.
1225 2057 1339 2107 Quae
1379 2072 1445 2097 res

111 2135 189 2162 nos
213 2121 482 2162 vehementer
512 2118 680 2172 fefellit3
712 2120 878 2158 tantum
904 2118 1015 2158 enim
1047 2117 1164 2170 afuit,
1196 2118 1243 2156 ut
1274 2116 1446 2156 illorum

108 2179 320 2234 praesidio
345 2181 533 2219 nostram
558 2178 820 2217 firmaremus
846 2176 1030 2229 classem,
1061 2177 1108 2215 ut
1134 2174 1261 2215 etiam
1287 2189 1309 2214 a
1334 2173 1447 2214 Rho-

115 2238 194 2278 diis
225 2237 341 2291 urbe,
372 2240 509 2291 portu,
542 2235 734 2289 statione,
766 2248 871 2288 quae
903 2236 1021 2274 extra
1052 2233 1200 2273 urbem
1232 2235 1305 2285 est,
1338 2246 1447 2272 com-

62 2305 96 2331 35
113 2298 275 2350 meatu,
308 2310 413 2350 aqua
447 2295 623 2348 denique
655 2293 981 2347 prohiberentur
1011 2291 1145 2332 nostri
1171 2291 1339 2344 milites,
1370 2304 1448 2330 nos
