1659 2552
609 85 752 119 LIBER
777 85 826 119 111
854 90 883 129 τ,
911 88 941 120 8.
1387 85 1442 126 63

104 182 290 223 maxima
322 181 511 235 imperia,
542 184 589 222 ut
621 181 726 222 mihi
758 180 864 222 nihil
896 196 1030 236 neque
1062 181 1114 222 ad
1144 182 1349 222 honorem
1374 195 1443 222 ne-

106 255 186 295 que
237 240 289 281 ad
332 240 511 295 gloriam
563 240 867 294 adquirendum
919 243 1133 294 putarem,
1183 240 1442 294 superiorem

107 299 276 354 quidem
315 314 561 353 numquam,
603 299 675 339 sed
711 313 854 353 parem
892 299 1012 340 vobis
1049 314 1115 340 me
1153 299 1315 353 speravi
1354 313 1441 339 esse

106 359 274 399 factum.
335 357 425 399 Nee
456 358 694 398 mehercule
727 358 849 398 aliter
879 358 966 398 vidi
999 358 1238 399 existimare
1269 357 1337 398 vel
1368 356 1441 398 Cn.

71 430 87 454 5
107 416 374 471 Pompeium,
407 431 531 470 quem
564 416 776 470 omnibus,
815 416 887 470 qui
919 431 1120 471 umquam
1151 417 1338 470 fuerunt,
1376 416 1443 456 vel

106 475 150 516 P.
183 475 426 528 Lentulum,
466 490 590 529 quem
629 475 733 515 mihi
770 475 851 529 ipsi
889 478 1120 530 antepono,
1163 478 1211 516 tu
1248 475 1283 516 si
1321 474 1443 515 aliter

107 534 338 587 existimas,
370 533 477 574 nihil
510 533 686 587 errabis,
726 534 760 574 si
790 534 916 588 paulo
949 534 1211 590 diligentius,
1243 536 1307 588 ut,
1341 533 1442 587 quid

107 593 161 633 sit
208 592 422 646 εὐγένεια,
469 593 570 646 quid
613 592 667 633 sit
710 592 927 647 nobilitas,
971 593 1211 648 intellegas,
1255 592 1442 633 Atheno<

108 652 254 705 dorus,
296 650 502 692 Sandonis
540 651 673 704 filius,
716 651 817 705 quid
855 652 903 692 de
940 651 1006 692 his
1045 652 1169 692 rebus
1202 651 1331 705 dieat,
1373 650 1441 691 ad-

55 724 88 747 ιο
108 710 302 751 tenderis.

196 767 277 809 Sed
304 771 351 808 ut
383 768 435 808 ad
466 783 553 808 rem
580 768 757 821 redeam,
789 783 855 809 me
881 769 960 809 tibi
987 783 1071 810 non
1097 769 1278 810 amicum
1303 768 1442 822 modo,

107 842 253 868 verum
291 827 418 867 etiam
457 826 756 867 amicissimum
795 827 1008 868 existimes
1044 828 1181 869 velim.
1242 827 1439 868 Profecto

109 886 304 926 omnibus
337 885 487 926 officiis
518 885 622 925 meis
655 886 852 939 efficiam,
890 889 936 926 ut
968 886 1028 927 ita
1059 901 1146 927 esse
1178 901 1274 927 vere
1305 885 1442 940 possis

108 944 301 985 iudicare.
363 943 427 984 Tu
466 946 606 984 autem
645 944 679 984 si
711 944 754 984 id
785 944 891 1000 agis,
929 947 976 985 ut
1013 945 1153 986 minus
1183 959 1276 985 mea
1308 959 1441 998 eausa,

56 1015 89 1041 15
109 1003 208 1044 dum
247 1017 324 1058 ego
357 1003 507 1056 apsim,
541 1002 690 1043 debere
721 1003 918 1057 videaris,
956 1018 1082 1057 quam
1115 1018 1192 1059 ego
1224 1006 1297 1044 tua
1327 1003 1441 1043 labo-

108 1062 248 1116 rarim,
280 1061 414 1115 libero
448 1064 490 1102 te
522 1061 602 1102 ista
634 1076 751 1116 eura,

495 1142 589 1197 πάρ’
628 1145 773 1197 ἔμοιγε
803 1143 874 1185 καὶ
907 1145 1054 1197 ἄλλοι,

209 1203 255 1243 οἵ
282 1201 332 1243 κε’
360 1218 410 1256 με
441 1203 687 1256 τιμήσουσι,
718 1203 903 1256 μάλιστα
934 1200 982 1243 δὲ
1012 1206 1187 1257 μητίετα
1222 1203 1341 1251 Ζεύς.

111 1295 155 1336 Si
188 1299 327 1336 autem
358 1298 507 1336 natura
539 1310 581 1337 es
613 1298 842 1350 φιλαίτιος,
874 1296 980 1337 illud
1009 1311 1095 1337 non
1124 1296 1327 1351 perficies,
1358 1310 1441 1350 quo

59 1355 91 1380 ‘20
110 1355 250 1395 minus
286 1357 359 1395 tua
398 1369 519 1395 eausa
558 1354 704 1409 velim,
740 1355 821 1395 hoe
857 1355 1099 1410 adsequere,
1136 1358 1200 1409 ut,
1242 1369 1367 1409 quam
1398 1354 1443 1396 in

110 1416 272 1467 partem
303 1416 349 1454 tu
377 1413 566 1467 accipias,
597 1413 737 1453 minus
761 1414 960 1454 laborem.
1010 1414 1125 1455 Haeo
1151 1414 1203 1455 ad
1226 1416 1268 1454 te
1294 1413 1442 1467 scripsi

109 1472 284 1512 liberius
315 1472 447 1513 fretus
479 1472 733 1513 conscientia
764 1472 893 1513 officii
924 1473 1007 1513 mei
1038 1472 1442 1526 benivolentiaeque,

112 1545 237 1584 quam
274 1546 297 1570 a
333 1546 399 1571 me
437 1533 549 1571 certo
588 1530 743 1571 iudicio
775 1534 1028 1586 susceptam,
1070 1532 1208 1585 quoad
1237 1534 1286 1572 tu
1317 1531 1444 1585 voles,

113 1589 381 1630 conservabo.

59 1693 92 1719 2⁵
720 1693 834 1735 VIII.

178 1773 250 1809 Ser.
278 1775 318 1807 in
343 1776 470 1808 castris
495 1775 535 1808 in
561 1786 646 1819 (tyro
672 1774 940 1819 Mopsuhestiae
968 1787 1000 1809 α..
1029 1776 1061 1809 (I.
1096 1775 1201 1809 VIII
1219 1775 1276 1809 Id.
1308 1775 1380 1810 Oct.

657 1833 690 1856 a.
721 1824 789 1856 703
817 1824 906 1865 (51).

418 1900 584 1935 CICERO
613 1901 646 1936 S.
673 1902 714 1936 D.
742 1902 881 1936 APPIO
907 1902 1140 1937 PULCHRO.

200 1996 305 2052 Etsi,
337 2000 541 2051 quantum
573 2011 624 2037 ex
654 1997 739 2037 tuis
769 1997 923 2038 litteris
955 1997 1198 2052 intellegere
1223 1998 1356 2051 potui,
1387 1997 1446 2038 vi-

61 2067 94 2092 30
115 2055 263 2096 debam
301 2058 342 2096 te
379 2056 487 2096 hano
525 2055 762 2108 epistolam,
802 2069 895 2096 cum
928 2056 980 2095 ad
1011 2055 1158 2095 urbem
1191 2070 1316 2110 esses,
1357 2070 1445 2096 esse

111 2114 319 2155 lecturum
356 2114 604 2170 refrigerato
636 2113 719 2154 iam
757 2114 969 2154 levissimo
1003 2114 1193 2154 sermone
1223 2113 1445 2155 hominum

111 2173 451 2227 provincialium,
489 2175 646 2226 tamen,
688 2186 781 2213 eum
818 2175 865 2212 tu
905 2174 992 2212 tam
1031 2172 1177 2212 multis
1217 2172 1357 2213 verbis
1394 2172 1446 2214 ad

112 2245 178 2272 me
205 2231 254 2272 de
278 2231 570 2286 improborum
596 2230 784 2271 oratione
811 2230 1056 2284 scripsisse-S,
1083 2230 1320 2271 faciendum
1339 2231 1445 2272 mihi

110 2290 268 2344 putavi,
299 2292 347 2330 ut
377 2290 462 2331 tuis
492 2290 646 2331 litteris
677 2289 794 2330 brevi
827 2289 1132 2344 responderem.
1197 2288 1278 2330 Sed
1308 2290 1445 2344 prima
1471 2301 1490 2330 2
