1659 2552
193 111 282 153 400
700 110 1041 145 EPISTULARUM

194 206 301 248 mihi
340 206 455 248 omni
495 205 715 261 diligentia
757 209 883 260 atque
922 206 1065 247 officio
1107 208 1170 246 est
1211 206 1402 248 tuendus.
1465 206 1544 248 Est

195 265 329 321 igitur
360 265 404 306 in
436 267 510 306 tua
546 267 775 319 potestate,
816 267 863 305 ut
902 264 972 306 ille
1005 265 1049 305 in
1081 279 1147 306 me
1180 265 1282 306 satis
1314 265 1395 306 sibi
1427 280 1544 320 prae·

196 324 294 365 sidii
330 326 452 378 putet
490 338 589 364 esse.
652 322 919 378 Quapropter
960 338 1055 364 eum
1094 323 1175 364 tibi
1214 324 1462 365 commendo
1500 325 1545 365 in

195 383 400 424 maiorem
438 382 612 423 modum
650 385 691 423 et
729 396 803 436 aps
834 385 875 423 te
912 385 1029 436 peto,
1071 382 1247 437 efficias,
1289 386 1336 424 ut
1367 383 1402 423 is
1435 397 1545 424 com-

195 441 511 483 mendationem
553 441 663 481 hanc
713 441 933 497 intellegat
976 441 1057 482 sibi
1101 456 1256 497 magno
1300 442 1544 483 adiumento
1583 452 1600 477 5

196 500 336 542 fuisse.
399 500 496 540 Erit
526 501 572 541 id
601 499 708 540 mihi
740 500 1012 541 vehementer
1041 503 1223 555 gratum.

832 651 918 693 XL.

390 732 463 768 Ser.
491 732 630 767 Romae
656 744 709 767 ex.
736 745 769 768 α,
798 735 872 767 699
899 735 978 777 (55)
1006 737 1072 767 aut
1097 744 1130 767 α.
1160 735 1234 768 '700
1262 735 1353 777 (54).

332 814 380 849 M.
409 814 577 849 CICERO
605 815 639 850 S.
666 815 709 850 D.
738 814 778 857 Q.
805 814 1054 849 ANCHARIO
1083 814 1123 856 Q.
1149 814 1189 850 F.
1215 814 1409 850 PROCOS.

286 911 332 951 L.
360 913 401 952 et
428 909 471 951 C.
498 909 697 951 Aurelios
728 910 772 951 L.
800 911 924 965 filios,
957 910 1111 965 quibus
1145 913 1186 951 et
1218 910 1320 964 ipsis
1353 913 1394 951 et
1426 912 1545 965 patre
1566 923 1599 947 10

201 985 358 1024 eorum,
385 970 477 1011 viro
498 970 673 1024 optimo,
700 970 1029 1010 familiarissime
1055 972 1164 1023 utor,
1191 969 1439 1010 commendo
1465 968 1546 1010 tibi

199 1029 404 1070 maiorem
436 1029 480 1069 in
512 1028 704 1083 modum,
737 1028 1016 1069 adulescentis
1049 1028 1247 1069 omnibus
1280 1028 1453 1082 optimis
1485 1042 1548 1069 ar-

199 1088 316 1128 tibus
343 1090 526 1141 ornatos,
557 1102 674 1128 meos
704 1088 1050 1142 pernecessariOS,
1081 1090 1154 1128 tua
1179 1087 1365 1127 amicitia
1391 1087 1547 1143 dignis-

200 1147 341 1187 simos.
405 1146 449 1187 Si
476 1146 562 1186 ulla
587 1160 680 1187 mea
706 1147 818 1200 apud
842 1149 884 1187 te
911 1146 1222 1187 commendatio
1248 1145 1382 1186 valuit
1413 1144 1547 1201 (quod

200 1206 300 1260 scio,
331 1205 487 1246 multas
518 1205 751 1259 plurimum
782 1204 1003 1260 valuisse),
1035 1205 1139 1246 haec
1169 1207 1216 1245 ut
1248 1204 1396 1259 valeat,
1428 1215 1599 1260 rog0.15

201 1263 361 1313 Quodsi
399 1278 470 1305 eos
506 1263 739 1305 honorifice
776 1264 1094 1318 liberaliterque
1135 1264 1346 1317 tractariS,
1388 1266 1429 1304 et
1465 1263 1545 1304 tibi

199 1323 466 1379 gratissimos
493 1322 761 1377 optimosque
793 1323 1072 1363 adulescentis
1098 1322 1340 1362 adiunxeris
1367 1324 1408 1362 et
1439 1321 1545 1363 mihi

200 1382 492 1437 gratissimum
524 1382 685 1422 feceris.

817 1484 925 1526 XLI.

282 1567 356 1602 Ser.
383 1567 519 1602 Romae
544 1571 628 1602 ante
653 1579 685 1601 α.
714 1569 787 1601 696
822 1568 1010 1647 (5242qu
1040 1566 1155 1600 millis
1179 1566 1360 1600 mensibus
1380 1569 1463 1610 post
1566 1578 1600 1603 20

766 1625 817 1657 ep.
975 1642 981 1647 .

626 1694 793 1729 CICERO
822 1693 1068 1729 CULLEOLO
1095 1693 1129 1728 S.

291 1790 405 1840 Quae
443 1791 581 1832 fecisti
611 1790 657 1832 L.
689 1790 842 1832 Luccei
880 1804 1024 1843 causa,
1065 1789 1170 1830 scire
1207 1791 1249 1830 te
1287 1787 1411 1843 plane
1448 1787 1546 1829 volo

201 1852 242 1892 te
274 1850 438 1891 homini
476 1850 721 1906 gratissimo
760 1848 1064 1902 commodasse,
1104 1850 1144 1889 et
1177 1861 1271 1888 cum
1303 1847 1402 1901 ipsi,
1441 1860 1546 1900 quae

201 1909 357 1963 fecisti,
398 1911 596 1964 pergrata
627 1911 742 1962 sunt,
774 1911 866 1949 tum
896 1907 1136 1961 Pompeius,
1169 1906 1546 1960 quotienscumque
1567 1916 1599 1941 ‘25

201 1982 268 2008 me
300 1968 416 2008 videt
449 1966 584 2022 (videt
615 1970 755 2008 autem
789 1964 949 2022 saepe),
980 1965 1139 2021 gratias
1171 1964 1251 2005 tibi
1285 1964 1374 2019 agit
1405 1963 1547 2018 singu-

200 2026 312 2067 laris.
362 2025 486 2066 Addo
513 2026 641 2066 etiam
674 2026 790 2079 illud,
824 2025 938 2079 quod
969 2024 1049 2064 tibi
1082 2023 1431 2064 iucundissimum
1459 2036 1546 2062 esse

203 2087 316 2125 certo
349 2085 453 2138 scio,
491 2099 558 2125 me
596 2085 736 2138 ipsum
768 2099 819 2125 ex
855 2086 929 2124 tua
968 2097 1068 2138 erga
1098 2081 1325 2122 Lucceium
1357 2080 1548 2135 benigni-

201 2146 288 2184 tate
329 2143 514 2184 maxima
546 2143 763 2197 voluptate
805 2142 938 2183 adfici.
1001 2141 1124 2190 Quod
1156 2141 1362 2194 superest,
1404 2153 1548 2193 quam-

202 2216 328 2256 quam
366 2202 472 2242 mihi
510 2216 596 2242 non
629 2204 692 2242 est
724 2201 918 2255 dubium,
957 2200 1077 2254 quin,
1117 2213 1211 2240 cum
1249 2199 1372 2238 antea
1402 2201 1549 2238 nostra
1567 2209 1601 2234 30

202 2274 342 2314 causa,
374 2274 487 2301 nunc
517 2260 602 2301 iam
634 2260 761 2301 etiam
794 2263 890 2300 tuae
923 2257 1182 2300 constantiae
1214 2256 1351 2311 gratia
1383 2270 1549 2302 mansu,-

202 2333 272 2358 rus
305 2319 361 2359 sis
393 2319 437 2359 in
471 2319 616 2360 eadem
649 2319 729 2359 ista
762 2317 1033 2372 liberalitate,
1076 2319 1217 2357 tamen
1249 2329 1322 2369 aps
1355 2317 1395 2355 te
1428 2314 1549 2355 vehe-
