1659 2552
163 101 249 143 282
667 102 1006 138 EPISTULARUM

162 199 295 239 citum
326 198 430 240 locis
461 198 639 239 habeam
674 198 936 252 opportunis,
967 197 1231 252 provinciam
1263 201 1399 253 tuear,
1431 199 1506 240 eti-

163 257 268 298 amsi
300 257 371 298 ille
404 258 611 298 exercitus
645 257 850 310 descierit,
883 256 1107 310 omniaque
1133 257 1300 313 integra
1331 272 1504 313 servem,

163 316 272 357 dabo
300 330 482 371 operam,
515 316 654 370 quoad
680 315 888 356 exercitus
916 315 998 356 hoc
1023 315 1299 357 summittatis
1329 316 1505 371 parique

162 375 363 416 felicitate
396 390 484 416 rem
515 390 553 429 p.
580 375 649 415 hic
673 374 906 415 vindicetis.
967 373 1057 415 Nec
1089 374 1341 430 depugnare,
1373 375 1407 416 si
1440 389 1504 416 oc-

162 434 274 475 casio
307 434 465 488 tulerit,
497 448 574 474 nec
606 433 802 487 obsideri,
838 432 872 473 si
904 446 1071 474 necesse
1103 433 1244 488 fuerit,
1275 448 1352 475 nec
1382 434 1504 489 mori,

161 493 197 534 si
229 506 348 533 casus
388 492 601 545 inciderit,
642 506 720 545 pro
758 491 880 532 vobis
916 491 1106 545 paratior
1145 492 1227 533 fuit
1268 493 1502 547 quisquam.

161 550 298 600 Quare
323 551 474 592 hortor
499 553 551 604 te,
583 551 642 591 mi
664 549 822 605 Cicero,
855 551 1087 591 exercitum
1118 550 1199 592 hoc
1224 551 1503 593 traiciendum

161 625 287 664 quam
327 610 513 665 primum
557 624 676 650 cures
720 612 761 650 et
810 611 1014 664 matures,
1062 609 1309 664 priusquam
1359 610 1503 652 hostes

159 669 296 724 magis
328 669 680 722 conroborentur,
722 671 763 709 et
793 668 929 709 nostri
961 668 1275 722 perturbentur.
1336 668 1386 710 In
1418 683 1502 724 quo

158 728 195 768 si
227 728 418 768 celeritas
456 728 545 768 erit·
574 727 782 781 adhibita,
822 741 886 767 res
923 742 962 781 p.
1001 728 1045 768 in
1077 728 1341 781 possessione
1372 728 1503 770 victo-

158 787 244 827 riae
287 786 434 827 deletis
477 786 690 827 sceleratis
730 785 1006 840 permanebit.
1068 785 1152 827 Fac
1183 787 1322 828 valeas
1353 801 1503 842 meque

159 845 321 900 diligas,

758 949 859 991 XXI
873 965 908 990 a.

535 1030 611 1066 Ser.
646 1031 761 1075 paulo
794 1034 877 1074 post
913 1041 964 1075 ep.
1006 1030 1117 1066 XXI.

557 1112 801 1148 PLANCUS
825 1112 1088 1148 CICERONI.

244 1197 437 1239 Fratrem
468 1211 610 1238 meum
642 1196 740 1251 tibi,
778 1196 1059 1237 fortissimum
1092 1197 1226 1238 civem
1257 1199 1299 1238 et
1331 1196 1383 1238 ad
1414 1211 1500 1238 om-

156 1257 226 1297 nia
263 1257 599 1310 paratissimum,
638 1269 831 1296 excusem
869 1255 1054 1296 litteris?
1092 1256 1165 1310 qui
1197 1270 1248 1296 ex
1278 1255 1423 1297 labore
1455 1256 1499 1296 in

155 1316 405 1356 febriculam
442 1315 591 1356 incidit
630 1314 841 1354 assiduam
878 1316 919 1354 et
956 1314 1058 1355 satis
1096 1314 1329 1355 molestam.
1392 1313 1499 1355 Cum

154 1374 340 1427 primum
371 1374 540 1428 poterit,
573 1373 679 1413 istoc
710 1386 923 1413 recurrere
954 1387 1040 1413 non
1073 1372 1297 1426 dubitabit,
1329 1387 1381 1414 ne
1413 1387 1497 1427 quo

153 1433 248 1473 loco
280 1433 339 1473 rei
371 1447 410 1486 p.
439 1432 555 1473 desit.
617 1431 756 1472 Meam
783 1431 1034 1486 dignitatem
1067 1431 1402 1472 commendatam
1426 1431 1498 1472 ha-

154 1491 265 1545 beas,
298 1505 413 1546 rogo.
477 1490 781 1544 Concupiscere
818 1504 887 1530 me
922 1489 1031 1530 nihil
1063 1492 1247 1545 oportet3
1287 1490 1423 1531 habeo
1455 1493 1497 1532 te

155 1552 196 1591 et
229 1549 564 1590 amantissimum
597 1549 679 1589 mei
712 1551 773 1602 et,
805 1548 919 1602 quod
952 1549 1106 1602 optavi,
1139 1564 1326 1590 summae
1358 1551 1498 1590 aucto-

154 1609 310 1663 ritatis,
348 1611 395 1649 tu
433 1608 606 1661 videris,
645 1610 849 1661 quantum
891 1609 933 1647 et
974 1608 1142 1661 quando
1183 1610 1304 1648 tuum
1344 1622 1497 1649 munus

154 1667 266 1721 apud
297 1682 363 1711 me
396 1667 500 1707 velis
533 1681 631 1707 esse.
694 1665 877 1706 Tantum
909 1668 951 1706 te
983 1681 1100 1722 rogo,
1133 1667 1177 1708 in
1208 1666 1325 1707 Hirti
1357 1667 1496 1708 locum

153 1740 220 1767 me
261 1726 416 1766 subdas
457 1728 497 1767 et
539 1725 591 1766 ad
631 1727 751 1766 tuum
789 1739 976 1766 amorem
1015 1728 1056 1766 et
1093 1725 1146 1766 ad
1182 1739 1319 1766 meam
1358 1725 1497 1767 obser-

153 1785 351 1826 vantiam.

756 1887 890 1930 XXII.

255 1971 330 2006 Ser.
357 1971 493 2005 Romae
519 1971 613 2004 inter
646 1970 749 2003 VIII
769 1974 801 2004 et
825 1970 899 2003 III
919 1969 967 2004 K.
999 1970 1121 2014 Quint.
1148 1981 1180 2004 a.
1214 1972 1282 2004 '711
1311 1971 1387 2012 (43)

621 2050 790 2086 CICERO
820 2050 1020 2086 PLANCO.

238 2136 288 2178 In
319 2139 361 2177 te
393 2138 434 2177 et
466 2137 510 2177 in
542 2136 704 2191 collega
737 2135 873 2176 omnis
910 2149 1004 2189 spes
1037 2137 1099 2176 est
1131 2134 1193 2176 dis
1225 2133 1495 2188 adprobanti-

151 2195 240 2236 bus.
299 2194 534 2236 Concordia
566 2197 721 2248 vestra,
760 2208 866 2248 quae
903 2194 1067 2235 senatui
1100 2193 1309 2234 declarata
1339 2193 1494 2234 litteris

151 2254 302 2294 vestris
334 2256 414 2308 est,
452 2253 629 2294 mirifice
662 2255 703 2294 et
735 2254 904 2294 senatus
936 2255 977 2293 et
1009 2254 1157 2293 cuncta
1183 2251 1331 2292 civitas
1364 2251 1494 2292 delec-

151 2314 238 2352 tata
279 2315 352 2352 est.
415 2311 538 2360 Quod
581 2311 632 2352 ad
675 2326 742 2352 me
786 2311 1012 2365 scripseras
1056 2310 1105 2351 de
1147 2324 1191 2351 re
1232 2310 1418 2365 agraria,
1458 2310 1495 2351 si

1523 738 1556 763 10

1520 1125 1553 1151 15

1518 1443 1551 1468 20

1517 1735 1550 1761 25

1513 2146 1548 2172 30

1619 1709 1645 2552 m4‘··-·nc³2vwrammmm-
1641 1687 1646 1698 ,
