1659 2552
631 113 773 147 LIBER
797 114 846 147 111
872 117 973 149 1—3.
1418 116 1474 156 55

139 209 510 264 expeditissumam
536 209 642 250 mihi
667 209 901 264 tradideris,
933 209 1098 250 facilior
1123 210 1203 251 erit
1229 211 1334 251 mihi
1355 211 1474 265 quasi

140 269 336 309 decursus
379 268 462 309 mei
505 268 718 322 temporis.
781 267 891 317 Quid
933 268 978 309 in
1021 282 1070 309 eo
1113 283 1265 324 genere
1309 270 1473 311 efficere

138 328 290 382 possis,
333 327 397 367 tui
441 327 604 367 consilii
648 329 729 382 est3
772 341 850 382 ego
888 329 950 381 te,
992 327 1105 381 quod
1141 327 1222 368 tibi
1259 329 1398 368 veniet
1429 329 1473 369 in

139 389 322 426 mentem
353 400 446 426 mea
477 386 688 439 interesse,
720 386 839 426 valde
865 400 980 441 rogo.
1031 385 1230 427 Pluribus
1256 387 1395 427 verbis
1422 388 1474 428 ad

105 448 180 485 5te
213 444 455 498 scriberem,
493 445 527 484 si
565 447 636 485 aut
674 448 746 485 tua
782 444 1022 485 humanitas
1052 445 1289 500 longiorem
1321 446 1473 486 oratio-

141 517 237 544 nem
269 505 523 557 expectaret‚
556 505 627 543 aut
657 503 702 543 id
732 503 826 544 fieri
856 506 1001 544 nostra
1031 504 1217 544 amicitia
1246 507 1472 558 pateretur,

140 564 213 602 aut
243 577 308 602 res
340 561 467 602 verba
499 562 752 602 desideraret
783 576 830 602 ac
865 576 951 603 non
981 576 1058 616 pro
1090 577 1132 603 se
1164 563 1255 617 ipsa
1284 563 1473 617 loquere-

139 624 219 662 tur.
280 620 374 661 Hoc
414 620 540 660 velim
583 620 663 661 tibi
706 621 971 675 persuadeas,
1015 621 1050 662 si
1093 622 1330 662 rationibus
1368 623 1473 663 meis

140 680 356 733 provisum
394 694 417 719 a
454 681 495 719 te
527 693 614 719 esse
652 679 915 734 intellexero,
955 694 1152 735 magnam
1189 683 1231 721 te
1269 695 1319 721 ex
1351 695 1399 721 eo
1432 684 1472 722 et

87 752 121 775 ιο
140 741 386 792 perpetuam
417 738 678 792 voluptatem
711 753 798 779 esse
830 741 1060 792 capturum.
1110 738 1227 780 Vale.

769 888 842 930 111.

304 969 378 1004 Ser.
406 970 590 1004 Brundisi
613 973 760 1004 eoeeunte
790 981 905 1004 mense
932 970 1038 1005 Maio
1063 983 1096 1004 a.
1127 973 1197 1005 703
1225 974 1314 1015 (51).

446 1051 613 1086 CICERO
642 1051 674 1086 S.
701 1051 743 1085 D.
770 1051 909 1085 APPIO
936 1051 1166 1087 PULCHRO.

229 1146 278 1187 A.
306 1146 342 1187 d.
368 1158 416 1186 XI
447 1146 496 1187 K.
528 1145 617 1187 Iun.
651 1146 924 1188 Brundisium
956 1162 1050 1188 cum
1081 1148 1299 1201 venissem,
1332 1147 1377 1196 Q.
1398 1147 1473 1188 Fa-

90 1219 121 1243 15
140 1205 235 1246 bius
267 1204 547 1260 Vergilianus,
579 1206 742 1261 legatus
773 1209 882 1260 tuus,
913 1206 1019 1247 mihi
1044 1209 1211 1260 praesto
1236 1207 1318 1247 fuit
1344 1221 1473 1261 eaque

140 1278 206 1305 me
238 1278 290 1304 ex
319 1264 404 1304 tuis
433 1264 641 1304 mandatis
672 1265 849 1318 monuit,
882 1280 987 1319 quae
1012 1279 1097 1306 non
1121 1265 1239 1319 mihi,
1271 1266 1323 1306 ad
1348 1280 1473 1319 quem

140 1322 419 1377 pertinebant,
451 1323 523 1363 sed
553 1323 748 1364 universo
781 1324 944 1364 senatui
969 1327 1170 1365 venerant
1202 1325 1246 1364 in
1276 1327 1473 1378 mentem,

139 1381 348 1436 praesidio
379 1381 565 1422 firmiore
597 1396 702 1436 opus
727 1396 814 1423 esse
846 1383 898 1422 ad
922 1383 1047 1423 istam
1070 1383 1351 1438 provinciam3
1384 1397 1474 1424 cen-

141 1440 288 1481 sebant
328 1440 439 1480 enim
481 1455 624 1481 omnes
665 1442 768 1495 fere,
808 1444 855 1481 ut
895 1441 939 1481 in
975 1440 1099 1482 Italia
1135 1442 1472 1496 supplementum

89 1511 122 1536 20
141 1499 245 1539 meis
277 1501 318 1539 et
348 1498 492 1539 Bibuli
530 1499 770 1555 legionibus
807 1500 1070 1541 scriberetur.
1130 1499 1180 1540 Id
1210 1515 1305 1541 cum
1338 1499 1475 1555 Sulpi-

143 1558 230 1598 cius
271 1557 417 1598 consul
456 1572 677 1611 passurum
709 1573 751 1599 se
788 1561 981 1614 negaret,
1020 1559 1155 1600 multa
1191 1574 1267 1600 nos
1305 1559 1474 1613 quidem

144 1616 280 1669 questi
324 1630 484 1669 sumus,
528 1617 600 1657 sed
642 1619 784 1657 tantus
825 1631 1050 1658 consensus
1088 1620 1256 1658 senatus
1292 1618 1390 1672 fuit,
1428 1621 1474 1658 ut

142 1676 305 1714 mature
335 1675 706 1729 proficisceremur,
737 1676 969 1729 parendum
1000 1679 1048 1717 ut
1076 1677 1214 1730 fuerit,
1246 1677 1388 1730 itaque
1419 1676 1475 1717 fe-

145 1732 286 1773 cimus.
347 1731 483 1786 Nunc,
515 1733 628 1786 quod
659 1748 682 1773 a
713 1736 754 1774 te
785 1734 889 1787 petii
914 1734 1068 1775 litteris
1093 1735 1156 1789 iis,
1189 1750 1291 1789 quas
1316 1735 1474 1776 Romae

91 1803 123 1828 25
142 1790 373 1831 tabellariis
403 1791 488 1831 tuis
520 1791 626 1845 dedi,
657 1792 784 1832 velim
814 1792 895 1833 tibi
921 1807 1042 1834 curae
1068 1794 1134 1847 sit,
1166 1797 1223 1847 ut,
1256 1808 1361 1847 quae
1387 1808 1476 1834 suc-

143 1849 296 1890 cessori
322 1849 663 1890 coniunctissimo
695 1853 736 1890 et
767 1851 1020 1892 amicissimo
1047 1852 1312 1892 commodare
1336 1854 1476 1905 potest

143 1908 196 1961 is,
229 1908 301 1961 qui
339 1908 600 1961 provinciam
638 1908 784 1962 tradit,
822 1911 870 1949 ut
907 1924 953 1950 ea
983 1925 1060 1963 pro
1092 1913 1236 1951 nostra
1268 1910 1476 1950 consocia-

142 1966 305 2007 tissima
344 1966 561 2007 voluntate
600 1980 698 2007 cura
735 1981 782 2007 ac
820 1967 1039 2022 diligentia
1075 1971 1148 2009 tua
1188 1969 1476 2022 complectare,

143 2027 191 2066 ut
229 2039 372 2065 omnes
409 2025 658 2080 intellegant
695 2039 771 2065 nec
809 2040 875 2065 me
916 2026 1240 2067 benivolentiori
1281 2027 1476 2080 cuiquam

91 2095 125 2120 30
145 2084 362 2124 succedere
392 2098 469 2124 nec
499 2087 540 2124 te
573 2084 761 2124 amiciori
792 2084 979 2137 potuisse
1010 2085 1270 2138 provinciam
1300 2085 1475 2126 tradere.

231 2141 299 2182 Ex
334 2142 386 2182 iis
422 2142 596 2195 litteris,
638 2157 815 2195 quarum
853 2142 905 2182 ad
941 2157 1007 2183 me
1039 2144 1278 2197 exemplum
1309 2144 1474 2196 misisti,

145 2214 247 2254 quas
277 2201 322 2240 in
353 2204 499 2242 senatu
532 2201 699 2241 recitari
730 2200 918 2254 voluisti,
957 2201 1016 2241 sic
1046 2202 1354 2255 intellexeram,
1384 2217 1475 2256 per-

143 2258 300 2299 multos
340 2274 363 2299 a
402 2262 443 2299 te
483 2260 639 2300 milites
681 2273 767 2300 esse
809 2258 1020 2315 dimissos3
1064 2260 1135 2301 sed
1174 2260 1279 2301 mihi
1319 2260 1475 2302 Fabius

143 2316 255 2357 idem
282 2317 583 2358 demonstravit
608 2320 649 2358 te
676 2317 719 2357 id
745 2318 950 2372 cogitasse
975 2318 1121 2373 facere,
1154 2319 1236 2373 sed,
1269 2333 1363 2360 cum
1388 2320 1475 2374 ipse
