1659 2552
149 104 232 146 152
654 98 993 135 EPISTULARUM

146 213 370 255 persuasus
411 201 494 252 est,
536 197 639 251 quid
679 196 875 237 irascitur
913 194 969 248 ei,
1011 193 1083 247 qui
1125 192 1287 246 aliquid
1323 191 1493 246 scripsit

148 261 295 300 contra
331 271 450 298 suam
488 256 770 309 voluntatem,
816 268 910 294 cum
954 251 1116 308 ignorit
1160 251 1375 304 omnibus,
1419 250 1493 305 qui

147 318 283 358 multa
314 316 413 357 deos
445 314 632 356 venerati
665 314 749 354 sint
782 315 929 353 contra
959 312 1050 352 eius
1082 309 1290 351 salutem?
1331 308 1415 351 Sed
1445 311 1494 350 ut

149 377 296 417 eodem
334 377 538 428 revertar,
580 387 702 413 causa
738 372 841 412 haec
879 371 961 411 fuit
1002 369 1192 410 timoris:
1244 367 1402 423 Scripsi
1442 367 1492 409 de

148 438 190 476 te
222 448 344 489 parce
377 433 539 473 medius
565 432 689 471 fidius
715 433 756 471 et
782 430 929 470 timide
956 442 1041 469 non
1067 441 1268 469 revocans
1295 441 1363 468 me
1390 427 1490 481 ipse,
1511 437 1529 463 5

149 493 222 534 sed
252 506 383 547 paene
416 491 638 546 refugiens
703 488 844 530 Genus
875 491 1017 529 autem
1042 487 1124 528 hoc
1149 486 1382 541 scripturae
1407 499 1493 526 non

149 552 275 593 modo
307 551 500 604 liberum,
533 549 605 589 sed
636 549 858 589 incitatum
891 550 1017 600 atque
1043 546 1202 587 elatum
1227 559 1316 586 esse
1342 543 1494 585 debere

151 611 245 665 quis
283 609 483 665 ignorat?
546 607 741 648 Solutum
783 606 1052 647 existimatur
1092 619 1180 645 esse
1221 603 1345 644 alteri
1383 603 1494 644 male

151 670 287 710 dicere
327 672 485 723 (tamen
525 666 755 707 cavendum
794 668 874 719 est,
915 678 967 705 ne
1004 664 1049 705 in
1080 662 1361 718 petulantiam
1392 661 1493 703 inci-

152 727 261 783 das),
293 726 545 780 impeditum
577 739 620 765 se
652 724 791 778 ipsum
816 723 1004 776 laudare,
1030 737 1082 763 ne
1109 722 1262 763 vitium
1287 721 1492 777 adrogan-
1513 733 1546 757 ιο

151 787 234 827 tiae
267 786 558 838 subsequatur,
590 783 727 823 solum
753 796 853 823 vero
885 782 1067 822 liberum
1100 781 1280 821 alterum
1311 780 1494 834 laudare,

153 845 202 885 de
235 859 318 898 quo
357 843 559 897 quicquid
597 841 808 895 detrahas,
849 854 1017 881 necesse
1055 842 1118 881 est
1150 842 1223 880 aut
1254 838 1495 880 infirmitati

154 907 226 944 aut
266 903 448 943 invidiae
490 900 746 956 adsignetur.
807 898 871 940 Ac
911 899 1073 953 1103010,
1117 913 1170 939 an
1209 897 1291 938 tibi
1331 897 1495 953 gratius

154 962 516 1016 opportuniusque
555 959 770 1014 acciderit,
810 973 926 1012 nam,
964 958 1078 1012 quod
1114 957 1326 1011 praeclare
1358 956 1495 997 facere

153 1036 236 1061 non
274 1023 483 1074 poteram,
524 1019 709 1072 primum
747 1020 837 1058 erat
873 1031 959 1058 non
996 1016 1224 1071 attingere,
1265 1015 1494 1056 secundum
1513 1025 1549 1052 15

154 1079 405 1120 beneficium
446 1092 572 1131 quam
616 1076 859 1130 parcissime
900 1076 1047 1116 facere.
1110 1074 1193 1116 Sed
1232 1077 1374 1115 tamen
1414 1087 1494 1130 ego

154 1138 323 1192 quidem
355 1152 421 1177 me
454 1136 653 1189 sustinui3
684 1135 819 1176 multa
844 1135 990 1187 minui,
1022 1133 1158 1174 multa
1189 1133 1353 1187 sustuli,
1385 1146 1495 1174 com—

152 1197 275 1251 plura
305 1210 357 1236 ne
388 1195 511 1249 posui
543 1194 724 1248 quidem.
787 1193 921 1242 Quem
947 1193 1000 1233 ad
1030 1192 1205 1233 modum
1235 1192 1379 1247 igitur,
1411 1205 1496 1232 sca-

152 1256 289 1296 larum
321 1254 477 1309 gradus
509 1253 544 1294 si
576 1253 681 1293 alios
713 1252 859 1306 tollas,
892 1252 997 1292 alios
1030 1251 1206 1305 incidas,
1237 1265 1324 1291 non
1355 1250 1496 1291 nullos

152 1314 261 1355 male
291 1312 505 1353 haerentis
536 1311 761 1364 relinquas,
793 1311 938 1351 ruinae
969 1309 1205 1364 periculum
1230 1313 1379 1363 struas,
1410 1323 1495 1350 non
1515 1320 1550 1346 20

153 1386 369 1413 ascensum
402 1384 534 1424 pares,
567 1370 626 1410 sie
655 1372 722 1410 tot
752 1369 875 1409 malis
906 1372 997 1409 tum
1029 1369 1236 1422 vinctum,
1267 1371 1359 1408 tum
1391 1367 1495 1408 frac-

153 1434 246 1471 tum
277 1430 464 1470 studium
496 1428 707 1469 scribendi
745 1428 847 1481 quid
885 1427 1061 1482 dignum
1093 1426 1266 1468 auribus
1298 1429 1370 1467 aut
1401 1440 1496 1480 pro-

154 1488 295 1530 babile
326 1489 467 1542 potest
498 1487 690 1527 adferre?

243 1546 349 1588 Cum
382 1560 480 1587 vero
513 1545 565 1586 ad
596 1545 729 1599 ipsius
755 1543 944 1584 Caesaris
969 1557 1124 1585 nomen
1150 1542 1257 1596 veni,
1288 1545 1381 1584 toto
1408 1557 1496 1584 cor-

155 1620 256 1660 pore
289 1608 576 1646 contremesco
608 1618 694 1644 non
724 1617 883 1657 poenae
915 1605 1049 1657 metu,
1087 1602 1159 1642 sed
1190 1602 1305 1642 illius
1336 1601 1494 1643 iudjcii.
1515 1613 1549 1640 25

155 1664 311 1705 Totum
351 1664 463 1704 enim
505 1662 725 1703 Caesarem
765 1675 850 1702 non
890 1662 1001 1702 novi.
1073 1660 1205 1710 Quem
1245 1664 1370 1714 putas
1410 1661 1497 1702 ani-

155 1738 271 1764 mum
304 1737 409 1775 esse,
451 1722 524 1761 ubi
563 1735 703 1761 secum
734 1720 956 1774 loquitur?
1013 1718 1127 1760 ‘Hoc
1157 1719 1375 1774 probabit,
1414 1719 1498 1761 hoe

155 1781 331 1822 verbum
364 1780 643 1834 suspiciosum
675 1781 748 1820 est.
810 1778 932 1833 Quid,
965 1779 1000 1819 si
1031 1778 1111 1819 hoc
1141 1778 1290 1819 muto?
1339 1778 1399 1819 At
1429 1792 1497 1820 ve-

156 1854 268 1894 reor,
311 1854 363 1880 ne
400 1838 520 1892 peius
558 1838 623 1879 sit.
685 1837 778 1893 Age
815 1852 932 1892 vero,
976 1837 1100 1878 laudo
1145 1837 1350 1892 aliquem3
1393 1851 1495 1878 num

156 1898 352 1940 offendo?
386 1896 492 1939 Cum
524 1911 650 1951 porro
684 1896 905 1950 offendam,
939 1896 1051 1950 quid,
1082 1895 1117 1936 si
1149 1910 1235 1936 non
1265 1895 1386 1936 vult?
1418 1895 1495 1936 Ar-
1515 1907 1549 1933 30

154 1958 257 1998 mati
285 1957 430 1997 stilum
456 1956 740 2011 persequitur,
773 1955 874 1996 victi
900 1958 942 1995 et
967 1954 1154 1995 nondum
1180 1954 1367 1995 restituti
1393 1954 1496 2008 quid

156 2016 330 2056 faciet'?'

243 2074 387 2129 Auges
428 2074 556 2114 etiam
596 2076 643 2114 tu
683 2072 789 2113 mihi
830 2072 1046 2126 timorem,
1091 2071 1164 2126 qui
1203 2071 1247 2111 in
1285 2069 1495 2112 ‘Oratore’

156 2137 229 2173 tuo
263 2147 382 2173 caves
413 2132 494 2173 tibi
526 2147 601 2186 per
631 2131 814 2172 Brutum
846 2134 888 2171 et
919 2131 972 2171 ad
995 2130 1308 2170 excusationem
1333 2130 1496 2171 socium

157 2192 333 2244 quaeris.
395 2190 482 2232 Ubi
522 2191 603 2231 hoc
645 2190 834 2231 omnium
875 2192 1077 2244 patronus
1114 2189 1235 2242 facit,
1277 2188 1379 2242 quid
1415 2203 1494 2242 me,
1513 2199 1549 2226 3⁵

157 2253 341 2290 veterem
366 2252 499 2303 tuum,
525 2263 637 2290 nunc
663 2249 854 2290 omnium
880 2248 1085 2301 clientem,
1117 2247 1273 2287 sentire
1299 2247 1496 2301 oportet?

156 2305 205 2347 In
243 2307 321 2348 hac
359 2308 491 2363 igitur
529 2307 738 2348 calumnia
779 2307 944 2347 timoris
979 2309 1021 2346 et
1059 2319 1202 2347 caecae
1244 2305 1496 2360 suspicionis
