1659 2552
160 101 247 142 408
653 101 995 136 EPISTULARUM

155 196 236 237 tibi
275 197 547 251 exposuimus
585 196 764 251 Ephesi3
806 211 933 251 quam
970 199 1018 237 tu
1056 198 1199 237 tamen
1231 210 1372 238 coram
1404 197 1503 238 faci-

108 266 128 297 2
155 255 238 296 lius
269 256 504 310 meliusque
531 270 769 311 cognosces.
831 255 896 296 De
927 255 1093 309 reliquo
1125 255 1231 296 mihi
1263 255 1502 297 mehercule

157 314 228 354 diu
261 314 437 355 dubium
469 315 551 355 fuit
584 315 686 368 quid
712 315 764 354 ad
789 317 831 355 te
862 314 1134 368 potissimum
1161 314 1399 356 scriberem.
1430 313 1502 356 Ius

155 373 268 414 enim
306 388 431 428 quem
469 373 522 413 ad
558 373 732 414 modum
771 373 902 427 dicas,
944 373 1104 413 clarum
1143 375 1185 414 et
1220 388 1376 429 magna
1407 387 1502 414 cum

154 434 229 472 tua
259 431 381 473 laude
412 435 562 473 notum
595 435 676 487 est3
716 432 841 472 nobis
879 434 1020 472 autem
1053 432 1097 472 in
1129 431 1208 472 hac
1239 446 1363 473 causa
1393 431 1502 473 nihil
1539 444 1556 470 5

154 490 270 531 aliud
308 505 413 545 opus
451 493 513 531 est
551 491 633 531 nisi
671 493 713 532 te
750 490 816 531 ius
854 491 1052 531 instituto
1093 494 1168 531 tuo
1211 490 1357 531 dicere.
1420 489 1504 532 Sed

154 552 308 604 tamen,
341 564 436 590 cum
462 564 641 590 menon
666 549 815 605 fugiat,
849 552 1006 604 quanta
1032 549 1088 590 sit
1113 549 1157 590 in
1188 552 1382 603 praetore
1409 563 1503 590 auc-

153 608 325 662 toritas,
357 608 607 662 praesertim
639 608 720 649 ista
753 608 1020 663 integritate,
1058 608 1285 664 gravitate,
1324 608 1501 649 clemen-

153 667 231 721 tia,
271 682 352 721 qua
384 670 425 707 te
459 681 546 708 esse
579 667 690 708 inter
723 667 860 708 omnis
893 669 1075 721 constat,
1113 670 1212 722 peto
1245 682 1320 721 aps
1351 670 1393 708 te
1423 681 1502 721 pro

154 729 300 766 nostra
326 726 670 767 coniunctissima
701 726 1010 767 necessitudine
1041 726 1322 780 plurimisque
1349 725 1502 767 officiis
1524 739 1556 762 10

154 784 328 839 paribus
355 799 402 825 ac
427 785 599 839 mutuis,
632 787 679 825 ut
704 785 935 839 voluntate,
962 785 1226 839 auctoritate,
1260 784 1400 825 studio
1426 787 1501 825 tuo

154 844 364 897 perficias,
396 846 444 884 ut
480 843 536 884 M.
562 842 754 884 Anneius
793 843 1014 899 intellegat
1051 846 1092 884 te
1126 847 1167 884 et
1205 843 1287 884 sibi
1320 843 1503 884 amicum

155 916 243 943 esse
285 901 419 957 (quod
462 917 548 943 non
590 903 774 957 dubitat3
816 917 938 956 saepe
980 902 1093 943 enim
1133 916 1298 943 mecum
1335 902 1503 943 locutus

155 959 237 1016 est)
271 964 311 1001 et
342 961 478 1002 multo
511 961 756 1002 amiciorem
787 960 854 1002 his
886 961 991 1001 meis
1022 961 1178 1002 litteris
1210 975 1298 1002 esse
1330 961 1501 1002 factum.

153 1018 204 1060 In
240 1022 315 1060 tuo
354 1022 446 1060 toto
484 1020 664 1074 imperio
703 1023 829 1074 atque
871 1020 1091 1074 provincia
1135 1020 1244 1060 nihil
1284 1022 1347 1061 est
1388 1019 1502 1074 quod
1522 1031 1556 1056 15

153 1078 260 1119 mihi
301 1079 464 1134 gratius
502 1079 638 1120 facere
675 1079 829 1133 possis3
867 1093 966 1119 nam
999 1078 1110 1132 apud
1143 1079 1281 1133 ipsum
1313 1078 1502 1134 gratissi-

155 1152 272 1178 mum
308 1137 526 1179 hominem
558 1140 685 1192 atque
717 1137 927 1191 optimum
960 1137 1099 1178 virum
1132 1152 1260 1191 quam
1292 1137 1398 1177 bene
1429 1151 1502 1191 po-

155 1196 313 1236 siturus
351 1196 407 1236 sis
446 1196 634 1238 studium
672 1199 794 1237 tuum
827 1199 953 1250 atque
987 1196 1194 1251 officium,
1234 1195 1429 1237 dubitare
1459 1198 1502 1236 te

153 1269 239 1295 non
271 1255 480 1296 existimo.

773 1359 882 1400 LVI.
1522 1372 1555 1397 20

437 1439 525 1483 Ser„
550 1444 590 1474 ut
612 1441 761 1483 videtur,
786 1440 898 1484 paulo
920 1444 1003 1484 post
1028 1451 1080 1484 ep.
1103 1439 1216 1474 LIII.

497 1520 666 1555 CICERO
694 1520 895 1555 THERMO
926 1520 1095 1555 PROPR.
1124 1521 1157 1555 S.

110 1616 127 1646 1
245 1604 419 1646 Cluvius
449 1604 708 1645 Puteolanus
734 1605 854 1645 valde
886 1620 953 1645 me
986 1607 1182 1659 opservat
1208 1605 1413 1660 valdeque
1439 1608 1503 1646 est

154 1663 260 1704 mihi
287 1663 519 1704 familiaris.
570 1662 611 1703 Is
637 1663 695 1704 ita
722 1663 803 1704 sibi
829 1663 1065 1717 persuadet,
1099 1663 1213 1717 quod
1239 1664 1282 1704 in
1308 1667 1381 1705 tua
1406 1678 1502 1718 pro-

154 1723 292 1763 vincia
317 1722 479 1778 negotii
505 1722 670 1776 habeat,
696 1722 778 1762 nisi
804 1725 845 1763 te
872 1723 1135 1776 provinciam
1156 1722 1374 1776 optinente
1394 1723 1500 1764 meis
1521 1734 1554 1759 2⁵

155 1780 594 1822 commendationibus
626 1781 871 1835 confecerit,
913 1781 957 1821 id
994 1796 1036 1822 se
1069 1781 1113 1821 in
1150 1781 1328 1835 perditis
1360 1784 1401 1822 et
1434 1781 1501 1822 de—

154 1840 332 1894 speratis
374 1840 632 1880 habiturum.
706 1839 854 1905 Nunc,
899 1840 1100 1894 quoniam
1140 1839 1246 1880 mihi
1279 1839 1331 1880 ab
1363 1839 1499 1881 amico

154 1899 466 1940 officiosissimo
493 1901 660 1939 tantum
681 1899 820 1939 oneiis
847 1899 1140 1963 imponitui,e
1143 1912 1198 1953 go
1225 1912 1392 1952 quoque
1417 1898 1499 1939 tibi

152 1958 369 2011 imponam
406 1972 483 2011 plo
522 1957 607 1998 tuis
646 1957 691 1997 in
727 1972 794 1997 me
827 1957 1003 1998 summis
1035 1957 1206 2031 officiis,
1247 1957 1307 1998 ita
1344 1960 1498 2011 tamen,

152 2019 199 2056 ut
229 2016 310 2056 tibi
341 2016 476 2057 nolim
507 2015 711 2056 molestus
743 2030 841 2056 esse.
1518 2027 1552 2052 30

240 2077 469 2123 Μυλασεῑς
507 2077 547 2114 et
575 2073 855 2128 Ἀλαβανδεῖς
892 2073 1114 2128 pecuniam
1148 2072 1297 2114 Cluvio
1331 2072 1495 2113 debent.

152 2133 329 2174 Dixerat
360 2133 466 2173 mihi
499 2132 812 2186 Euthydemus,
845 2147 941 2173 cum
973 2132 1133 2186 Ephesi
1166 2146 1315 2185 essem,
1355 2146 1396 2172 se
1430 2146 1498 2172 cu-

152 2194 360 2246 raturum,
393 2195 439 2232 ut
472 2191 601 2232 ecdici
634 2192 663 2244 †
695 2190 865 2244 Mylasii
898 2190 1079 2231 Romam
1111 2191 1391 2231 mitterentur.
1448 2189 1497 2231 Id

151 2250 309 2291 factum
340 2264 426 2291 non
458 2252 530 2291 est.
591 2249 775 2306 Legatos
807 2249 931 2290 audio
964 2249 1116 2290 missos
1148 2263 1247 2302 esse,
1280 2248 1352 2288 sed
1383 2249 1496 2290 malo
1556 2288 1559 2289 γ

150 2308 324 2364 ecdicos,
351 2311 398 2350 ut
419 2308 580 2363 aliquid
600 2308 749 2349 confici
769 2308 914 2362 possit.
966 2306 1103 2357 Quare
1122 2309 1222 2361 peto
1249 2320 1271 2347 a
1297 2309 1350 2361 te,
1378 2310 1424 2348 ut
1451 2310 1492 2348 et
1514 2318 1548 2343 85
