1659 2552
573 84 716 119 LIBER
741 84 827 119 VIII
853 88 1001 120 15—17.
1379 84 1466 126 225

124 183 204 235 est,
237 181 374 222 odisse
405 182 478 221 aut
510 180 747 234 relinquere
780 194 980 236 cogamur
1012 181 1084 220 aut
1115 178 1275 233 inpiam
1308 179 1465 233 cupidi-

124 242 255 281 tatem
288 242 434 280 contra
465 239 643 279 salutem
674 242 792 280 tuam
822 239 1052 279 habeamus
1073 263 1128 266 —
1149 238 1328 292 denique
1360 238 1467 279 illud

125 298 276 354 cogita,
309 298 422 352 quod
455 298 636 338 offensae
668 297 796 338 fuerit
822 297 867 338 in
891 297 973 338 ista
999 296 1277 350 cunctatione,
1302 299 1344 351 te
1370 297 1465 337 sub-

125 357 223 411 isse3
262 371 374 398 nunc
404 359 446 397 te
479 359 625 397 contra
656 356 860 397 victorem
896 355 1116 397 Caesarem
1147 356 1301 409 facere,
1340 369 1465 409 quem

89 426 106 452 5
127 416 265 456 dubiis
297 415 422 456 rebus
459 415 623 456 laedere
661 415 854 469 noluisti,
895 417 937 455 et
968 415 1021 455 ad
1052 428 1121 455 eos
1153 414 1322 469 fugatos
1354 427 1466 454 acce-

126 475 234 529 dere,
267 489 372 528 quos
403 474 635 514 resistentis
667 473 786 527 sequi
816 473 1014 527 nolueris,
1046 487 1232 514 summae
1258 472 1465 512 stultitiae

126 536 198 574 est.
260 532 386 585 Vide,
424 547 493 586 ne,
527 533 626 573 dum
657 533 787 586 pudet
818 535 859 572 te
896 547 1046 586 parum
1078 531 1327 585 optimatem
1365 545 1464 584 esse,

124 606 275 646 parum
314 591 556 646 diligenter,
596 591 698 645 quid
729 590 938 645 optimum
970 591 1042 644 sit,
1079 590 1220 645 eligas.
1283 588 1405 638 Quod
1430 590 1465 629 si
1491 601 1511 631 3

125 653 265 691 totum
297 650 377 690 tibi
408 649 658 704 persuadere
689 664 774 690 non
805 664 994 703 possum,
1026 649 1186 702 saltem,
1219 648 1330 702 dum,
1363 648 1466 702 quid

73 722 106 746 10
128 709 177 749 de
203 708 420 762 Hispaniis
446 723 631 763 agamus,
663 708 805 762 scitur,
838 711 1048 762 exspecta3
1081 722 1183 761 quas
1208 707 1289 747 tibi
1314 707 1465 747 nuntio

126 768 309 808 adventu
342 766 531 808 Caesaris
562 767 652 807 fore
683 770 859 807 nostras.
923 766 1057 815 Quam
1089 766 1160 806 isti
1193 780 1310 819 spem
1340 765 1467 806 habe-

126 829 199 866 ant
230 826 393 866 amissis
424 825 653 879 Hispaniis,
685 826 844 880 nescio3
877 826 991 879 q'uod
1020 839 1149 879 porro
1180 827 1302 865 tuum
1334 824 1467 864 consi-

125 885 231 925 lium
272 884 327 924 sit
370 884 423 924 ad
466 884 706 938 desperatos
749 883 963 937 accedere,
1006 898 1091 924 non
1134 883 1298 924 medius
1341 882 1466 923 fidius

127 943 301 997 reperio.
364 942 473 996 Hoc,
506 943 619 996 quod
656 946 702 982 tu
740 957 825 983 non
858 942 1032 983 dicendo
1064 942 1170 991 mihi
1203 940 1465 996 significasti,
1491 952 1512 982 4

76 1013 107 1038 15
129 1001 282 1042 Caesar
311 1001 501 1042 audierat
533 1015 595 1054 ac,
630 1001 884 1055 simulatque
917 1001 1063 1042 ‘have’
1096 1000 1201 1041 mihi
1235 999 1353 1054 dixit,
1385 1002 1465 1040 sta-

127 1061 224 1114 tim,
266 1060 368 1114 quid
400 1060 449 1100 de
480 1062 522 1100 te
554 1060 755 1114 audisset,
787 1060 992 1113 exposuit.
1053 1058 1219 1115 Negavi
1249 1073 1316 1099 me
1349 1058 1466 1112 scire,

127 1119 200 1160 sed
230 1121 372 1159 tamen
403 1118 455 1159 ab
489 1132 537 1159 eo
566 1118 691 1172 petii,
722 1121 770 1159 ut
801 1119 854 1158 ad
883 1120 925 1159 te
955 1118 1119 1158 litteras
1144 1117 1345 1171 mitteret,
1378 1117 1467 1171 qui-

127 1178 207 1218 bus
243 1177 426 1218 maxime
463 1177 516 1217 ad
556 1177 856 1217 remanendum
894 1176 1151 1217 commoveri
1181 1190 1336 1230 posses.
1397 1175 1466 1216 Me

127 1250 268 1277 secum
300 1236 344 1276 in
374 1235 624 1290 Hispaniam
657 1235 789 1290 ducit3
820 1250 934 1289 nam,
966 1235 1049 1275 nisi
1080 1235 1140 1275 ita
1170 1235 1343 1288 faceret,
1376 1248 1467 1289 ego,

76 1307 109 1331 20
127 1295 374 1349 priusquam
411 1294 463 1334 ad
499 1295 648 1335 urbem
679 1294 934 1347 accederem,
971 1293 1227 1347 ubicumque
1258 1307 1384 1346 esses,
1416 1293 1469 1333 ad

127 1356 170 1394 te
200 1353 553 1407 percucurrissem
579 1356 620 1393 et
644 1353 726 1393 hoc
745 1368 768 1393 a
787 1356 829 1393 te
854 1367 1050 1406 praesens
1076 1352 1383 1393 contendissem
1409 1354 1468 1391 at-

130 1426 211 1466 que
231 1412 346 1452 omni
370 1411 413 1452 vi
437 1414 479 1452 te
505 1411 782 1452 retinuissem.
826 1411 969 1452 Etiam
996 1414 1121 1465 atque
1148 1410 1286 1464 etiam,
1308 1409 1467 1463 Cicero,
1495 1421 1513 1451 5

130 1470 287 1526 cogita,
326 1485 379 1511 ne
415 1473 457 1511 te
497 1472 676 1524 tuosque
714 1470 850 1511 omnis
888 1469 1079 1510 funditus
1117 1472 1297 1522 evertas,
1337 1483 1389 1509 ne
1426 1471 1468 1509 te

130 1529 264 1569 sciens
294 1528 561 1582 prudensque
593 1543 640 1569 eo
675 1528 882 1583 demittaS,
913 1528 1023 1569 unde
1050 1528 1211 1569 exitum
1236 1527 1352 1567 vides
1378 1527 1469 1567 nul-

78 1598 111 1623 25
130 1587 220 1627 lum
246 1601 344 1627 esse.
383 1586 541 1635 Quodsi
566 1589 608 1627 te
634 1589 706 1628 aut
731 1601 854 1628 voces
887 1587 1156 1640 optimatium
1189 1588 1468 1639 commovent,

131 1648 204 1686 aut
233 1659 319 1686 non
349 1645 563 1685 nullorum
590 1645 812 1686 hominum
837 1645 1106 1686 insolentiam
1132 1648 1173 1685 et
1198 1644 1469 1685 iactationem

132 1704 240 1744 ferre
265 1717 351 1744 non
375 1706 494 1757 potes
502 1737 512 1756 ,
542 1703 672 1759 eligas
698 1717 844 1744 censeo
871 1703 1044 1757 aliquod
1069 1703 1271 1757 oppidum
1291 1717 1469 1743 vacuum

132 1777 155 1802 a
186 1762 316 1815 bello,
355 1762 454 1802 dum
490 1761 593 1802 haec
625 1762 921 1815 decernuntur3
961 1776 1065 1815 quae
1104 1762 1188 1802 iam
1220 1764 1343 1802 erunt
1375 1775 1470 1801 con-

132 1822 251 1861 fecta.
291 1819 342 1860 Id
366 1820 401 1860 si
427 1820 586 1873 feceris,
613 1823 654 1860 et
680 1834 758 1874 ego
784 1823 825 1860 te
852 1819 1063 1873 sapienter
1088 1820 1235 1860 fecisse
1261 1819 1470 1872 iudicabo,

81 1890 115 1915 30
135 1882 176 1920 et
204 1878 423 1920 Caesarem
454 1893 540 1919 non
573 1878 767 1919 offendes.

737 1981 871 2023 XVII.

236 2062 309 2098 Ser.
337 2063 473 2098 Romae
497 2063 550 2097 vel
575 2073 627 2097 ωε.
654 2073 699 2096 m.
725 2063 808 2097 Ian.
834 2063 888 2097 vel
912 2074 955 2097 m.
983 2062 1088 2097 Febr.
1116 2074 1148 2097 a.
1177 2065 1249 2097 706
1276 2064 1366 2105 (48).

552 2143 748 2178 CAELIUS
774 2143 996 2178 CICERONI
1022 2143 1055 2178 S.

232 2227 348 2283 Ergo
391 2243 458 2268 me
500 2227 642 2281 potius
685 2227 728 2267 in
771 2226 977 2281 Hispania
1025 2227 1153 2268 fuisse
1201 2229 1293 2267 tum
1346 2241 1472 2281 quam
1502 2240 1517 2267 1

80 2297 114 2322 35
131 2285 331 2340 Formiis,
370 2301 498 2340 quom
534 2289 581 2326 tu
618 2286 832 2339 profectus
871 2300 914 2326 es
953 2285 1005 2326 ad
1035 2285 1303 2340 Pompeium!
1343 2285 1473 2339 quod-

211 2360 364 2387 Ciceronis
385 2362 472 2392 epist.
499 2362 521 2386 1.
1218 2358 1260 2388 15
