1659 2552
130 1903 149 1933 1³

181 94 203 135 7
210 94 234 135 8
685 92 1022 128 EPISTULARUM

267 189 497 231 Decedenti
538 189 643 230 mihi
685 191 726 230 et
767 189 850 229 iam
892 188 1071 243 imperio
1113 203 1251 230 annuo
1292 189 1521 232 terminato

179 251 275 289 ante
308 249 344 289 d.
376 261 427 290 111
457 247 603 290 Nonas
642 248 773 301 Sext,
812 262 907 288 cum
945 247 998 288 ad
1035 246 1179 288 Sidam
1219 248 1318 289 navi
1357 249 1521 290 accede-

179 322 286 361 rem⁷
318 310 359 348 et
390 322 555 348 mecum
588 306 634 356 Q.
668 306 871 348 Servilius
899 309 1018 359 esset,
1051 306 1218 347 litterae
1245 321 1268 347 a
1293 307 1397 348 meis
1423 310 1522 348 sunt

179 366 377 408 redditae.
439 366 540 407 Dixi
579 366 722 406 statim
756 364 936 406 Servilio
970 362 1146 419 (etenim
1179 365 1402 406 videbatur
1432 380 1520 407 esse

179 423 452 480 commotus),
494 428 541 466 ut
579 425 720 465 omnia
751 439 775 464 a
805 438 872 464 me
903 424 1065 464 maiora
1096 427 1348 478 expectaret.
1410 423 1521 473 Quid
1557 436 1574 463 5

178 484 340 525 multa?
373 483 692 525 benevolentior
723 482 824 537 tibi,
857 497 983 536 quam
1015 482 1095 536 fui,
1127 483 1215 524 nilo
1248 497 1341 523 sum
1372 483 1520 538 faetus,

179 543 425 599 diligentior
450 543 503 583 ad
529 541 820 583 declarandam
845 541 1183 582 benevolentiam
1208 542 1356 583 multo.
1396 540 1520 597 Nam,

178 604 226 642 ut
256 604 378 642 vetus
409 604 555 642 nostra
593 601 786 641 simultas
823 602 945 641 antea
976 600 1223 641 stimuIabat
1253 615 1338 655 me,
1379 602 1427 641 ut
1459 614 1521 642 ca·
1560 650 1568 658 ⁸

178 675 336 714 verem,
376 674 428 700 ne
467 660 540 700 cui
573 659 855 713 suspicionem
894 659 991 700 ficte
1028 659 1321 700 reconciliatae
1359 659 1521 715 gratiae

179 719 338 772 darem,
379 719 438 759 sic
476 718 670 759 adfinitas
706 731 817 758 nova
855 732 998 758 curam
1029 717 1136 759 mihi
1168 718 1304 758 adfert
1336 718 1520 773 cavendi,
1541 731 1574 756 ιο

177 792 229 819 ne
262 778 364 832 quid
396 777 445 818 de
477 792 642 818 summo
674 791 768 817 meo
801 791 901 832 erga
932 778 974 818 te
1003 791 1145 818 amore
1172 777 1407 818 detractum
1433 791 1521 818 esse

178 837 381 878 videatur.

790 974 904 1017 XIII.

401 1068 474 1104 Ser.
502 1068 624 1103 Rhoda·
649 1069 730 1103 circ.
759 1069 824 1103 IV
842 1069 899 1104 Icl.
928 1068 1022 1103 Seoet.
1050 1080 1083 1103 a.
1113 1071 1182 1103 704
1211 1071 1302 1113 (50).

527 1149 696 1185 CICERO
724 1149 865 1185 APPIO
891 1149 1111 1185 PULCHRO
1140 1150 1172 1185 S.
1541 1164 1575 1190 15

267 1246 395 1295 Quasi
428 1246 660 1287 divinarem
692 1246 767 1286 tali
800 1246 844 1286 in
873 1246 1014 1287 officio
1047 1246 1137 1287 fore
1162 1246 1268 1287 mihi
1295 1246 1521 1301 aliquando

179 1305 459 1359 expetendum
503 1305 691 1345 studium
734 1307 872 1359 tuum,
916 1305 995 1359 sic,
1040 1318 1134 1345 cum
1180 1305 1229 1346 de
1270 1305 1355 1346 tuis
1396 1305 1522 1346 rebus

177 1364 308 1419 gestis
340 1363 556 1419 agebatur,
588 1363 869 1404 inserviebam
900 1363 1054 1404 honori
1086 1366 1178 1418 tuo3
1212 1363 1348 1404 dicam
1379 1366 1521 1405 tamen

177 1436 291 1463 vere:
323 1421 437 1475 Plus⁷
470 1437 596 1475 quam
628 1436 862 1476 acceperas,
895 1422 1127 1462 reddidisti.
1191 1421 1292 1470 Quis
1325 1422 1437 1463 enim
1469 1422 1521 1462 ad

176 1495 244 1521 me
275 1495 360 1521 non
391 1480 636 1535 perscripsit
667 1483 709 1521 te
739 1495 825 1521 non
857 1481 994 1521 solum
1026 1481 1277 1521 auctoritate
1304 1481 1519 1535 orationis,
1540 1492 1574 1518 20

179 1539 387 1580 sententia
418 1542 507 1594 tua,
547 1538 701 1593 quibus
740 1553 818 1595 ego
852 1554 875 1579 a
906 1539 982 1579 tali
1014 1539 1105 1579 viro
1139 1542 1362 1580 contentus
1394 1554 1520 1594 eram,

178 1598 251 1639 sed
281 1598 409 1639 etiam
436 1612 573 1652 opera,
606 1597 793 1651 consilio,
827 1598 998 1638 domum
1023 1598 1242 1652 veniendo,
1275 1598 1521 1639 convenien-

179 1657 242 1697 dis
273 1657 378 1698 meis
403 1657 567 1697 nullum
595 1670 700 1697 onus
727 1657 856 1697 officii
884 1657 1081 1710 cuiquam
1107 1657 1318 1710 reliquum
1344 1657 1521 1698 fecisse?

177 1714 293 1756 Haec
324 1715 430 1756 mihi
463 1715 669 1769 ampliora
700 1715 835 1756 multo
868 1719 966 1756 sunt
999 1730 1125 1769 quam
1157 1715 1230 1756 illa
1262 1715 1362 1770 ipsa,
1397 1730 1521 1770 prop-

177 1776 242 1815 ter
274 1788 380 1828 quae
410 1774 513 1815 haec
543 1774 801 1814 laborantur.
845 1772 1036 1830 Insignia
1061 1774 1173 1814 enim
1199 1774 1370 1815 virtutis
1395 1774 1519 1815 multi
1540 1784 1574 1810 25

178 1832 305 1873 etiam
337 1832 426 1873 sine
458 1833 615 1873 virtute
648 1833 834 1873 adsecuti
867 1836 975 1887 sunt,
1007 1833 1156 1873 talium
1182 1833 1372 1873 virorum
1404 1835 1521 1873 tanta

177 1891 316 1932 studia
357 1891 529 1945 adsequi
571 1891 659 1932 sola
696 1891 831 1932 virtus
872 1894 1023 1946 potest.
1091 1891 1240 1945 Itaque
1280 1891 1386 1931 mihi
1426 1905 1520 1945 pro-

176 1964 289 2004 pono
321 1950 507 1991 fructum
540 1950 749 1991 amicitiae
781 1953 950 1991 nostrae
984 1951 1119 2005 ipsam
1150 1950 1396 2003 amicitiam,
1439 1964 1521 2003 qua

176 2009 285 2050 nihil
310 2011 373 2049 est
399 2009 582 2063 uberius,
614 2009 862 2063 praesertim
888 2010 932 2050 in
958 2009 1010 2050 iis
1036 2009 1198 2063 studiis⁷
1231 2007 1385 2062 quibus
1410 2010 1520 2049 uter-

178 2082 257 2121 que
290 2070 483 2109 nostrum
516 2068 735 2109 devinctus
767 2070 839 2109 est.
901 2067 1014 2108 Nam
1045 2068 1126 2108 tibi
1151 2081 1218 2108 me
1249 2066 1454 2120 profiteor
1479 2069 1521 2107 et
1539 2079 1573 2104 3ο

178 2126 220 2166 in
259 2140 303 2167 re
340 2126 511 2180 publica
548 2126 726 2180 socium,
772 2127 822 2167 de
860 2141 942 2180 qua
980 2125 1352 2178 idem.sentimus‚
1397 2127 1438 2165 et
1477 2124 1521 2166 in

178 2185 388 2225 cotidiana
420 2185 508 2225 vita
540 2185 822 2239 coniunctum,
856 2200 982 2239 quam
1006 2184 1073 2225 his
1099 2184 1260 2224 artibus
1287 2182 1521 2237 studiisque

179 2243 365 2283 colimus.
428 2242 594 2284 Vellem
632 2243 691 2284 ita
729 2244 900 2284 fortuna
936 2243 1120 2296 tulisset,
1158 2245 1222 2296 ut,
1262 2242 1409 2295 quanti
1441 2256 1520 2297 ego

178 2301 314 2341 omnis
356 2305 452 2342 tuos
490 2302 617 2356 facio,
658 2302 766 2342 tanti
804 2305 850 2342 tu
889 2316 1004 2342 meos
1035 2301 1171 2342 facere
1202 2314 1366 2355 posses,
1409 2300 1522 2355 quod
