1659 2552
496 671 638 706 LIBER
672 672 852 707 SEXTUS
884 645 1094 708 {DECIMUS

555 756 643 797 AD
689 755 1015 798 TIRONEM.

770 872 800 914 Ι.

338 953 412 989 Ser.
440 955 480 988 in
505 954 632 988 itinere
656 953 728 987 ΙΙΙ
749 954 845 988 Non.
873 954 965 989 Nov.
992 966 1024 989 (ι.
1056 957 1124 989 704
1151 957 1240 999 (50).

83 1049 99 1073 5
167 1035 366 1070 TULLIUS
393 1027 559 1070 TIRONI
591 1035 679 1069 SUO
713 1035 746 1069 S.
774 1035 811 1070 P.
838 1036 880 1070 D.
914 1035 974 1069 ET
1002 1035 1169 1070 CICERO
1197 1036 1325 1071 MEUS
1351 1036 1412 1071 ET

504 1093 695 1127 FRATER
720 1093 781 1127 ET
806 1093 1009 1128 FRATRIS
1035 1094 1072 1128 F.

209 1177 341 1219 Paulo
383 1178 548 1218 facilius
592 1178 739 1232 putavi
781 1192 903 1232 posse
946 1192 1013 1218 me
1057 1179 1165 1219 ferre
1207 1179 1461 1220 desiderium
1488 1191 1503 1221 1

120 1237 195 1290 tui,
228 1236 300 1277 sed
330 1236 453 1291 plane
478 1251 563 1277 non
595 1237 684 1277 fero
711 1239 763 1290 et,
796 1251 1050 1290 quamquam
1076 1238 1221 1292 magni
1247 1238 1299 1278 ad
1329 1237 1460 1279 hono—

120 1310 209 1336 rem
240 1298 433 1336 nostrum
466 1295 640 1336 interest
672 1309 797 1349 quam
828 1295 1014 1349 primum
1040 1296 1091 1336 ad
1122 1296 1271 1336 urbem
1302 1311 1369 1337 me
1395 1311 1461 1337 ve-

67 1366 100 1390 10
119 1354 227 1407 nire,
260 1356 400 1394 tamen
425 1368 617 1408 peccasse
641 1354 748 1394 mihi
773 1354 929 1408 videor,
962 1354 1035 1408 qui
1061 1369 1084 1395 a
1109 1357 1150 1395 te
1177 1355 1460 1410 diseesserim3

120 1412 209 1466 sed,
251 1412 350 1466 quia
389 1415 463 1453 tua
494 1412 689 1453 voluntas
727 1427 774 1453 ea
806 1413 1029 1453 videbatur
1065 1427 1170 1467 esse,
1208 1416 1255 1454 ut
1286 1428 1459 1467 prorsus

119 1471 200 1511 nisi
221 1471 469 1512 confirmato
490 1485 665 1525 corpore
684 1471 818 1512 nolles
837 1472 1048 1527 navigare,
1080 1472 1312 1526 adprobavi
1337 1475 1459 1513 tuum

121 1529 343 1570 consilium
380 1544 515 1583 neque
552 1544 663 1570 1111110
699 1533 836 1583 muto,
875 1530 910 1570 si
947 1533 994 1570 tu
1031 1530 1075 1570 in
1113 1531 1257 1571 eadem
1289 1545 1332 1571 es
1370 1546 1459 1571 sen-

119 1587 270 1641 tentia3
311 1588 376 1628 sin
414 1590 571 1641 autem,
611 1591 886 1642 posteaquam
924 1589 1066 1629 eibum
1098 1590 1264 1643 cepisti,
1303 1589 1459 1630 videris

68 1657 100 1682 15
120 1645 200 1686 tibi
232 1660 354 1699 posse
379 1660 446 1686 me
472 1647 683 1700 consequi,
714 1649 835 1687 tuum
861 1647 1083 1687 consilium
1109 1650 1182 1688 est.
1222 1647 1459 1688 Marionem

121 1704 174 1744 ad
210 1706 252 1744 te
284 1718 332 1744 eo
370 1704 486 1758 misi,
528 1707 575 1744 ut
615 1707 688 1745 aut
727 1707 866 1745 tecum
908 1705 959 1745 ad
998 1720 1066 1746 me
1107 1720 1233 1759 quam
1272 1706 1459 1759 primum

120 1762 283 1803 veniret
314 1765 397 1816 aut,
429 1763 463 1802 si
495 1765 542 1802 tu
572 1777 796 1815 morai-ere,
828 1763 971 1803 statim
1003 1763 1056 1803 ad
1085 1778 1152 1803 me
1184 1763 1356 1804 rediret]
1394 1763 1458 1804 Tu
1484 1776 1504 1806 2

120 1823 260 1861 autem
292 1820 372 1860 hoc
403 1820 484 1861 tibi
515 1821 729 1874 persuade,
762 1821 797 1861 si
829 1821 1049 1862 commodo
1081 1821 1336 1862 valetudinis
1361 1825 1458 1862 tuae

119 1879 212 1920 fieri
249 1879 400 1933 possit,
432 1878 540 1919 nihil
577 1894 643 1920 me
681 1879 805 1920 malle
844 1894 969 1933 quam
1007 1883 1048 1920 te
1081 1894 1168 1920 esse
1199 1894 1382 1935 meeum3
1424 1881 1459 1921 si

68 1949 100 1974 20
121 1941 261 1978 autem
288 1937 506 1992 intelleges
533 1951 637 1991 opus
661 1952 748 1978 esse
774 1941 815 1978 te
834 1937 974 1978 Patris
994 1938 1309 1979 convalescendi
1336 1953 1459 1979 eausa

119 1996 293 2050 paulum
335 1996 586 2037 commorari
596 2029 606 2050 ,
646 1996 756 2036 nihil
795 2011 861 2037 me
901 1996 1026 2037 malle
1065 2011 1191 2050 quam
1228 1999 1269 2037 te
1308 1997 1457 2038 valere.

121 2053 166 2095 Si
192 2055 336 2095 statim
366 2054 552 2109 navigas,
583 2068 660 2095 nos
684 2054 874 2095 Leueade
901 2069 1172 2110 oonsequere3
1204 2055 1269 2095 3111
1294 2058 1336 2095 te
1363 2069 1458 2096 con-

119 2113 286 2154 firmare
318 2113 398 2166 vis,
437 2115 477 2152 et
517 2113 690 2153 comites
728 2116 770 2153 et
806 2116 1078 2167 tempestates
1111 2116 1152 2154 et
1188 2128 1338 2154 navem
1370 2113 1458 2155 ido-

118 2185 241 2212 neam
272 2174 318 2212 ut
356 2171 527 2224 habeas,
571 2171 796 2226 diligenter
826 2172 998 2212 videbis.
1060 2171 1205 2212 Unum
1237 2171 1360 2225 illud,
1397 2172 1458 2213 mi

67 2240 100 2265 25
120 2228 238 2283 Tiro,
270 2230 429 2283 videto,
463 2229 497 2269 si
528 2243 595 2269 me
627 2244 758 2283 amas,
788 2244 840 2270 ne
872 2232 914 2270 te
944 2229 1148 2270 Marionis
1181 2230 1385 2271 adventus
1417 2233 1459 2271 et

118 2286 197 2328 hae
237 2288 403 2329 litterae
443 2290 650 2328 moveant.
712 2287 834 2337 Quod
869 2288 1102 2329 valetudini
1142 2291 1238 2329 tuae
1275 2289 1458 2330 maxime
