1659 2552
179 112 266 154 276
524 105 527 108 ’
678 112 1016 147 Ems'rULARUM

793 253 906 295 XVI.

414 336 487 372 Ser.
515 337 650 371 Romae
671 336 769 380 prid.
797 335 893 369 Non.
922 335 1005 369 Iun.
1035 346 1068 369 α.
1097 337 1165 369 711
1197 336 1286 378 (43).

649 416 815 451 CICERO
848 415 1049 451 PLANCO.

133 515 149 544 1
267 501 389 543 Nihil
429 504 526 556 post
566 501 787 541 hominum
828 500 1078 542 memoriam
1121 500 1369 556 gloriosius,
1413 500 1522 541 nihil

177 561 356 617 gratius,
389 576 440 601 ne
473 564 662 614 tempore
695 559 866 613 quidem
898 559 990 614 ipso
1023 560 1303 613 opportunius
1335 559 1520 600 accidere
1559 571 1575 597 5

178 620 265 660 vidi
298 635 424 674 quam
456 622 566 672 tuas,
599 618 770 673 Plance,
803 619 977 659 litteras.
1040 618 1246 660 Reclditae
1279 620 1377 659 sunt
1409 618 1522 659 enim

179 679 389 732 frequenti
423 681 569 719 senatu
603 676 810 732 Cornuto,
849 692 944 718 cum
976 677 1010 718 is
1048 677 1226 733 frigidas
1258 692 1356 718 sane
1388 679 1430 718 et
1462 677 1522 718 in-

180 738 411 778 constantis
449 737 664 777 recitasset
704 736 868 777 litteras
905 736 1066 791 Lepidi.
1138 735 1226 777 Sub
1267 750 1336 777 eas
1377 736 1522 777 statim

180 797 378 837 recitatae
417 798 514 836 sunt
551 798 648 836 tuae
685 809 771 836 non
809 796 898 836 sine
929 795 1095 851 magnis
1129 795 1299 849 quidem
1331 795 1522 836 clamori-

179 855 269 896 bus.
333 854 439 896 Cum
477 854 602 895 rebus
641 854 753 895 enim
792 855 894 909 ipsis
935 857 1074 895 essent
1111 857 1153 894 et
1184 854 1336 895 studiis
1368 854 1521 895 benefi-
1542 867 1574 892 10

181 914 338 967 eiisque
376 914 420 954 in
458 928 546 954 rem
583 929 621 967 p.
654 913 936 968 gratissimae,
974 916 1066 954 tum
1104 915 1223 954 erant
1260 913 1522 969 gravissimis

181 973 320 1013 verbis
352 987 399 1013 ac
431 972 662 1013 sententiis.
724 972 938 1028 Flagitare
973 974 1142 1013 senatus
1174 972 1331 1013 institit
1364 970 1523 1013 Cornu-

180 1034 288 1085 tum,
327 1034 373 1072 ut
410 1031 586 1072 referret
617 1031 762 1072 statim
795 1032 843 1072 de
875 1031 960 1072 tuis
991 1031 1156 1072 litteris.
1200 1030 1277 1072 Ille
1315 1045 1358 1072 se
1390 1031 1523 1072 consi-

182 1090 325 1131 derare
351 1090 468 1131 velle.
527 1089 634 1131 Cum
660 1090 697 1131 ei
723 1105 925 1146 magnum
952 1090 1189 1131 convicium
1220 1090 1340 1131 fieret
1372 1092 1522 1131 cuncto

181 1164 204 1189 a
236 1152 399 1204 senatu,
433 1150 619 1203 quinque
650 1149 813 1190 tribuni
844 1149 959 1203 plebi
990 1149 1255 1190 rettulerunt.
1319 1147 1523 1190 Servilius
1543 1161 1575 1187 15

181 1211 355 1263 rogatus
381 1222 470 1249 rem
497 1208 678 1262 distulit3
705 1222 783 1264 ego
810 1222 902 1249 eam
928 1208 1181 1249 sententiam
1208 1208 1306 1261 dixi,
1334 1207 1400 1248 cui
1426 1211 1524 1249 sunt

182 1267 345 1307 adsensi
377 1267 430 1307 ad
461 1281 603 1307 unum.
665 1266 728 1307 Ea
761 1281 865 1321 quae
897 1267 1041 1321 fuerit,
1075 1282 1126 1308 ex
1158 1281 1186 1307 s.
1221 1281 1252 1307 c.
1286 1280 1522 1323 cognosces.

135 1338 154 1367 ²2
182 1325 246 1366 Tu
284 1340 539 1379 quamquam
578 1325 754 1366 consilio
791 1340 877 1366 non
917 1340 1014 1381 eges
1045 1326 1113 1367 vel
1150 1325 1338 1366 abundas
1368 1325 1523 1380 potius,

182 1387 324 1425 tamen
355 1384 436 1425 hoc
468 1385 608 1425 animo
642 1398 730 1425 esse
763 1384 900 1438 debes,
932 1387 979 1425 ut
1004 1384 1114 1425 nihil
1138 1383 1221 1425 huc
1246 1384 1394 1425 reicias
1418 1398 1523 1426 neve

184 1443 226 1483 in
258 1443 384 1483 rebus
414 1445 502 1483 tam
540 1443 692 1483 subitis
730 1445 900 1497 tamque
933 1443 1123 1498 angustis
1155 1458 1179 1484 a
1211 1445 1358 1484 senatu
1389 1442 1522 1484 consi·
1542 1456 1575 1481 20

182 1501 287 1542 lium
318 1502 547 1555 petendum
577 1504 711 1556 putes,
742 1502 831 1555 ipse
857 1502 937 1542 tibi
964 1502 1020 1542 sis
1045 1504 1225 1557 senatus,
1259 1515 1524 1556 quocumque

183 1563 224 1601 te
257 1561 365 1601 ratio
404 1561 464 1601 rei
502 1576 540 1615 p.
574 1561 712 1613 ducet,
751 1575 943 1615 sequare,
982 1575 1117 1615 cures,
1158 1563 1206 1602 ut
1237 1563 1334 1601 ante
1366 1561 1524 1602 factum

183 1619 343 1672 aliquid
376 1634 400 1659 a
430 1622 471 1660 te
504 1619 721 1675 egregium
754 1620 992 1673 audiamus,
1026 1634 1152 1674 quam
1184 1621 1375 1661 futurum
1406 1622 1525 1674 puta-

184 1677 325 1718 rimus.
387 1676 500 1718 Illud
532 1678 611 1719 tibi
642 1678 859 1733 promitto,
893 1679 1095 1732 quicquid
1127 1679 1206 1720 erit
1232 1681 1322 1719 ate
1354 1678 1524 1732 factum,

183 1736 227 1776 id
264 1739 455 1777 senatum
495 1752 580 1778 non
620 1737 746 1778 modo
785 1740 831 1778 ut
868 1738 1068 1792 fideliter,
1111 1738 1183 1779 sed
1220 1737 1348 1779 etiam
1385 1739 1432 1778 ut
1464 1751 1524 1778 sa·
1545 1750 1577 1774 25
1634 1738 1643 1745 ’

183 1795 348 1849 pienter
379 1796 538 1837 factum
570 1796 954 1850 comprobaturum.
1637 1804 1642 1812 '

1630 1833 1642 1875 l

786 1912 920 1954 XVII.
1628 1878 1641 1959 i

298 1993 370 2029 Ser.
399 1994 440 2028 in
465 1995 592 2028 itinere
618 1994 666 2027 ad
693 1993 872 2037 Lepidum
899 1994 1003 2028 XII*
1023 1998 1089 2028 aut
1115 1994 1227 2027 XIII
1249 1993 1295 2027 K.
1329 1993 1411 2027 Iun.

726 2052 758 2075 a.
795 2043 861 2075 711
895 2044 983 2084 (43).

616 2121 833 2156 PLANCUS
861 2120 1093 2157 CICERONI
1546 2136 1579 2161 80

142 2218 156 2246 1
276 2206 488 2247 Antonius
526 2205 584 2246 Id.
617 2205 713 2246 Mai.
748 2205 799 2246 ad
830 2205 988 2246 Forum
1026 2204 1240 2246 Iuli'cum
1281 2204 1430 2258 primis
1462 2219 1526 2246 co-

188 2265 269 2317 piis
303 2265 426 2305 venit.
489 2264 714 2305 Ventidius
752 2264 870 2305 bidui
909 2263 1046 2318 spatio
1079 2263 1197 2304 abest
1229 2262 1280 2303 ab
1314 2278 1373 2304 eo.
1406 2263 1527 2318 Lepi-

190 2323 266 2363 dus
298 2324 349 2363 ad
381 2323 537 2364 Forum
569 2323 734 2364 Voconi
767 2326 902 2363 castra
932 2321 1077 2376 habet,
1111 2321 1182 2376 qui
1214 2321 1330 2362 locus
1363 2337 1385 2363 a
1416 2322 1526 2364 Foro

1634 2270 1641 2311 ξι

1629 2329 1641 2416 Ξ
