1659 2552
578 97 721 132 LIBER
746 98 813 132 XII
840 101 988 134 19—22.
1361 101 1447 143 355

106 191 218 232 enim
234 191 485 246 respondere
500 193 664 234 facilius
684 208 856 247 possum
871 209 996 248 quam
1010 209 1249 248 provocare.
1277 195 1448 250 Quodsi,

105 250 135 303 †
155 252 203 290 ut
229 264 283 304 es,
315 250 508 305 cessabis,
540 251 753 306 lacessam,
784 266 861 293 nec
887 255 960 293 tua
986 253 1155 308 ignavia
1187 255 1312 294 etiam
1344 256 1447 296 mihi

105 308 303 349 inertiam
335 309 508 351 adferet.
569 310 698 352 Plura
736 311 915 367 otiosus3
954 311 1074 367 haec,
1113 326 1208 353 cum
1240 328 1370 353 essem
1403 314 1446 353 in

105 370 270 422 senatu,
303 368 482 409 exaravi.

69 485 85 509 5
721 472 832 514 XXI.

365 552 437 587 Sor.
471 552 607 587 Romae
637 564 753 588 mense
778 554 912 589 incerto
937 565 969 588 α.
1000 557 1070 589 710
1098 557 1186 599 (44).

536 633 704 668 CICERO
732 633 1013 670 CORNIFICIO.

196 715 238 757 C.
271 715 460 771 Anicius,
493 717 714 758 familiaris
745 731 875 772 meus,
906 717 972 758 vir
1004 719 1199 759 omnibus
1231 719 1357 760 rebus
1383 734 1447 760 or-

105 777 241 829 natus,
272 776 543 831 negotiorum
570 790 742 816 suorum
769 790 891 816 causa
916 776 1080 832 legatus
1106 781 1168 818 est
1193 778 1237 818 in
1255 777 1446 819 Africam

54 848 86 873 ιο
105 833 319 890 legatione
356 834 501 875 libera.
563 833 674 875 Eum
712 834 839 875 velim
878 831 1002 875 iebus
1041 836 1237 876 omnibus
1275 836 1446 877 adiuves

107 907 362 947 operamque
401 893 489 947 des,
529 895 577 933 ut
618 907 744 946 quam
785 893 1122 935 commodissime
1164 909 1238 935 sua
1273 895 1446 950 negotia

106 951 313 1005 conficiat,
345 951 389 992 in
420 951 665 1006 primisque,
697 952 810 1005 quod
842 952 879 991 ei
912 952 1173 993 carissimum
1205 955 1278 1007 est,
1312 953 1447 1008 digni-

105 1012 237 1062 tatem
269 1009 358 1050 eius
388 1010 470 1050 tibi
508 1010 754 1050 commendo
787 1009 913 1063 idque
944 1025 968 1050 a
998 1013 1039 1051 te
1070 1013 1181 1065 peto,
1213 1011 1326 1065 quod
1356 1012 1446 1065 ipse

106 1069 149 1109 in
180 1068 398 1123 provincia
429 1069 566 1109 facere
597 1082 690 1109 sum
722 1067 871 1109 solitus
902 1083 987 1109 non
1019 1072 1203 1125 rogatus,
1235 1072 1282 1110 ut
1314 1070 1446 1110 omni-

54 1140 85 1164 15
106 1128 185 1168 bus
217 1126 482 1168 senatoribus
513 1127 684 1167 lictores
717 1127 877 1181 darem,
919 1127 1031 1181 quod
1062 1128 1173 1169 idem
1205 1142 1446 1182 acceperam

106 1188 148 1227 et
179 1186 223 1226 id
254 1199 535 1241 cognoveram
567 1199 591 1226 a
622 1185 797 1225 summis
828 1185 931 1226 viris
962 1186 1212 1227 factitatum.
1244 1186 1336 1227 Hoc
1369 1186 1446 1241 igi-

106 1247 193 1299 tur,
223 1244 283 1284 mi
310 1242 522 1298 Cornifici,
554 1244 681 1284 facies
713 1243 945 1297 ceterisque
977 1244 1102 1285 rebus
1135 1244 1330 1285 omnibus
1356 1245 1446 1285 eius

107 1302 307 1359 dignitati
338 1302 501 1356 reique,
538 1302 575 1342 si
604 1316 672 1343 me
704 1316 835 1356 amaS,
874 1302 1077 1343 consules.
1136 1302 1234 1343 Erit
1265 1303 1309 1343 id
1338 1303 1445 1344 mihi

105 1362 408 1418 gratissimum.
469 1360 535 1401 Da
567 1375 749 1414 operam,
780 1363 829 1401 ut
859 1360 1008 1402 valeas.

53 1526 86 1550 20
708 1510 841 1553 XXII.

313 1592 386 1628 Ser.
414 1592 550 1627 Romae
570 1596 654 1636 post
679 1591 793 1626 XIII
813 1591 860 1626 K.
893 1592 964 1627 Oct.
991 1604 1024 1627 α.
1052 1594 1123 1627 ’710
1151 1594 1240 1637 (44).

514 1672 680 1708 CICERO
708 1672 977 1707 CORNIFICIO
1005 1673 1038 1708 S.

193 1767 285 1810 Nos
315 1767 386 1808 hic
416 1781 511 1808 cum
541 1767 713 1808 homine
750 1767 985 1822 gladiatore
1023 1767 1212 1809 omnium
1243 1769 1445 1822 nequissi-

106 1841 189 1881 mo,
221 1826 397 1881 conlega
420 1828 580 1879 nostro,
610 1824 812 1879 Antonio,
843 1825 1002 1866 bellum
1033 1826 1230 1881 gerimuS,
1263 1827 1335 1867 sed
1359 1841 1444 1867 non

56 1898 88 1923 25
106 1885 199 1940 pari
232 1885 495 1938 condicione,
537 1886 683 1925 contra
714 1899 830 1924 arma
859 1884 1010 1925 verbis.
1071 1883 1131 1925 At
1163 1885 1290 1925 etiam
1322 1884 1371 1925 de
1402 1888 1444 1925 te

107 1944 388 1998 contionatur,
418 1956 496 1983 nec
525 1943 717 1997 impune3
747 1957 846 1983 nam
871 1942 1035 1996 sentiet,
1067 1957 1172 1996 quos
1202 1943 1444 1984 lacessierit.

107 2002 202 2058 Ego
243 2004 384 2043 autem
427 2003 519 2041 acta
558 2001 611 2041 ad
650 2003 692 2041 te
732 2001 873 2041 omnia
916 2001 1101 2041 arbitror
1142 2001 1347 2055 perscribi
1390 2001 1443 2042 ab

107 2061 219 2116 aliis3
257 2075 281 2102 a
310 2074 378 2101 me
417 2059 561 2100 futura
599 2058 723 2100 debes
755 2073 1023 2115 cognoscere3
1061 2073 1241 2113 quorum
1273 2059 1443 2113 quidem

106 2133 192 2160 non
217 2122 280 2160 est
305 2118 490 2159 difficilis
516 2117 766 2158 coniectura.
828 2116 1037 2171 Oppressa
1061 2117 1203 2158 omnia
1227 2120 1336 2172 sunt,
1366 2132 1443 2158 nec

55 2190 88 2214 30
106 2177 265 2218 habent
290 2177 437 2218 ducem
462 2176 576 2230 boni,
609 2176 828 2229 nostrique
859 2175 1157 2229 tyrannoctoni
1187 2176 1313 2231 longe
1344 2190 1443 2231 gen-

107 2235 216 2277 tium
252 2236 416 2277 absunt.
476 2234 613 2275 Pansa
651 2237 692 2275 et
728 2234 856 2275 sentit
894 2235 1000 2275 bene
1031 2237 1072 2275 et
1102 2234 1294 2287 loquitur
1323 2234 1443 2275 forti-

107 2297 189 2350 ter3
218 2293 387 2335 Hirtius
418 2296 562 2335 noster
592 2293 752 2334 tardius
785 2292 1047 2333 convalescit.
1110 2291 1221 2341 Quid
1250 2292 1442 2333 futurum

1157 2360 1225 2393 23*

1467 2128 1488 2158 ιθ
