1659 2552
188 100 275 141 504
689 98 1029 133 EPISTULARUM

187 195 328 236 minor
364 194 531 235 videtur
572 209 698 249 quam
740 194 912 234 omnino
953 208 1039 235 non
1080 194 1213 234 irasci.
1275 193 1387 235 Nam
1424 194 1530 236 illud

184 257 251 295 est
294 268 380 294 non
424 253 561 294 solum
604 253 844 308 gravitatis,
887 252 960 294 sed
1000 267 1085 294 non
1129 267 1360 306 numquam
1402 253 1529 294 etiam

187 312 471 367 lentitudini83
509 312 718 353 moderari
751 326 850 352 vero
883 314 924 352 et-
955 312 1096 353 animo
1129 314 1171 352 et
1203 312 1402 366 orationi,
1435 326 1530 353 cum

190 372 246 412 sis
278 372 427 425 iratus,
459 374 532 411 aut
563 371 691 411 etiam
723 373 860 411 tacere
892 373 933 411 et
965 373 1107 411 tenere
1140 371 1184 411 in
1216 385 1290 411 sua
1320 374 1530 425 potestate

189 433 353 472 motum
391 430 522 470 animi
561 432 602 470 et
640 429 846 483 dolorem,
887 429 965 470 etsi
1003 444 1089 471 non
1127 432 1190 470 est
1226 430 1436 484 perfectae
1469 444 1531 470 sa-

119 502 162 533 39
189 489 390 544 pientiae,
432 491 573 529 tamen
611 491 674 529 est
709 502 796 529 non
826 488 1051 529 mediocris
1081 488 1253 544 ingenii.
1314 488 1455 543 Atque
1487 489 1531 529 in

188 549 270 590 hoc
309 562 462 603 genere
500 547 636 588 multo
680 549 721 588 te
765 561 852 587 esse
897 547 981 587 iam
1025 547 1355 588 commodiorem
1391 547 1532 588 mitio-

190 622 362 661 remque
405 606 613 647 nuntiant.
684 605 838 648 Nullae
881 608 978 646 tuae
1021 606 1357 647 vehementiores
1401 605 1532 646 animi

191 666 513 719 concitationes,
562 664 679 705 nulla
728 664 951 705 maledicta
1000 665 1051 705 ad
1099 679 1199 720 nos,
1248 665 1388 706 nullae
1438 679 1533 706 con-

190 725 388 766 tumeliae
428 724 716 778 perferuntur,
760 738 866 777 quae
905 738 1000 764 cum
1037 723 1267 765 abhorrent
1304 738 1328 764 a
1365 723 1533 778 litteris,
1553 736 1586 761 10

191 784 243 825 ab
284 783 548 824 humanitate
591 786 683 823 tum
725 797 825 823 vero
871 782 1081 823 contraria
1126 785 1224 823 sunt
1267 782 1444 837 imperio
1486 796 1534 824 ac

192 843 409 898 dignitati,
446 857 564 896 nam,
603 842 638 882 si
670 841 959 896 implacabiles
990 841 1230 882 iracundiae
1268 843 1382 895 sunt,
1423 855 1534 882 sum-

190 917 259 943 ma
302 904 366 942 est
409 900 635 954 acerbitas,
680 901 744 941 sin
789 903 929 941 autem
973 901 1229 954 exorabiles,
1279 914 1442 941 summa
1478 900 1534 941 le-

190 961 315 1015 vitas,
361 975 466 1014 quae
506 963 648 1000 tamen
686 962 734 1000 ut
774 960 818 1000 in
858 959 981 1000 malis
1021 959 1242 1000 acerbitati
1280 961 1534 1013 anteponen-

194 1020 246 1060 da
277 1022 350 1060 est.

283 1077 381 1132 Sed,
421 1077 621 1131 quoniam
659 1076 821 1131 primus
853 1090 986 1117 annus
1023 1077 1175 1117 habuit
1207 1076 1256 1117 de
1287 1076 1367 1117 hac
1397 1091 1535 1131 repre-

191 1137 395 1177 hensione
438 1136 671 1190 plurimum
712 1136 934 1190 sermonis,
980 1136 1121 1190 credo,
1161 1138 1386 1190 propterea
1423 1135 1538 1189 quod

192 1196 272 1236 tibi
310 1195 533 1236 hominum
564 1195 759 1247 iniuriae,
793 1195 907 1248 quod
938 1195 1132 1248 avaritia,
1165 1194 1280 1248 quod
1310 1193 1537 1235 insolentia

192 1257 359 1308 praeter
391 1254 635 1308 opinionem
667 1253 882 1294 accidebat
915 1256 956 1293 et
987 1253 1270 1294 intolerabilis
1301 1253 1535 1306 videbatur,

193 1313 399 1354 secundus
437 1316 579 1353 autem
615 1312 751 1352 multo
788 1312 941 1365 lenior,
976 1312 1092 1365 quod
1123 1315 1164 1352 et
1202 1311 1460 1352 consuetudo
1492 1313 1534 1352 et
1554 1323 1588 1348 20

193 1373 301 1412 ratio
334 1374 392 1426 et,
424 1374 471 1412 ut
504 1385 582 1426 ego
615 1371 816 1424 arbitror,
848 1384 964 1410 meae
997 1384 1164 1424 quoque
1196 1370 1361 1410 litterae
1393 1372 1434 1410 te
1466 1384 1536 1424 pa-

193 1430 438 1471 tientiorem
469 1430 757 1483 lenioremque
789 1429 998 1482 fecerunt,
1031 1429 1182 1469 tertius
1213 1442 1347 1469 annus
1378 1428 1437 1469 ita
1470 1429 1536 1469 de-

194 1489 266 1530 bet
292 1503 380 1529 esse
413 1488 669 1541 emendatus,
701 1490 748 1528 ut
779 1501 831 1528 ne
857 1487 1076 1528 minimam
1103 1487 1273 1541 quidem
1305 1501 1393 1527 rem
1426 1487 1536 1541 quis-

122 1560 165 1590 41
195 1562 321 1602 quam
362 1547 497 1601 possit
538 1546 667 1587 ullam
710 1546 1024 1600 reprehendere.
1095 1545 1158 1586 Ac
1201 1546 1285 1586 iam
1322 1545 1403 1587 hoc
1443 1546 1535 1587 loco

193 1621 279 1647 11011
316 1606 557 1647 hortatione
595 1619 730 1659 neque
768 1605 1019 1659 praeceptis,
1061 1604 1133 1645 sed
1169 1604 1365 1658 precibus
1396 1606 1536 1645 tecum
1556 1615 1590 1641 25

194 1665 391 1706 fraternis
423 1679 523 1720 ago,
554 1667 693 1704 totum
726 1666 773 1704 ut
804 1663 1009 1717 animum,
1042 1677 1185 1704 curam
1218 1663 1537 1719 cogitationem-

195 1738 275 1778 que
306 1727 425 1764 tuam
455 1737 587 1777 ponas
619 1723 662 1763 in
696 1722 885 1763 omnium
916 1722 1038 1763 laude
1071 1722 1256 1776 undique
1289 1722 1536 1777 colligenda.

195 1783 354 1832 Quodsi
393 1782 437 1823 in
479 1781 682 1822 mediocri
724 1783 836 1822 statu
878 1781 1083 1822 sermonis
1124 1795 1172 1821 ac
1211 1780 1538 1835 praedicationis

194 1844 362 1883 nostrae
395 1855 461 1882 res
487 1843 636 1894 essent,
668 1840 776 1880 nihil
807 1839 882 1880 abs
913 1842 955 1880 te
988 1840 1202 1893 eximium,
1233 1839 1342 1880 nihil
1371 1842 1538 1894 praeter

195 1901 376 1941 aliorum
408 1899 755 1940 consuetudinem
795 1899 1092 1952 postularetur.
1154 1897 1280 1939 Nunc
1312 1912 1410 1939 vero
1443 1912 1537 1952 pro—
1557 1911 1591 1935 30

195 1962 289 2013 pter
321 1973 465 2000 earum
498 1972 655 2011 rerum,
698 1957 739 1997 in
778 1957 932 2010 quibus
964 1957 1119 1997 versati
1152 1971 1314 2010 sumus,
1347 1956 1538 2011 splendo-

198 2033 284 2059 rem
322 2020 364 2058 et
400 2017 759 2072 magnitudinem,
800 2016 882 2055 nisi
921 2026 1135 2056 summam·
1170 2015 1338 2056 laudem
1376 2030 1426 2055 ex
1459 2015 1539 2055 ista

195 2076 415 2131 provinc-ia
447 2075 733 2129 adsequimur,
765 2074 836 2114 vix
868 2074 1061 2115 videmur
1093 2088 1300 2114 summam
1330 2073 1539 2127 Vitupera-

196 2136 356 2176 tionem
394 2148 515 2188 posse
556 2134 698 2174 vitare.
761 2132 824 2172 Ea
862 2135 1007 2173 nostra
1044 2133 1152 2173 ratio
1191 2136 1270 2186 est,
1310 2134 1357 2172 ut
1396 2146 1540 2173 omnes

123 1054 178 1094 14

121 1114 166 1145 40

197 2194 298 2234 boni
332 2208 427 2234 cum
459 2193 627 2233 faveant
666 2195 757 2232 tum
795 2191 922 2232 etiam
955 2205 1122 2232 omnem
1155 2206 1177 2231 a
1210 2190 1332 2231 nobis
1365 2190 1540 2246 diligen·
1559 2202 1593 2227 35

197 2253 301 2292 tiam
342 2252 629 2304 virtutemque
671 2253 712 2291 et
752 2250 970 2304 postulent
1011 2252 1052 2290 et
1092 2251 1355 2303 exspectent,
1396 2263 1561 2290 omnes.

199 2314 340 2351 autem
385 2310 589 2365 improbi,
641 2309 754 2363 quod
799 2323 893 2349 cum
938 2308 989 2349 iis
1034 2307 1192 2349 bellum
1237 2307 1541 2361 sempiternum

1556 1029 1590 1055 15
