1659 2552
170 105 253 147 154
658 102 998 138 EPISTULARUM

166 201 293 242 rebus
335 214 652 255 perspexeram,
696 213 802 252 quae
845 197 1005 238 Balbus
1049 200 1090 238 et
1135 195 1297 252 Oppius
1339 197 1513 239 absente

168 258 344 300 Caesare
363 259 559 315 egissent,
592 273 638 298 ea
665 258 798 297 solere
825 256 887 296 illi
914 259 1005 297 rata
1030 270 1130 310 esse,
1156 256 1224 311 egi
1242 255 1514 298 vehementer

167 333 263 359 cum
289 318 352 372 iis,
383 321 431 358 ut
456 318 536 358 hoc
561 316 666 357 mihi
693 316 851 369 darent,
877 315 957 355 tibi
984 315 1028 355 in
1049 313 1204 368 Sicilia,
1231 315 1372 369 quoad
1389 314 1513 356 velle-

166 391 281 430 mus,
326 390 414 417 esse
455 376 517 416 uti
558 376 714 416 liceret.
778 373 859 422 Qui
899 373 1006 414 mihi
1047 376 1319 414 consuessent
1356 375 1429 414 aut
1465 373 1513 414 li-

167 436 316 476 benter
346 434 554 489 polliceri,
594 434 629 474 si
662 433 764 487 quid
795 435 904 472 esset
935 431 1024 473 eius
1054 432 1188 486 modi,
1221 431 1336 487 quod
1365 446 1513 473 eorum
1549 444 1566 469 5

168 494 331 535 animos
373 508 458 534 non
503 492 750 545 offenderet,
794 494 867 531 aut
910 491 1039 531 etiam
1076 505 1230 546 negare
1268 493 1309 532 et
1349 490 1513 532 adferre

168 553 396 605 rationem,
441 566 514 592 cur
553 553 776 606 negarent,
820 549 920 590 huic
961 564 1080 590 meae
1119 549 1334 605 rogationi
1369 549 1513 604 potius

166 626 253 653 non
291 611 491 652 continuo
535 609 862 663 responderunt,
906 608 1054 649 eodem
1086 608 1152 649 die
1183 610 1326 649 tamen
1357 608 1410 648 ad
1445 622 1513 649 me

168 671 449 723 reverterunt,
493 668 599 708 mihi
642 667 723 708 hoc
768 667 990 721 dederunt,
1033 669 1081 708 ut
1122 681 1233 708 esses
1274 667 1318 708 in
1355 665 1512 721 Sicilia,

169 729 308 783 quoad
337 728 483 782 velles,
515 741 558 767 se
588 728 876 780 praestaturos
906 725 1016 766 nihil
1047 739 1099 766 ex
1125 739 1174 766 eo
1199 728 1242 767 te
1268 726 1513 767 offensionis
1533 738 1567 763 ιο

167 787 425 828 habiturum.

257 845 476 897 Quoniam,
503 843 606 897 quid
630 843 711 884 tibi
736 842 1021 897 permittatur,
1047 842 1254 898 cognosti,
1279 842 1383 897 quid
1406 842 1514 884 mihi

167 904 341 959 placeat,
373 906 477 957 puto
509 906 550 943 te
582 902 688 942 scire
714 904 919 956 oportere.
957 900 1078 942 Actis
1103 902 1171 942 his
1195 901 1322 942 rebus
1346 901 1513 943 litterae

169 977 193 1003 a
224 966 265 1003 te
296 962 402 1002 mihi
434 961 622 1002 redditae
654 963 764 1014 sunt,
797 960 952 1014 quibus
983 975 1007 1001 a
1037 974 1104 1001 me
1137 960 1362 1001 consilium
1391 960 1514 1014 petis,

170 1021 272 1075 quid
308 1020 388 1061 sim
424 1020 505 1060 tibi
543 1022 706 1074 auctor,
747 1020 792 1059 in
825 1018 1023 1060 Siciliane
1062 1018 1255 1060 subsidas
1291 1033 1345 1060 an
1381 1021 1430 1060 ut
1460 1019 1514 1059 ad
1533 1031 1566 1057 15

170 1079 369 1133 reliquias
395 1078 606 1119 Asiaticae
631 1077 935 1134 negotiationis
965 1077 1243 1132 proficiscare.
1299 1077 1416 1118 Haec
1439 1079 1513 1118 tua

171 1138 419 1179 deliberatio
457 1152 543 1178 non
583 1136 691 1178 mihi
723 1136 946 1177 convenire
978 1137 1068 1177 visa
1099 1139 1162 1177 est
1194 1150 1290 1177 cum
1322 1136 1512 1178 oratione

167 1196 308 1252 Largi.
348 1195 425 1237 Ille
458 1196 571 1236 enim
601 1209 784 1250 mecum,
817 1195 937 1249 quasi
967 1195 1048 1236 tibi
1079 1209 1166 1236 non
1196 1195 1343 1236 liceret
1373 1195 1419 1236 in
1450 1193 1513 1236 Si-

170 1256 267 1296 cilia
310 1255 468 1295 diutius
509 1254 778 1308 commorari,
822 1254 882 1294 ita
920 1254 1087 1295 locutus
1125 1257 1231 1308 erat,
1274 1257 1322 1294 tu
1359 1256 1512 1309 autem,

170 1313 290 1368 quasi
322 1327 565 1353 concessum
596 1313 668 1366 sit,
700 1313 760 1353 ita
792 1312 1009 1353 deliberas.
1072 1311 1155 1353 Sed
1185 1326 1282 1368 ego,
1313 1312 1402 1353 sive
1431 1311 1514 1353 hoc
1533 1325 1567 1351 20

170 1373 258 1414 sive
284 1372 390 1412 illud
416 1374 490 1425 est,
521 1371 566 1411 in
593 1370 737 1411 Sicilia
763 1384 910 1412 censeo
937 1371 1294 1412 commorandum.
1335 1370 1513 1424 Propin-

171 1431 311 1486 quitas
328 1430 519 1470 locorum
538 1429 606 1470 vel
625 1429 678 1469 ad
703 1429 1015 1483 impetrandum
1035 1429 1206 1470 adiuvat
1225 1429 1384 1470 crebris
1401 1429 1514 1470 litte-

171 1490 229 1530 ris
261 1492 302 1530 et
334 1488 494 1529 nuntiis
526 1488 592 1528 vel
630 1488 682 1528 ad
713 1488 877 1528 reditus
914 1488 1172 1528 celeritatem
1204 1502 1248 1528 re
1280 1490 1352 1528 aut
1384 1488 1513 1542 impe·

171 1551 292 1602 trata,
325 1547 439 1601 quod
470 1561 610 1600 spero,
642 1549 714 1587 aut
747 1546 887 1600 aliqua
919 1547 1082 1587 ratione
1114 1547 1315 1587 confecta.
1377 1545 1513 1595 Quam

173 1607 228 1647 ob
260 1621 349 1647 rem
382 1620 529 1646 censeo
567 1619 722 1659 magno
755 1619 880 1658 opere
913 1605 1270 1646 commorandum.
1533 1617 1567 1643 25

260 1664 304 1705 T.
331 1663 533 1704 Furfanio
558 1663 775 1717 Postumo,
800 1663 1000 1704 familiari
1024 1678 1131 1718 meo,
1156 1664 1393 1720 legatisque
1412 1663 1514 1718 eius,

173 1723 274 1764 item
307 1723 411 1763 meis
444 1722 736 1776 familiaribus,
770 1722 1092 1777 diligentissime
1123 1726 1164 1763 te
1197 1722 1514 1777 commendabo,

172 1796 267 1822 cum
298 1781 500 1822 venerint.
562 1780 697 1821 Erant
728 1781 841 1821 enim
874 1795 1018 1822 omnes
1049 1781 1250 1822 Mutinae.
1294 1780 1390 1822 Viri
1415 1783 1514 1822 sunt

172 1841 324 1895 optimi
355 1843 396 1880 et
427 1840 490 1880 tui
517 1839 721 1880 similium
747 1839 924 1880 studiosi
951 1842 991 1880 et
1017 1840 1101 1881 mei
1126 1839 1361 1881 necessarii.
1398 1838 1514 1888 Quae

171 1899 276 1939 mihi
314 1899 483 1939 venient
521 1898 565 1939 in
602 1901 805 1952 mentem,
843 1913 949 1952 quae
987 1899 1040 1939 ad
1076 1902 1117 1939 te
1154 1898 1366 1953 pertinere
1403 1897 1567 1939 arbi-so

169 1958 327 2011 trabor,
359 1972 406 1998 ea
437 1971 530 1997 mea
561 1960 710 2011 sponte
742 1957 910 2012 faciam,
943 1957 977 1997 si
1010 1957 1112 2011 quid
1137 1957 1356 2013 ignorabo,
1388 1955 1437 1997 de
1463 1970 1513 1997 eo

171 2016 411 2057 admonitus
444 2016 634 2056 omnium
665 2015 804 2056 studia
834 2016 1012 2056 vincam.
1053 2016 1148 2071 Ego
1180 2015 1258 2057 etsi
1291 2029 1431 2056 coram
1464 2015 1514 2056 de

170 2078 211 2115 te
250 2089 344 2115 cum
383 2074 585 2115 Furfanio
624 2075 684 2115 ita
720 2074 891 2129 loquar,
932 2077 979 2115 ut
1016 2074 1097 2115 tibi
1134 2073 1288 2115 litteris
1324 2073 1430 2114 meis
1462 2073 1516 2114 ad

172 2148 266 2173 eum
303 2133 411 2173 nihil
450 2147 554 2187 opus
593 2133 665 2187 sit,
708 2135 868 2186 tamen,
913 2133 1114 2187 quoniam
1154 2132 1239 2173 tuis
1274 2131 1435 2186 placuit
1472 2135 1514 2173 te

169 2191 323 2232 habere
349 2206 463 2232 meas
488 2192 663 2246 litteras,
697 2206 800 2245 quas
825 2192 862 2232 ei
889 2191 1094 2245 redderes,
1125 2205 1287 2232 morem
1313 2190 1364 2231 iis
1390 2190 1512 2247 gessi.
1533 2202 1567 2228 35

171 2248 329 2290 Earum
360 2250 599 2291 litterarum
631 2250 872 2304 exemplum
904 2250 1015 2291 infra
1045 2249 1251 2304 scriptum
1283 2251 1357 2290 est.
