1659 2552
657 127 798 163 LIBER
822 128 838 162 I
865 132 896 163 9.
1395 127 1448 167 17

109 224 273 267 occulta
309 239 394 266 non
433 225 648 266 nullorum
688 224 783 265 odia
820 226 892 264 aut
925 223 1104 264 obscura
1135 222 1179 263 in
1211 237 1277 263 me
1310 222 1450 263 studia,

109 284 348 340 cernebam3
388 299 485 325 nam
526 298 661 338 neque
693 283 742 324 de
773 282 1045 324 monimentis
1075 282 1180 323 meis
1213 281 1264 322 ab
1298 282 1348 322 iis
1381 281 1449 322 ad-

109 343 223 384 iutus
255 357 315 397 es,
353 358 377 383 a
408 343 562 397 quibus
601 342 795 396 debuisti,
832 356 967 396 neque
1001 341 1050 381 de
1082 341 1124 382 vi
1156 340 1332 393 nefaria,
1366 355 1448 394 qua

110 415 205 442 cum
237 401 367 442 fratre
399 416 513 442 eram
545 402 670 442 domo
703 400 920 455 expulsus,
952 414 1087 454 neque
1118 399 1287 440 hercule
1320 399 1364 438 in
1395 399 1447 439 iis

60 472 90 498 '5
110 460 213 514 ipsis
250 460 392 514 rebus,
435 474 540 514 quae
582 474 836 524 quamquam
876 461 995 500 erant
1032 458 1139 499 mihi
1175 460 1351 512 propter
1387 457 1447 498 rei

110 518 330 559 familiaris
368 518 589 574 naufragia
626 518 898 572 necessariae,
936 520 1078 558 tamen
1116 532 1139 557 a
1175 531 1242 557 me
1280 516 1447 557 minimi

108 577 380 632 putabantur,
411 578 456 618 in
486 577 591 618 meis
624 577 786 617 damnis
818 591 869 617 ex
894 576 1144 617 auctoritate
1171 577 1339 616 senatus
1366 589 1449 615 331·-

110 636 268 677 ciendis
307 651 398 677 eam
430 636 709 690 voluntatem,
749 650 874 689 quam
907 637 1192 689 expectaram,
1230 633 1449 688 praestite-

110 698 219 736 runt.
282 694 395 743 Quae
428 709 522 735 cum
553 694 739 735 viderem
772 693 925 749 (neque
957 695 1076 734 erant
1108 691 1324 748 obscura),
1362 706 1448 733 non

58 765 91 791 10
110 756 251 794 tamen
282 756 370 794 tam
408 753 557 794 acerba
593 753 699 793 mihi
736 753 839 793 haec
871 752 1132 807 accidebant,
1171 766 1297 806 quam
1329 754 1447 792 erant

110 812 184 853 illa
214 815 345 867 grata,
379 826 483 866 quae
515 812 710 852 fecerant.
771 810 930 866 Itaque,
966 825 1221 865 quamquam
1253 812 1294 851 et
1324 809 1447 851 Pom-
1474 821 1493 852 6

109 870 205 926 peio
242 871 473 925 plurimum
509 873 551 911 te
593 870 763 924 quidem
801 870 893 924 ipso
930 870 1217 923 praedicatore
1255 883 1302 910 ac
1340 871 1446 909 teste

111 929 315 970 debebam
347 932 388 970 et
413 943 509 970 eum
534 943 620 970 non
646 929 782 970 solum
808 929 1024 983 beneficio,
1057 928 1129 969 sed
1153 942 1294 969 amore
1320 928 1448 968 etiam

110 991 152 1029 et
177 990 380 1042 perpetuo
407 988 590 1042 quodam
615 987 771 1028 iudicio
802 1002 896 1028 meo
924 987 1164 1042 diligebam,
1195 989 1337 1027 tamen
1362 1001 1448 1027 non

59 1058 92 1084 15
111 1049 327 1101 reputans,
367 1047 468 1100 quid
499 1047 570 1087 1116
602 1047 744 1101 vellet,
782 1046 826 1086 in
864 1046 1060 1086 omnibus
1091 1045 1196 1086 meis
1228 1045 1448 1085 sententiis

111 1105 161 1146 de
193 1120 236 1146 re
267 1105 437 1160 publica
466 1105 658 1160 pristinis
688 1105 996 1159 permanebam.
1058 1103 1152 1159 Ego
1179 1104 1347 1144 sedente
1375 1102 1447 1144 Cn.
1475 1114 1494 1144 7

109 1163 334 1218 Pompeio,
374 1178 488 1219 011111,
527 1166 574 1204 ut
610 1164 799 1204 laudaret
835 1162 881 1204 P.
915 1162 1118 1217 Sestium,
1156 1162 1372 1203 introisset
1404 1162 1448 1202 in

110 1222 271 1277 urbem,
303 1223 559 1276 dixissetque
590 1223 711 1263 testis
742 1221 941 1262 Vatinius
972 1236 1039 1262 me
1070 1222 1242 1262 fortuna
1279 1223 1321 1261 et
1358 1220 1448 1261 feli-

111 1281 237 1322 citate
264 1280 306 1322 C.
335 1280 523 1322 Caesaris
555 1283 814 1322 commotum
838 1281 902 1321 1111
928 1280 1110 1321 31111011111
1136 1293 1224 1320 6336
1251 1280 1447 1334 coepisse,

59 1352 92 1377 20
113 1339 200 1380 dixi
236 1354 303 1380 me
334 1339 390 1380 M.
421 1339 567 1381 Bibuli
598 1340 829 1393 fortunam,
871 1354 997 1393 quam
1028 1339 1099 1379 ille
1131 1338 1343 1379 adflictam
1374 1353 1449 1392 pu-

110 1400 236 1453 taret,
268 1399 457 1439 omnium
481 1398 709 1452 triumphis
734 1398 1006 1452 victoriisque
1038 1398 1245 1438 anteferre
1278 1397 1448 1450 dixique

111 1456 258 1498 eodem
288 1460 394 1498 teste
426 1457 509 1498 alio
539 1457 633 1498 loco
665 1457 833 1498 eosdem
864 1471 964 1511 esse,
997 1456 1070 1510 qui
1100 1455 1303 1496 Bibulum
1335 1455 1449 1496 exire

113 1515 237 1556 domo
273 1515 606 1570 prohibuissent,
645 1518 686 1556 et
724 1516 796 1569 qui
832 1529 899 1556 me
938 1515 1189 1570 coegissent3
1226 1516 1318 1555 tota
1348 1528 1448 1554 vero

112 1573 389 1629 interrogatio
414 1589 507 1615 mea
531 1574 640 1615 nihil
663 1574 814 1615 habuit
838 1574 921 1614 nisi
945 1573 1314 1627 reprehensionem
1333 1572 1448 1612 illius

60 1641 94 1668 25
111 1631 362 1673 tribunatus.
423 1631 473 1673 In
505 1647 588 1687 quo
621 1633 762 1673 omnia
794 1632 905 1673 dicta
935 1634 1033 1672 sunt
1062 1632 1259 1673 libertate
1290 1631 1449 1672 animo-

115 1703 194 1743 que
225 1690 409 1731 maximo
447 1691 496 1731 de
528 1691 587 1745 vi,
627 1691 675 1732 de
707 1691 921 1745 auspiciis,
961 1691 1009 1731 de
1043 1690 1268 1731 donatione
1299 1704 1449 1745 regno—

113 1762 225 1802 rum,
262 1763 397 1802 neque
434 1763 532 1790 vero
569 1750 649 1790 hac
684 1750 729 1790 in
766 1764 888 1790 causa
918 1749 1062 1802 modo,
1103 1749 1177 1790 sed
1207 1750 1448 1790 constanter

113 1820 234 1860 saepe
272 1807 317 1847 in
357 1810 513 1848 senatu.
575 1807 687 1856 Quin
723 1808 850 1849 etiam
886 1807 1133 1849 Marcellino
1174 1810 1216 1848 et
1245 1806 1446 1860 Philippo
1474 1816 1494 1847 8

114 1865 356 1906 consulibus
387 1864 523 1906 Nonis
554 1865 775 1919 Aprilibus
808 1866 915 1907 mihi
947 1868 1010 1907 est
1035 1868 1204 1907 senatus
1236 1865 1447 1918 adsensus,

60 1934 95 1959 80
114 1926 161 1964 ut
203 1923 251 1964 de
295 1937 396 1979 agro
439 1922 652 1978 Campano
695 1925 906 1978 frequenti
949 1927 1096 1965 senatu
1137 1923 1284 1965 Idibus
1322 1922 1448 1963 Maiis

113 1982 350 2023 referretur.
416 1981 532 2023 Num
569 1982 690 2036 potui
726 1983 862 2037 magis
899 1982 943 2022 in
980 1996 1117 2023 arcem
1154 1982 1269 2022 1111113
1301 1995 1448 2021 0311336

113 2040 309 2082 invadere
346 2043 419 2081 aut
454 2041 590 2096 magis
623 2040 815 2081 oblivisci
846 2043 1086 2094 temporum
1116 2054 1324 2093 meorum,
1364 2054 1448 2080 me-

112 2099 285 2140 minisse
316 2100 558 2140 actionum?
613 2099 703 2139 Hac
735 2114 759 2138 a
788 2113 855 2139 me
887 2099 1095 2139 sententia
1129 2099 1239 2139 dicta
1268 2112 1447 2153 magnus

113 2157 351 2199 animorum
375 2160 516 2198 motus
541 2160 604 2199 est
635 2158 770 2198 factus
802 2171 897 2197 cum
928 2171 1090 2211 eorum,
1123 2171 1304 2211 quorum
1327 2170 1448 2210 opor-

61 2226 95 2252 35
113 2216 213 2270 tuit,
250 2219 342 2257 tum
378 2216 549 2257 illorum
586 2216 730 2269 etiam,
769 2230 1210 2269 quorumnumquam
1240 2217 1445 2269 putaram.

112 2272 225 2315 Nam
260 2274 342 2315 hoc
378 2278 546 2316 senatus
587 2275 778 2316 consulto
810 2275 854 2314 in
884 2288 1021 2314 meam
1052 2273 1303 2315 sententiam
1334 2273 1445 2314 facto
1472 2285 1492 2315 9

111 2331 339 2387 Pompeius
370 2347 465 2374 cum
495 2334 601 2375 mihi
631 2333 740 2374 nihil
771 2332 1021 2374 ostendisset
1047 2347 1090 2374 36
1115 2347 1202 2374 6336
1230 2332 1446 2386 offensum,

184 2407 335 2433 Ciceronis
355 2408 441 2439 epist.
461 2410 484 2434 Ι.
1210 2405 1230 2434 2
