1659 2552
644 120 785 155 LIBER
810 120 826 155 1
853 124 884 156 9.
1386 120 1438 161 19

97 217 264 271 bantur,
295 217 355 257 sic
385 216 429 257 in
460 216 657 257 manibus
687 215 913 270 habebant,
945 216 1005 257 sic
1035 216 1248 269 fovebant,
1281 216 1341 256 316
1370 230 1439 256 1116

98 278 316 330 praesente
355 275 670 329 osculabantur,
711 289 796 315 non
834 275 896 315 illi
936 274 1106 328 quidem
1138 277 1185 315 ut
1216 274 1323 315 mihi
1356 277 1438 315 sto-

98 335 295 375 machum
319 334 516 388 facerent,
550 348 674 388 quem
700 347 779 390 ego
805 334 996 374 funditus
1021 333 1197 387 perdidi,
1230 333 1303 374 sed
1327 336 1438 373 certe

99 396 147 434 ut
177 393 312 434 facere
338 407 380 434 36
406 393 724 433 arbitrarentur.
785 391 868 433 Hic
893 406 983 448 ego,
1016 395 1221 446 quantum
1251 391 1438 432 humano

64 465 80 490 5
100 451 275 493 consilio
307 452 472 492 efficere
503 452 636 506 potui,
668 451 981 505 circumspectis
1012 451 1138 492 rebus
1168 450 1273 491 meis
1307 450 1440 491 omni-

99 511 178 551 bus
203 510 522 564 rationibusque
548 510 765 551 subductis
791 524 998 551 summam
1023 510 1103 550 feci
1130 509 1438 564 cogitationum

99 584 288 610 mearum
328 570 534 624 omnium,
573 583 699 623 quam
736 568 834 623 tibi,
875 569 910 609 si
941 571 1111 623 poter,o
1153 568 1340 608 breviter
1371 582 1439 608 ex-

99 642 264 682 ponam.

187 686 281 742 Ego
314 686 349 727 si
380 686 432 726 ab
465 685 671 739 improbis
703 688 744 726 et
777 685 953 740 perditis
985 685 1148 727 civibus
1180 699 1270 726 rem
1299 684 1438 740 publi-

47 759 81 784 10
101 759 192 786 63111
216 745 350 786 1611611
375 744 572 798 vider,em
604 745 712 785 sicut
738 748 779 785 et
806 743 976 788 Cinneis
1000 744 1264 798 temporibus
1284 743 1439 784 scimus

100 807 142 844 et
172 818 257 844 non
282 803 410 844 nullis
441 803 535 843 aliis
566 803 780 857 accidisse,
813 817 898 844 non
928 803 1055 844 modo
1086 803 1297 857 praemiis,
1330 817 1437 856 quae

100 862 211 916 apud
253 876 320 903 me
362 862 587 902 minimum
629 862 786 916 valent,
830 862 903 902 sed
938 876 989 902 ne
1027 862 1226 916 periculis
1267 861 1438 916 quidem

100 921 340 987 compulsus
371 921 486 975 ullis,
526 920 679 974 quibus
711 923 852 961 13111611
874 924 1108 961 moventur
1138 920 1266 961 etiam
1297 920 1438 961 fortis-

100 979 196 1020 simi
238 980 336 1034 viri,
381 979 434 1020 ad
476 993 621 1020 eorum
664 993 830 1020 causam
870 994 936 1020 me
977 979 1268 1035 adiungerem,
1310 993 1363 1020 ne
1402 979 1438 1019 si

48 1051 82 1077 15
101 1053 264 1079 3111111113
296 1038 466 1092 quidem
496 1052 642 1079 eorum
673 1038 717 1078 in
747 1052 814 1078 me
839 1038 990 1078 merita
1016 1039 1267 1079 constarent.
1330 1036 1438 1078 Cum

101 1099 242 1138 autem
273 1097 317 1138 in
348 1111 392 1138 rc
423 1096 593 1151 publica
625 1095 697 1137 Cn.
729 1096 956 1150 Pompeius
993 1097 1190 1162 princeps
1220 1097 1329 1137 esset
1360 1096 1437 1150 vir,

102 1157 136 1196 13
169 1156 242 1210 qui
271 1156 380 1196 hanc
409 1156 643 1209 potentiam
676 1157 717 1196 et
747 1155 928 1211 gloriam
959 1155 1155 1195 maximis
1180 1155 1223 1195 in
1250 1169 1339 1196 rem
1363 1169 1438 1208 pu-

102 1215 256 1255 blicam
295 1214 458 1255 meritis
497 1214 953 1268 praestantissimisque
994 1214 1120 1255 rebus
1159 1213 1290 1269 gestis
1329 1215 1438 1253 esset

102 1275 364 1327 consecutus,
415 1272 615 1327 cuiusque
659 1287 738 1328 ego
791 1272 1010 1328 dignitatis
1053 1272 1105 1313 ab
1155 1272 1439 1312 adulescentia

49 1345 84 1370 20
101 1331 254 1387 fautor,
279 1332 324 1372 in
346 1334 544 1386 praetura
569 1333 710 1372 autem
735 1334 777 1372 et
802 1331 846 1371 in
872 1331 1092 1372 consulatu
1117 1331 1286 1372 adiutor
1310 1330 1438 1371 6113111

102 1390 352 1445 extitissem,
394 1404 571 1444 cumque
609 1390 720 1431 idem
758 1390 1007 1431 auctoritate
1046 1392 1087 1430 et
1124 1389 1333 1430 sententia
1363 1403 1439 1443 per

102 1463 162 1503 36,
195 1449 381 1490 6011311113
418 1452 459 1489 61
497 1449 648 1489 3111(1113
678 1451 818 1490 tecum
855 1463 922 1489 me
954 1448 1182 1490 adiuvisset
1212 1461 1437 1501 meumque

101 1507 320 1548 inimicum
351 1522 482 1548 unum
513 1507 557 1548 in
589 1507 758 1548 civitate
783 1507 958 1548 haberet
984 1507 1215 1561 inimicum,
1247 1520 1333 1547 non
1363 1520 1438 1560 pu-

101 1566 189 1606 tavi
219 1567 374 1607 famam
406 1566 710 1607 inconstantiae
735 1566 842 1606 mihi
866 1566 1254 1620 pertimescendam,
1286 1564 1322 1605 si
1348 1564 1439 1618 qui-

51 1636 84 1661 25
103 1624 280 1665 busdam
299 1625 343 1665 in
362 1624 581 1665 sententiis
605 1625 795 1679 paullum
825 1639 892 1665 me
917 1624 1192 1666 inmutassem
1216 1637 1438 1677 meamque

104 1682 365 1723 voluntatem
408 1683 460 1723 ad
503 1683 656 1724 summi
692 1683 773 1724 viri
813 1683 862 1724 de
899 1697 1049 1737 meque
1094 1683 1252 1737 optime
1295 1682 1439 1723 meriti

105 1740 356 1796 dignitatem
388 1741 691 1796 adgregassem.

191 1797 240 1839 In
276 1798 355 1839 hac
391 1800 597 1839 sententia
634 1799 972 1853 complectendus
1009 1801 1099 1841 erat
1134 1799 1241 1840 mihi
1274 1797 1436 1853 Caesar,

103 1860 151 1898 ut
181 1857 308 1910 vides,
340 1857 384 1897 in
416 1857 637 1898 coniuncta
668 1860 709 1898 et
735 1872 858 1898 causa
883 1861 924 1899 et
951 1858 1167 1913 dignitate.
1225 1857 1308 1897 Hic
1332 1857 1439 1897 mul-

51 1927 85 1953 30
104 1918 197 1956 111111
227 1916 360 1957 valuit
393 1929 487 1955 611111
518 1918 638 1956 vetus
670 1916 870 1970 amicitia,
910 1931 1036 1970 quam
1072 1919 1121 1957 tu
1150 1930 1237 1956 non
1269 1916 1440 1969 ignoras

104 1974 210 2015 mihi
241 1977 283 2015 et
315 1973 472 2023 Quinto
504 1973 626 2014 fratri
658 1988 753 2014 cum
786 1973 960 2014 Caesare
991 1974 1140 2028 fuisse,
1171 1977 1263 2014 tum
1294 1973 1440 2013 huma-

104 2033 214 2073 nitas
255 2033 343 2074 eius
384 2046 430 2072 ac
469 2032 701 2073 liberalitas
741 2032 860 2072 brevi
899 2035 1089 2086 tempore
1127 2034 1168 2072 et
1205 2031 1360 2072 litteris
1398 2033 1440 2072 et

105 2091 256 2132 officiis
285 2092 504 2145 perspecta
534 2090 657 2131 nobis
689 2093 730 2130 et
762 2090 942 2145 cognita.
1003 2090 1287 2131 Vehementer
1312 2089 1440 2130 etiam

104 2163 170 2191 res
200 2150 291 2204 ipsa
320 2149 490 2204 publica
526 2163 593 2190 me
625 2149 776 2202 movit,
816 2163 922 2202 quae
953 2148 1059 2189 mihi
1091 2148 1314 2189 videbatur
1345 2162 1440 2189 con-

52 2218 86 2244 35
104 2208 348 2262 tentionem,
380 2208 627 2262 praesertim
658 2207 853 2248 maximis
885 2206 1010 2247 rebus
1042 2222 1065 2247 a
1092 2206 1265 2247 Caesare
1297 2207 1439 2261 gestis,

106 2280 200 2307 cum
230 2267 315 2307 illis
346 2267 448 2307 viris
478 2266 591 2307 nolle
622 2266 714 2307 fieri
745 2268 797 2320 et,
829 2280 881 2306 ne
912 2266 1042 2319 fieret,
1078 2265 1348 2306 vehementer
1377 2279 1440 2306 re—

105 2339 259 2366 cusare.
299 2323 554 2366 Gravissime
585 2327 725 2366 autem
756 2338 823 2365 me
854 2324 897 2365 in
928 2323 1005 2365 hac
1037 2327 1177 2365 mente
1202 2323 1373 2378 impulit
1398 2326 1440 2365 et

1159 2392 1205 2426 2*

1466 695 1507 726 11
