1659 2552
191 84 275 126 368
691 83 1033 119 EPISTULARUM

191 179 358 221 etiamsi
390 178 686 220 aedificaturus
719 194 840 220 esses.
901 177 1027 220 Nune
1058 193 1176 233 vero,
1214 179 1249 219 si
1281 179 1463 220 audierit
1493 181 1535 220 te

191 238 528 279 aedificationem
562 238 804 292 deposuisse
836 251 972 291 neque
1007 241 1148 278 tamen
1179 251 1246 278 me
1279 253 1302 278 a
1332 240 1374 279 te
1406 238 1536 292 impe-

190 300 334 352 trasse,
366 311 452 338 non
483 299 524 337 te
558 297 601 337 in
633 312 698 337 me
731 295 1013 350 inliberalem,
1045 296 1118 337 sed
1148 310 1215 337 me
1246 296 1291 337 in
1322 310 1366 338 se
1396 296 1536 351 negle-

189 358 361 412 gentem
392 355 572 410 putabit.
636 354 771 404 Quam
805 354 858 396 ob
892 369 980 395 rem
1011 357 1110 409 peto
1143 370 1167 395 a
1198 357 1256 409 te,
1298 358 1345 396 ut
1376 355 1535 396 scribas

191 415 243 455 ad
274 418 370 456 tuos
408 429 530 469 posse
563 417 636 454 tua
667 414 887 454 voluntate
919 413 1134 454 decretum
1166 413 1273 454 illud
1302 413 1536 469 Areopagi-
1573 425 1589 450 5

189 476 347 527 tarum,
386 488 511 527 quem
548 472 941 526 ὑπομνηματισμὸν
977 472 1041 513 illi
1073 475 1243 526 vocant,
1283 472 1390 513 tolli.
1453 471 1536 513 Sed

190 532 315 573 redeo
347 532 400 572 ad
431 532 579 586 prima.
640 530 765 572 Prius
797 531 925 572 velim
956 531 1037 572 tibi
1074 531 1344 586 persuadeas,
1375 533 1423 572 ut
1453 530 1536 572 hoc
1580 573 1589 580 ,

190 605 283 632 mea
321 604 443 631 causa
481 590 665 630 libenter
702 589 830 630 facias
869 604 995 644 quam
1033 592 1080 630 ut
1118 590 1264 645 facias3
1302 590 1363 631 sic
1392 592 1535 631 tamen

188 648 362 704 habeto,
394 649 429 690 si
462 649 628 703 feceris,
667 649 781 703 quod
811 662 935 704 rogo,
972 649 1063 690 fore
1094 648 1201 690 mihi
1232 649 1534 704 gratissimum.

188 706 308 749 Vale.
535 751 539 754 ⁴
1556 719 1589 744 10

835 811 889 854 II.

213 893 285 929 Ser.
314 893 462 936 Romae,
487 898 528 928 ut
552 894 707 936 videtur,
738 904 782 928 m.
810 893 902 937 Apr.
930 897 995 927 aut
1016 893 1130 937 paulo
1150 897 1234 937 post
1257 905 1290 928 a.
1320 894 1392 928 702
1419 894 1511 936 (52).

633 974 802 1009 CICERO
830 973 1028 1009 MEMMIO
1055 974 1089 1008 S.

278 1058 322 1100 C.
353 1057 537 1100 Avianio
569 1057 790 1112 Evandro,
832 1058 906 1112 qui
941 1058 1109 1099 habitat
1145 1058 1190 1099 in
1227 1060 1301 1099 tuo
1340 1059 1535 1113 sacrario,
1582 1077 1585 1080 ·

189 1120 231 1158 et
261 1118 354 1172 ipso
392 1118 577 1158 multum
613 1120 713 1158 utor
750 1120 791 1158 et
828 1120 1009 1171 patrono
1041 1117 1131 1158 eius
1171 1117 1227 1158 M.
1259 1116 1445 1158 Aemilio
1477 1117 1535 1158 fa-
1555 1129 1588 1154 15

188 1177 486 1217 miliarissime.
554 1175 660 1217 Peto
701 1176 836 1232 igitur
874 1191 898 1216 a
937 1179 980 1217 te
1020 1176 1065 1216 in
1104 1176 1310 1217 maiorem
1349 1175 1536 1230 modum,

190 1235 304 1290 quod
341 1236 430 1276 sine
468 1238 541 1276 tua
578 1235 774 1276 molestia
810 1236 902 1289 fiat,
940 1237 988 1276 ut
1020 1235 1059 1276 ei
1091 1235 1140 1276 de
1176 1234 1442 1276 habitatione
1473 1249 1536 1276 ac-

189 1294 441 1335 commodes.
502 1293 615 1335 Nam
646 1296 823 1348 propter
848 1307 976 1348 opera
1001 1293 1199 1334 instituta
1223 1293 1359 1334 multa
1382 1293 1536 1335 multo-

188 1368 284 1393 rum
309 1352 499 1394 subitum
525 1355 588 1393 est
614 1352 652 1392 ei
678 1352 909 1407 remigrare
935 1352 985 1392 K.
1007 1351 1279 1401 Quintilibus.
1320 1350 1536 1407 Impedior

188 1411 452 1465 verecundia,
483 1425 535 1451 ne
561 1413 603 1451 te
633 1410 829 1464 pluribus
855 1410 996 1451 verbis
1028 1425 1194 1466 rogem3
1225 1425 1361 1464 neque
1392 1413 1534 1452 tamen
1555 1423 1588 1448 20

190 1469 352 1523 dubito,
385 1470 499 1523 quin,
532 1469 566 1509 si
599 1472 672 1509 tua
702 1469 811 1509 nihil
837 1472 910 1525 aut
941 1483 1026 1509 non
1057 1470 1241 1510 multum
1273 1469 1453 1524 intersit,
1485 1484 1534 1511 eo

189 1529 245 1569 sis
272 1529 427 1583 animo,
459 1542 542 1582 quo
570 1542 648 1583 ego
675 1542 820 1582 essem,
853 1528 888 1569 si
915 1528 1018 1582 quid
1043 1530 1090 1568 tu
1115 1542 1183 1569 me
1208 1541 1391 1584 rogares.
1425 1527 1535 1569 Mihi

189 1590 301 1628 certe
334 1587 625 1643 gratissimum
657 1586 817 1627 feceris,

823 1690 899 1733 111.

189 1774 262 1809 Ser.
285 1773 432 1817 Romae,
454 1777 494 1807 ut
512 1773 666 1816 videtur,
684 1777 765 1817 post
779 1785 823 1807 m.
839 1773 930 1817 Apr.
947 1775 1019 1808 702
1039 1774 1120 1817 (52)
1140 1777 1206 1808 aut
1224 1773 1275 1807 in.
1296 1784 1329 1807 α.
1351 1774 1423 1808 703
1444 1774 1534 1816 (51).
1554 1785 1588 1811 25

632 1854 802 1889 CICERO
829 1853 1027 1889 MEMMIO
1056 1853 1089 1889 S.

286 1938 336 1980 A.
375 1938 562 1993 Fufium,
603 1954 734 1980 unum
773 1954 824 1980 ex
867 1939 972 1979 meis
1016 1938 1178 1979 intimis
1219 1937 1537 1979 observantissi-

189 2013 307 2039 mum
339 1998 781 2052 studiosissimumque
813 1997 971 2052 nostri,
1004 1997 1216 2038 eruditum
1247 1995 1463 2037 hominem
1494 1998 1536 2036 et

190 2072 354 2098 summa
378 2057 642 2097 humanitate
669 2060 826 2110 tuaque
855 2056 1043 2097 amicitia
1069 2055 1376 2110 dignissimum,
1407 2053 1535 2095 velim

190 2116 250 2156 ita
293 2118 465 2169 tractes,
510 2118 557 2156 ut
600 2115 707 2156 mihi
752 2129 894 2156 eoram
938 2114 1146 2168 recepisti.
1219 2112 1323 2154 Tam
1365 2115 1535 2169 gratum
1554 2124 1588 2149 30

190 2174 297 2215 mihi
335 2174 378 2214 id
416 2174 514 2229 erit,
556 2189 683 2228 quam
727 2174 842 2228 quod
884 2173 1193 2229 gratissimum3
1235 2172 1375 2226 ipsum
1419 2185 1536 2226 prae-

191 2236 306 2273 terea
331 2247 497 2273 summo
525 2233 666 2273 officio
694 2235 735 2274 et
761 2247 925 2273 summa
958 2231 1224 2273 observantia
1255 2230 1336 2270 tibi
1369 2231 1413 2271 in
1444 2244 1536 2285 per-

190 2294 364 2345 petuum
399 2291 647 2332 devinxeris.
