1659 2552
118 2078 138 2107 {0

156 97 212 138 90
655 93 994 129 EPISTULARUM

155 206 244 233 esse
281 206 485 248 cognoro,
525 191 573 232 de
606 191 657 232 iis
690 190 832 244 1911113,
872 203 977 244 quae
1013 188 1085 230 hie
1115 190 1338 244 geruntur,
1370 202 1495 243 quem

155 251 208 292 ad
243 251 501 305 modumque
538 264 581 291 se
618 249 837 304 provincia
867 248 1040 302 habeat,
1079 247 1302 289 certiorem
1332 247 1495 288 faciam

155 309 272 351 Vale.

791 411 864 453 VI.

269 494 343 530 Ser.
370 496 411 529 in
436 494 553 529 Attici
581 494 783 528 Ficuleano
809 493 924 527 medio
950 504 994 527 m.
1023 492 1114 537 Apr.
1142 504 1175 527 α.
1204 495 1275 527 ¹709
1302 494 1390 536 (45).
1535 506 1551 532 5

451 576 498 611 M.
527 575 695 610 CICERO
724 577 756 609 S.
783 574 825 609 D.
854 574 951 609 SER.
980 573 1202 609 SULPICIO.

246 660 340 716 Ego
377 674 495 715 vero,
536 658 672 713 Servi,
710 658 879 714 vellem,
918 661 965 699 ut
997 658 1164 713 scribis,
1204 658 1249 699 in
1279 672 1374 699 meo
1405 673 1498 714 gra-

157 720 331 760 vissimo
376 733 472 759 casu
518 716 743 772 adi‘nisses3
787 719 993 771 quantum
1037 717 1149 758 enim
1191 731 1388 771 praesens
1430 732 1498 758 me

158 778 355 819 adiuvare
396 777 584 831 potueris
625 779 666 817 et
707 776 962 817 consolando
1003 778 1045 817 et
1084 790 1216 831 prope
1257 790 1387 830 aeque
1428 775 1498 817 do-

157 837 299 891 lendo,
341 836 462 877 facile
500 850 552 876 ex
589 849 637 877 eo
676 835 896 891 intellego,
938 835 1051 890 quod
1087 835 1242 876 litteris
1273 834 1393 875 lectis
1425 834 1497 875 ali·
1519 847 1551 873 10

159 898 363 949 quantum
401 894 608 948 adquievi.
669 893 781 935 Nam
813 896 854 935 et
886 908 933 935 ea
964 893 1190 948 scripsisti,
1222 907 1327 948 quae
1359 893 1498 935 levare

158 955 320 995 luctum
351 956 540 1007 possent,
582 955 623 993 et
661 953 704 993 in
736 967 803 994 me
841 953 1095 994 consolando
1127 967 1212 993 non
1242 952 1498 993 mediocrem

159 1013 247 1067 ipse
288 1013 418 1053 animi
460 1012 649 1053 dolorem
690 1011 933 1052 adhibuisti.
1005 1010 1175 1053 Servius
1218 1013 1360 1052 tamen
1400 1013 1498 1052 tuus

160 1071 356 1113 omnibus
397 1071 566 1124 officiis,
611 1085 717 1125 quae
758 1070 822 1111 illi
861 1070 1044 1124 tempori
1084 1069 1217 1111 tribui
1256 1072 1499 1124 potuerunt,

160 1130 405 1184 declaravit,
447 1132 487 1171 et
529 1129 676 1183 quanti
717 1129 805 1184 ipse
842 1144 910 1170 me
947 1130 1102 1170 faceret
1140 1131 1181 1170 et
1213 1143 1339 1183 quam
1375 1143 1498 1169 suum
1520 1141 1552 1167 15

158 1189 287 1230 talem
314 1204 413 1244 erga
438 1203 505 1229 me
531 1188 719 1229 animum
744 1188 825 1229 tibi
850 1190 1020 1244 gratum
1039 1190 1207 1242 putaret
1226 1188 1327 1228 fore.
1370 1185 1499 1228 Cuius

161 1248 301 1289 officia
326 1247 573 1288 iucundiora
598 1247 758 1287 seilicet
783 1261 905 1301 saepe
930 1246 1037 1287 mihi
1061 1247 1244 1301 fuerunt,
1268 1260 1500 1300 numquam

159 1310 302 1347 tamen
338 1306 536 1361 gratiora.
598 1305 668 1346 Me
706 1308 847 1346 autem
884 1320 970 1346 non
1009 1305 1144 1346 oratio
1185 1308 1258 1345 tua
1289 1305 1427 1345 solum
1458 1307 1500 1345 et

160 1340 364 1406 societ-aso
375 1379 506 1418 paene
544 1364 839 1418 aegritudinis,
877 1364 949 1404 sed
986 1364 1114 1404 etiam
1145 1363 1373 1404 auotoritas
1405 1377 1500 1404 oon-

160 1423 338 1477 solatur3
382 1426 505 1477 tuipe
546 1422 658 1463 enim
695 1436 783 1463 esse
824 1422 1020 1463 existimo
1058 1437 1125 1463 me
1164 1436 1250 1462 non
1291 1421 1349 1462 ita
1389 1421 1499 1462 ferre
1520 1435 1553 1460 20

162 1496 304 1522 casum
335 1496 494 1535 111911111,
535 1484 581 1521 ut
613 1483 659 1521 tu
691 1481 765 1521 tali
798 1481 1004 1534 sapientia
1034 1476 1250 1545 praeditus
1281 1480 1500 1521 ferendum

161 1543 295 1594 putas.
359 1539 441 1580 Sed
480 1539 697 1593 opprimoi
735 1539 947 1580 interdum
988 1542 1029 1579 et
1066 1539 1138 1580 vix
1168 1539 1318 1580 resisto
1351 1538 1500 1593 dolori,

163 1599 276 1652 quod
317 1613 363 1639 ea
403 1612 470 1639 me
510 1598 664 1638 solacia
705 1597 924 1651 deficiunt,
967 1612 1076 1651 quae
1110 1598 1275 1651 ceteris,
1320 1612 1501 1652 quorum

161 1657 269 1697 mihi
307 1657 498 1711 exempla
534 1670 744 1710 propono,
785 1657 914 1696 simili
953 1657 995 1696 in
1033 1657 1203 1697 fortuna
1239 1670 1325 1697 non
1364 1656 1501 1697 defue-

163 1718 272 1756 runt.
342 1715 454 1756 Nam
499 1718 539 1756 et
581 1714 626 1764 Q.
659 1714 889 1768 Maximus,
934 1715 1007 1769 qui
1047 1715 1183 1756 filium
1227 1715 1500 1770 consularem,
1520 1727 1554 1753 25

164 1775 323 1815 clarum
363 1774 502 1814 virum
543 1776 584 1814 et
621 1774 786 1829 magnis
828 1774 953 1814 rebus
990 1774 1141 1829 gestis,
1182 1774 1342 1828 amisit,
1383 1775 1426 1815 et
1454 1772 1500 1814 L.

163 1832 356 1886 Paullus,
398 1833 469 1886 qui
512 1832 593 1873 duo
635 1835 795 1886 septem
838 1832 1004 1886 diebus,
1046 1835 1087 1873 et
1124 1835 1262 1874 vester
1295 1831 1423 1873 Galus
1460 1834 1502 1872 et

163 1891 219 1932 M.
254 1890 378 1945 Cato,
421 1891 492 1945 qui
534 1905 698 1932 summo
737 1891 928 1946 ingenio,
969 1906 1133 1931 summa
1168 1891 1326 1932 virtute
1366 1890 1501 1931 filium

163 1950 359 2004 perdidit,
391 1949 442 1989 iis
467 1949 731 2003 temporibus
756 1950 940 2004 fuerunt,
965 1952 1012 1990 ut
1037 1964 1183 1990 eorum
1207 1950 1368 1990 luctum
1394 1949 1502 2003 ipso-

165 2024 258 2049 rum
300 2009 484 2063 dignitas
528 2008 817 2049 consolaretui
860 2023 924 2063 ea,
978 2023 1103 2073 quam
1147 2023 1199 2049 ex
1246 2022 1290 2048 re
1332 2007 1502 2073 publica
1521 2020 1555 2045 30

165 2067 549 2121 consequebantur,
597 2067 702 2107 mihi
747 2070 887 2108 autem
931 2067 1095 2107 amissis
1138 2066 1395 2107 ornamentis
1439 2066 1502 2120 iis,

167 2141 271 2179 quae
304 2127 392 2179 ipse
425 2140 745 2179 commemoraS,
785 2140 974 2179 quaeque
1011 2140 1124 2166 eiam
1161 2124 1356 2165 maximis
1389 2124 1503 2166 labo-

166 2184 282 2224 ribus
327 2185 520 2238 adeptus,
565 2199 695 2225 unum
739 2184 936 2225 manebat
979 2184 1084 2224 illud
1126 2167 1346 2237 solacium,
1390 2183 1504 2237 quod

167 2245 357 2295 ereptum
384 2246 456 2283 est.
506 2242 605 2283 Non
631 2242 863 2283 amicorum
888 2242 1083 2297 negotiis,
1113 2256 1199 2282 non
1224 2241 1285 2282 rei
1310 2242 1503 2296 publicae

165 2300 461 2354 procuratione
494 2300 832 2355 impediebantur
857 2300 1134 2356 cogitationes
1161 2314 1289 2354 meae,
1320 2300 1428 2341 nihil
1460 2301 1503 2341 in
1524 2312 1557 2338 ⁸5
