1659 2552
64 745 97 769 10

66 1037 98 1063 15

66 1331 100 1355 20

69 1622 102 1648 25

69 1916 103 1940 30

71 2207 104 2232 35

659 106 802 140 LIBER
826 106 843 140 Ι
868 110 899 140 9.
1398 105 1454 146 25

111 202 434 244 honestissimos
459 201 758 256 perferrentur,
797 215 975 255 cumque
1007 199 1236 255 Pompeius
1269 201 1329 242 ita
1360 216 1455 242 con—

113 261 317 304 tendisset
354 263 402 302 ut
432 260 541 301 nihil
572 275 773 314 umquam
803 260 959 316 magis,
998 262 1045 300 ut
1084 274 1178 300 cum
1213 259 1362 301 Crasso
1395 275 1456 301 re-

116 320 248 361 direm
286 320 330 361 in
367 319 565 375 gratiam,
606 318 839 373 Caesarque
876 333 952 373 per
989 318 1153 359 litteras
1190 319 1374 360 maxima
1412 333 1455 360 se

114 379 308 420 molestia
333 392 384 418 ex
410 378 483 418 issa
509 378 777 419 contentione
804 377 1015 418 adfectum
1043 377 1293 432 ostenderet,
1324 377 1456 418 habui

115 452 201 479 non
231 440 471 491 temporum
503 437 639 477 solum
669 437 876 478 rationem
901 451 1103 491 meorum,
1135 437 1209 477 sed
1233 437 1361 478 etiam
1386 451 1457 477 na-

115 499 251 551 turae,
297 495 571 550 Crassusque,
615 498 663 536 ut
707 495 826 550 quasi
869 497 1023 536 testata
1064 496 1223 549 populo
1262 495 1455 536 Romano

115 558 224 596 esset
260 557 405 596 nostra
443 554 596 610 gratia,
637 569 768 608 paene
807 569 830 594 a
866 555 971 595 meis
1008 554 1169 594 laribus
1207 554 1251 595 in
1287 554 1457 609 provin-

117 614 223 655 ciam
249 616 312 654 est
336 614 567 668 profectus3
599 628 708 667 nam,
741 628 835 654 cum
860 613 966 654 mihi
993 613 1260 667 condixisset,
1293 613 1458 654 cenavit

115 673 238 727 apud
268 686 331 713 me
361 672 405 712 in
436 672 519 712 mei
556 672 702 727 generi
735 671 993 726 Crassipedis
1023 671 1171 712 hortis.
1235 671 1369 720 Quam
1402 671 1456 712 ob

117 746 206 772 rem
237 731 326 772 eius
358 744 535 783 causam,
569 731 682 784 quod
713 733 754 771 te
781 730 930 786 scribis
955 730 1131 785 audisse,
1162 745 1317 786 magna
1342 730 1457 771 illius

117 789 478 831 commendatione
504 792 740 843 susceptam
767 789 934 830 defendi
964 789 1010 830 in
1041 792 1200 845 senatu,
1232 790 1340 830 sicut
1364 803 1458 830 mea

119 849 222 890 fides
252 848 505 903 postulabat.

203 906 428 961 Accepisti,
455 906 610 961 quibus
634 906 759 947 rebus
786 906 990 947 adductus
1017 921 1226 961 quamque
1253 921 1342 947 rem
1365 921 1457 946 cau-

118 980 289 1020 samque
321 965 590 1019 defenderim,
623 965 779 1019 quique
810 980 928 1006 meus
960 965 1004 1005 in
1035 979 1079 1006 re
1104 965 1275 1019 publica
1301 965 1355 1005 sit
1379 980 1457 1019 pro

117 1039 211 1066 mea
246 1027 365 1079 parte
404 1024 654 1079 capessenda
691 1026 836 1065 status.
898 1024 961 1064 De
1001 1038 1083 1078 quo
1122 1024 1181 1064 sic
1212 1024 1339 1064 velim
1377 1027 1457 1064 sta-

118 1087 223 1137 tuas,
254 1098 321 1124 me
352 1083 455 1124 haec
486 1083 631 1123 eadem
662 1097 882 1124 sensurum
914 1082 1054 1137 fuisse,
1088 1082 1122 1123 si
1154 1082 1261 1123 mihi
1292 1082 1458 1138 integra

120 1142 261 1183 omnia
299 1155 346 1182 ac
382 1142 516 1182 libera
553 1141 750 1196 fuissent3
787 1156 886 1182 nam
922 1155 1057 1195 neque
1088 1141 1364 1196 pugnandum
1396 1156 1458 1182 ar-

119 1201 301 1242 bitrarer
338 1203 484 1241 contra
519 1202 658 1240 tantas
697 1214 797 1254 opes
836 1214 972 1253 neque
1011 1199 1251 1254 delendum,
1292 1199 1458 1240 etiamsi

118 1259 162 1300 id
192 1259 285 1300 fieri
322 1262 480 1313 posset,
520 1273 782 1299 summorum
824 1259 980 1299 civium
1016 1258 1302 1313 principatum
1333 1272 1459 1311 neque

118 1318 448 1373 permanendum
479 1318 523 1358 in
554 1332 638 1358 una
669 1317 876 1358 sententia
907 1317 1119 1358 conversis
1150 1317 1276 1358 rebus
1308 1331 1355 1357 ac
1386 1317 1459 1358 bo-

118 1391 270 1418 norum
301 1376 592 1417 voluntatibus
622 1376 808 1431 mutatis,
839 1376 912 1417 sed
936 1376 1200 1430 temporibus
1225 1376 1459 1416 adsentien-

121 1436 230 1476 dum.
290 1434 535 1489 Numquam
566 1434 678 1476 enim
709 1436 756 1476 in
794 1435 1107 1489 praestantibus
1138 1434 1183 1475 in
1214 1449 1258 1476 re
1289 1434 1459 1489 publica

120 1494 393 1549 gubernanda
423 1494 526 1534 viris
550 1493 726 1537 laudata
757 1496 819 1534 est
844 1494 889 1534 in
914 1508 998 1534 una
1023 1493 1231 1534 sententia
1255 1496 1459 1548 perpetua

121 1553 376 1607 permansio,
423 1553 511 1607 sed,
557 1555 603 1592 ut
641 1553 685 1593 in
723 1552 962 1608 navigando
1002 1552 1245 1606 tempestati
1283 1552 1460 1606 obsequi

123 1611 225 1651 artis
256 1613 334 1665 est,
367 1611 532 1652 etiamsi
563 1614 735 1665 portum
764 1613 907 1652 tenere
938 1625 1024 1651 non
1056 1625 1200 1665 queas,
1233 1624 1328 1651 cum
1358 1625 1458 1651 vero

121 1668 166 1709 id
194 1669 330 1723 possis
359 1672 522 1710 mutata
546 1670 826 1710 velificatione
852 1670 1036 1723 adsequi,
1072 1669 1250 1710 stultum
1275 1672 1338 1709 est
1363 1684 1460 1710 eum

122 1730 264 1768 tenere
307 1741 401 1768 cum
443 1727 630 1781 periculo
675 1742 859 1782 cursum,
905 1743 1030 1782 quem
1068 1728 1273 1782 coeperis,
1317 1728 1459 1781 potius

123 1800 249 1839 quam
280 1799 329 1826 eo
361 1788 638 1841 commutato,
671 1801 754 1840 quo
786 1787 907 1841 velis,
947 1789 1090 1827 tamen
1120 1786 1356 1841 perveniigye
1389 1786 1459 1841 sic,

123 1858 218 1885 cum
257 1843 452 1884 omnibus
488 1844 612 1884 nobis
652 1844 696 1885 in
727 1845 1059 1886 administranda
1089 1859 1134 1885 re
1165 1844 1354 1898 publica
1365 1859 1461 1898 pio-

122 1903 309 1957 positum
341 1916 429 1943 esse
463 1902 622 1956 debeat,
653 1903 697 1943 id
728 1903 842 1957 quod
872 1918 896 1943 a
926 1918 993 1944 me
1025 1903 1266 1957 saepissime
1300 1894 1460 1943 dictum

122 1964 196 2015 est,
228 1975 322 2002 cum
355 1961 559 2016 dignitate
592 1960 736 2014 otium,
767 1975 853 2001 non
877 1961 989 2002 idem
1021 1975 1184 2014 semper
1210 1961 1357 2014 dicere,
1388 1960 1462 2001 sed

122 2020 235 2060 idem
279 2033 444 2074 semper
488 2022 674 2073 spectare
720 2019 929 2059 debemus.
992 2018 1126 2068 Quam
1168 2019 1221 2059 ob
1263 2033 1369 2072 rem,
1412 2021 1460 2059 ut

121 2078 248 2132 paulo
288 2080 384 2119 ante
423 2078 563 2132 posui,
609 2077 644 2117 si
685 2080 821 2117 essent
863 2077 1003 2117 omnia
1043 2077 1149 2117 mihi
1190 2077 1460 2132 solutissima,

122 2139 263 2178 tamen
293 2137 339 2177 in
369 2150 414 2177 re
444 2135 615 2190 publica
639 2150 725 2176 non
751 2136 857 2175 alius
883 2149 1028 2189 essem,
1060 2137 1186 2188 atque
1211 2149 1324 2176 nunc
1349 2149 1460 2190 sum3

124 2209 219 2236 cum
249 2209 349 2236 vero
386 2195 430 2236 in
466 2195 579 2235 hunc
616 2208 784 2234 sensum
816 2196 857 2234 et
888 2193 1049 2234 alliciar
1079 2193 1295 2234 beneficiis
1326 2193 1461 2235 homi-

121 2268 224 2294 num
261 2256 302 2295 et
340 2253 568 2307 compellar
605 2253 788 2306 iniuriis,
826 2252 948 2292 facile
984 2252 1125 2306 patior
1156 2266 1204 2292 ea-
1234 2267 1301 2292 me
1334 2252 1384 2293 de
1415 2267 1460 2293 re

120 2311 291 2366 publica
321 2312 475 2353 sentire
507 2326 554 2353 ac
586 2311 732 2366 dicere,
765 2325 870 2365 quae
901 2311 1083 2352 maxime
1110 2324 1205 2351 cum
1229 2310 1336 2351 mihi
1367 2313 1460 2352 tum
