1659 2552
627 105 770 140 LIBER
793 105 844 140 ΙΠ
871 109 913 139 10
1399 105 1420 145 7
1428 107 1453 145 3

111 199 329 241 inimicum
360 199 467 241 mihi
499 200 628 241 fuisse
661 201 937 256 cognossem?
1001 199 1107 241 Cum
1138 216 1238 242 vero
1271 201 1454 242 reditum

110 262 303 300 nostrum
335 259 379 299 111
410 259 592 315 gratiam
624 262 800 314 uterque
827 259 1065 314 expetisset,
1099 260 1202 314 quid
1232 260 1276 300 in
1309 274 1455 301 consu-

110 319 198 359 latu
230 321 304 359 tuo
336 318 493 358 frustra
524 333 690 360 mecum
721 318 858 374 egisti,
891 319 1005 372 quod
1028 333 1095 359 me
1121 321 1194 359 aut
1220 319 1355 359 facere
1382 321 1455 359 aut

111 376 265 418 sentire
297 376 530 419 voluisses?
573 377 675 431 quid
705 377 811 418 mihi
841 377 1069 431 mandasti,
1102 391 1197 418 cum
1228 380 1270 418 te
1302 377 1455 418 Puteo-

75 448 91 473 5
110 436 174 477 los
204 450 498 490 prosequerer,
536 436 580 476 in
613 450 696 490 quo
728 450 813 477 non
845 436 1180 490 expectationem
1211 438 1329 477 tuam
1363 436 1455 476 dili-

111 495 254 551 gentia
273 509 365 535 mea
385 494 588 536 vicerim?
621 494 780 544 Quodsi
800 495 843 535 id
863 498 926 536 est
944 495 1127 536 maxime
1148 495 1290 549 astuti,
1312 495 1455 536 omnia

111 553 164 594 ad
188 568 307 594 suam
332 553 561 594 utilitatem
594 555 767 608 referre,
800 553 902 607 quid
925 554 1032 594 mihi
1057 554 1228 594 tandem
1254 556 1343 595 erat
1374 554 1456 594 uti-

110 612 204 667 lius,
236 611 339 666 quid
364 612 596 653 commodis
621 613 726 653 meis
752 613 891 666 aptius
917 627 1043 666 quam
1068 613 1254 653 hominis
1280 613 1454 653 nobilis-

111 671 207 712 simi
233 674 358 725 atque
384 671 703 712 honoratissimi
729 671 982 725 coniunctio,
1009 671 1126 712 cuius
1156 686 1268 726 opes,
1294 671 1455 727 ingeni-

60 744 92 768 ιο
111 745 194 785 um,
220 730 357 784 liberi,
376 730 545 784 adfines,
570 730 800 784 propinqui
819 730 926 784 1111111
944 745 1099 786 magno
1119 731 1186 771 vel
1206 733 1454 771 ornamento

111 789 179 830 vel
209 789 419 843 praesidio
452 803 540 829 esse
570 789 772 843 possent?
810 804 915 842 quae
953 791 1094 829 tamen
1126 804 1204 845 ego
1238 789 1380 830 omnia
1411 789 1455 829 111

113 848 345 902 expetenda
371 847 557 888 amicitia
586 850 660 888 tua
690 862 775 888 non
807 847 962 888 astutia
993 847 1185 902 quadam,
1216 848 1290 888 sed
1314 848 1456 902 aliqua

114 906 257 961 potius
290 906 495 960 sapientia
520 909 686 947 secutus
713 921 816 947 sum.
880 906 1018 955 Quid?
1050 906 1123 946 illa
1155 907 1333 961 vincula,
1366 906 1455 960 qui-

113 966 191 1006 bus
231 965 401 1019 quidem
437 965 716 1006 libentissime
754 964 985 1020 astringor,
1024 967 1181 1018 quanta
1218 968 1332 1020 sunt,
1371 968 1456 1005 stu-

61 1037 94 1062 15
115 1024 282 1065 diorum
324 1023 580 1078 similitudo,
623 1023 808 1065 suavitas
852 1024 1187 1078 consuetudiniS,
1232 1024 1455 1064 delectatio

113 1083 224 1124 vitae
251 1085 376 1137 atque
402 1083 549 1137 victus,
576 1083 781 1124 sermonis
807 1082 995 1137 societas,
1021 1083 1188 1123 litterae
1214 1082 1454 1123 interiores!

113 1141 255 1196 Atque
286 1141 389 1182 haec
421 1141 665 1195 domestica3
698 1141 801 1195 quid
831 1141 904 1182 illa
935 1141 1105 1182 tandem
1129 1141 1363 1195 popularia,
1395 1155 1457 1182 re-

115 1200 228 1241 ditus
258 1200 449 1241 inlustris
479 1200 524 1241 in
554 1200 748 1256 gratiam,
779 1200 823 1240 in
856 1214 938 1254 quo
964 1214 1016 1240 ne
1041 1214 1117 1254 per
1142 1199 1456 1254 inprudentiam

116 1259 286 1313 quidem
317 1259 448 1300 errari
479 1261 620 1313 potest
651 1259 740 1299 sine
771 1259 1009 1313 suspicione
1040 1258 1252 1313 perfidiae,
1288 1258 1456 1312 amplis-

63 1331 96 1356 20
116 1318 213 1358 simi
245 1317 468 1358 sacerdotii
501 1317 738 1373 collegium,
770 1317 814 1358 in
847 1331 929 1371 quo
954 1331 1041 1358 non
1065 1317 1192 1358 modo
1225 1317 1456 1358 amicitiam

114 1376 266 1417 violari
291 1377 403 1430 apud
426 1376 606 1417 maiores
631 1379 799 1417 nostros
824 1376 887 1416 fas
912 1390 998 1417 non
1023 1378 1125 1430 erat,
1157 1376 1230 1417 sed
1253 1390 1305 1416 ne
1335 1390 1456 1430 coop-

115 1435 197 1476 tari
218 1435 387 1489 quidem
407 1435 667 1476 sacerdotem
685 1435 851 1489 licebat,
878 1434 951 1488 qui
977 1434 1173 1488 cuiquam
1199 1449 1251 1476 ex
1277 1434 1456 1490 collegio

116 1496 224 1535 esset
264 1493 488 1535 inimicus?
551 1493 664 1542 Quae
705 1496 752 1534 ut
793 1493 988 1534 omittam
1027 1496 1115 1534 tam
1155 1493 1290 1534 multa
1330 1495 1456 1547 atque

116 1555 251 1606 tanta,
294 1553 388 1606 quis
426 1567 627 1606 umquam
658 1552 767 1593 tanti
799 1567 1053 1606 quemquam
1085 1552 1186 1592 fecit
1217 1555 1289 1592 aut
1320 1552 1457 1592 facere

65 1623 96 1647 25
116 1611 257 1665 potuit
289 1614 360 1651 aut
399 1611 544 1652 debuit
583 1611 729 1665 quanti
761 1625 839 1666 ego
873 1610 945 1651 Cn.
972 1610 1234 1665 Pompeium,
1267 1624 1458 1651 socerum

117 1673 214 1710 tuae
246 1669 385 1710 filiae?
417 1669 600 1724 Etenim,
632 1670 667 1710 si
698 1670 849 1710 merita
880 1669 1032 1723 valent,
1063 1669 1257 1723 patriam,
1288 1669 1458 1721 liberos,

119 1728 308 1781 salutem,
336 1727 597 1793 dignitatem,
622 1731 778 1768 memet
803 1728 943 1782 ipsum
967 1728 1074 1768 mihi
1099 1742 1174 1782 per
1199 1728 1321 1768 illum
1340 1727 1459 1768 resti-

118 1790 258 1828 tutum
290 1788 405 1840 puto,
438 1786 472 1826 si
505 1786 817 1827 consuetudinis
849 1786 1099 1839 iucunditas,
1132 1800 1237 1840 quae
1263 1786 1344 1826 fuit
1370 1800 1459 1826 um-

120 1860 246 1900 quam
279 1844 464 1885 amicitia
497 1845 779 1885 consularium
811 1845 854 1885 111
885 1847 1031 1886 nostra
1062 1820 1232 1885 civitate
1265 1844 1459 1884 coniunc

68 1916 101 1941 30
121 1904 233 1945 tior?
265 1904 301 1944 si
332 1904 405 1944 illa
437 1903 592 1944 amoris
625 1906 749 1956 atque
783 1903 912 1943 officii
945 1903 1085 1958 signa,
1118 1902 1221 1956 quid
1250 1895 1356 1942 mihi
1387 1902 1459 1942 ille

119 1978 205 2004 non
246 1962 474 2028 commisit,
517 1961 619 2015 quid
654 1976 739 2002 non
776 1975 941 2002 mecum
973 1960 1316 2013 communicavit,
1358 1960 1461 2024 quid

122 2021 171 2062 de
203 2036 245 2062 se
277 2021 321 2061 111
353 2023 511 2074 senatu,
545 2034 640 2061 cum
671 2020 759 2073 ipse
792 2019 967 2073 abesset,
997 2033 1074 2073 per
1105 2033 1358 2072 quemquam
1391 2018 1459 2073 agi

120 2080 282 2133 maluit,
309 2080 462 2134 quibus
496 2054 568 2119 1113
602 2092 669 2119 1113
704 2078 829 2118 rebus
860 2092 945 2118 non
977 2077 1293 2118 ornatissimum
1324 2076 1461 2117 voluit

123 2138 404 2193 amplissime,
447 2152 528 2191 qua
561 2136 739 2190 denique
777 2136 848 2176 ille
885 2136 1110 2189 facilitate,
1151 2150 1233 2189 qua
1269 2134 1460 2175 humani-

69 2208 102 2234 35
122 2199 208 2238 tate
238 2197 339 2237 tulit
370 2196 684 2237 contentionem
715 2209 852 2235 meam
882 2209 959 2248 pio
985 2193 1144 2234 Milone
1171 2194 1461 2234 adversantem

122 2255 335 2296 interdum
367 2255 604 2296 actionibus
636 2253 733 2306 suis,
766 2267 848 2307 quo
875 2252 1015 2294 studio
1041 2252 1240 2307 providit,
1270 2266 1322 2292 ne
1355 2266 1460 2306 quae

122 2328 189 2354 me
220 2313 335 2354 iHius
366 2313 569 2367 temporis
601 2312 759 2353 invidia
785 2311 1024 2367 attingeret,
1056 2326 1151 2352 cum
1176 2325 1243 2351 me
1273 2311 1461 2364 consilio,

1486 1504 1528 1534 10
