1659 2552
167 82 251 124 194
666 79 1008 115 EPISTULARUM

752 219 929 263 XXVII.

294 304 368 340 Ser.
395 304 543 347 Romae,
569 308 610 338 ut
634 304 786 345 ridetur,
809 306 891 347 post
916 313 959 336 m.
988 301 1101 336 DIart.
1128 313 1161 336 a.
1190 303 1262 336 702
1290 303 1379 345 (52).

551 385 599 420 M.
628 384 796 419 CICERO
825 383 857 419 S.
885 383 927 419 D.
955 382 1124 418 GALLO.

254 470 401 525 Miror,
434 484 507 510 cur
537 483 605 509 me
637 482 822 522 accuses,
864 482 960 508 cum
991 467 1072 508 tibi
1104 465 1149 507 id
1180 466 1316 508 facere
1348 480 1434 508 non
1464 466 1513 507 li-

167 532 267 571 ceat.
331 528 490 578 Quodsi
520 528 678 581 liceret,
710 530 852 568 tamen
883 540 970 567 non
996 525 1188 566 debebas.
1251 524 1368 581 ‘Ego
1400 525 1512 566 enim
1550 536 1566 563 5

166 592 208 630 te
240 589 284 629 in
316 587 537 629 consulatu
570 585 873 639 observaram',
913 588 955 626 et
993 585 1054 625 ais
1085 585 1175 625 fore
1207 586 1256 625 ut
1286 587 1328 625 te
1362 582 1514 625 Caesar

166 647 373 688 restituat.
430 646 567 687 Multa
593 647 639 686 tu
666 644 838 699 quidem
865 643 980 698 dicis,
1013 643 1085 684 sed
1110 643 1191 683 tibi
1217 657 1342 684 nemo
1369 643 1512 684 credit.

167 705 451 747 Tribunatum
482 704 623 759 plebei
656 703 760 744 dicis
791 706 834 744 te
864 717 959 744 mea
984 716 1108 743 causa
1137 702 1304 756 petisse.
1336 700 1514 742 Utinam

167 779 332 819 semper
375 778 485 805 esses
528 762 743 804 tribunus!
793 762 1114 802 intercessorem
1154 775 1240 802 non
1281 774 1513 814 quaereres.

166 823 309 879 Negas
347 837 414 863 me
452 822 621 876 audere,
660 821 774 876 quod
812 821 1009 874 sentiam,
1049 820 1196 860 dicere.
1260 818 1389 868 Quasi
1420 818 1514 874 tibi,
1534 831 1568 857 10

169 897 264 923 cum
305 881 573 936 impudenter
612 894 679 921 me
718 894 909 936 rogares,
950 893 1101 934 parum
1138 878 1309 919 fortiter
1345 891 1516 932 respon-

170 941 314 982 derim.

256 999 372 1040 Haec
408 998 490 1039 tibi
528 997 696 1052 scripsi,
737 1000 785 1038 ut
824 997 905 1038 isto
944 997 1037 1051 ipso
1069 996 1114 1036 in
1145 1010 1316 1052 genere,
1354 996 1398 1036 in
1431 1009 1514 1049 quo

169 1058 330 1112 aliquid
366 1072 489 1112 posse
526 1057 608 1111 vis,
646 1059 687 1097 te
725 1056 834 1097 nihil
875 1070 964 1096 esse
1006 1069 1290 1110 cognosceres.
1354 1053 1514 1103 Quodsi

168 1117 411 1158 humaniter
446 1130 612 1157 mecum
651 1118 824 1169 questus
862 1128 988 1168 esseS,
1029 1114 1213 1154 libenter
1250 1113 1332 1154 tibi
1369 1127 1436 1154 me
1474 1115 1516 1154 et
1537 1123 1569 1150 15

168 1176 291 1217 facile
327 1189 594 1231 purgassem3
631 1188 717 1215 non
755 1174 868 1215 enim
906 1173 1074 1228 ingrata
1110 1172 1218 1213 mihi
1256 1174 1371 1226 sunt,
1410 1185 1516 1226 quae

168 1235 319 1289 fecisti,
345 1235 428 1288 sed,
456 1248 562 1288 quae
582 1233 801 1287 scripsisti,
827 1232 1015 1272 molesta.
1066 1230 1136 1272 Me
1162 1233 1315 1284 autem,
1341 1233 1518 1285 propter

169 1308 295 1348 quem
337 1293 465 1334 ceteri
501 1292 627 1332 liberi
665 1294 779 1345 sunt,
820 1291 902 1331 tibi
941 1290 1125 1331 liberum
1162 1304 1247 1330 non
1280 1289 1419 1329 visum
1451 1288 1517 1330 de-

168 1353 312 1393 miror.
373 1351 502 1405 Nam,
535 1351 571 1391 si
603 1350 707 1390 falsa
738 1350 921 1403 fuerunt,
954 1363 1060 1403 quae
1091 1351 1139 1388 tu
1171 1348 1224 1388 ad
1254 1362 1333 1402 me,
1365 1349 1412 1388 ut
1443 1347 1516 1401 ais,

170 1410 422 1463 ‘detulisti’,
455 1409 558 1463 quid
594 1408 675 1449 tibi
713 1422 792 1464 ego
827 1408 988 1449 debeo?
1033 1407 1067 1447 si
1100 1421 1214 1460 vera,
1253 1409 1301 1447 tu
1334 1420 1377 1447 es
1409 1406 1516 1461 opti·
1536 1417 1570 1443 20

168 1484 264 1511 mus
294 1469 433 1523 testis,
472 1468 575 1522 quid
605 1466 712 1508 mihi
743 1482 782 1521 p.
815 1466 1060 1509 R..debeat.

745 1616 944 1660 XXVIII.

456 1701 530 1737 Ser.
557 1700 695 1735 Romae
722 1701 770 1735 in.
792 1711 835 1734 m.
858 1699 953 1734 Sext.
981 1711 1014 1733 α.
1043 1700 1116 1733 708
1144 1700 1234 1742 (46).

566 1782 614 1817 M.
644 1780 812 1816 CICERO
842 1780 875 1815 S.
902 1779 945 1815 D.
974 1779 1127 1815 CURIO.

260 1879 458 1934 Memini,
501 1893 596 1919 cum
633 1877 741 1918 mihi
781 1876 968 1931 desipere
1007 1876 1227 1930 videbare,
1269 1874 1383 1929 quod
1423 1887 1519 1915 cum
1539 1885 1573 1911 2⁵

172 1939 265 1980 istis
297 1939 441 1993 potius
472 1938 635 1978 viveres
668 1951 795 1991 quam
826 1935 1059 1976 nobiscum.
1102 1934 1207 1975 Erat
1239 1933 1352 1974 enim
1383 1932 1518 1973 multo

174 1998 436 2039 domicilium
461 1997 589 2038 huius
615 1995 747 2049 urbis,
780 2008 876 2035 cum
903 1993 1074 2048 quidem
1105 1993 1209 2034 haec
1234 1991 1347 2045 urbs,
1379 1991 1520 2045 aptius

172 2057 430 2097 humanitati
469 2058 510 2097 et
549 2054 749 2095 suavitati
781 2056 878 2094 tuae
911 2067 1038 2107 quam
1069 2055 1161 2093 tota
1191 2050 1520 2104 Peloponnesus,

173 2116 329 2156 nedum
366 2114 529 2155 Patrae.
590 2113 716 2154 Nunc
756 2114 902 2153 contra
940 2114 982 2152 et
1012 2111 1168 2151 vidisse
1198 2109 1305 2150 mihi
1336 2108 1520 2149 multum

173 2174 341 2227 videris,
375 2188 470 2214 cum
500 2187 633 2227 prope
662 2170 893 2225 desperatis
917 2169 985 2210 his
1011 2169 1145 2210 rebus
1162 2171 1204 2209 te
1230 2167 1273 2208 in
1301 2165 1520 2208 Graeciam
1539 2178 1574 2204 ⁸0

176 2232 405 2285 contulisti,
439 2235 480 2272 et
511 2232 592 2272 hoc
623 2233 814 2284 tempore
840 2243 925 2270 non
952 2228 1089 2268 solum
1114 2226 1291 2281 sapienS,
1324 2226 1396 2280 qui
1421 2226 1522 2267 hinc

176 2291 299 2344 apsiS,
333 2291 405 2331 sed
437 2290 565 2331 etiam
597 2289 756 2330 beatus.
820 2286 1085 2341 Quamquam
1117 2286 1222 2340 quiS,
1255 2284 1327 2338 qui
1360 2284 1522 2339 aliquid
