1659 2552
598 81 741 116 LIBER
766 82 834 116 XII
858 85 914 117 30.
1348 82 1433 123 365

95 172 233 223 Quare
258 174 511 215 veniendum
537 175 723 216 arbitror
746 175 944 231 Lucceio3
976 190 1243 230 quamquam,
1269 178 1303 217 si
1329 177 1433 218 meis

93 232 248 273 litteris
275 234 600 287 optemperavit,
633 248 727 275 cum
759 236 806 275 tu
837 233 940 275 haec
964 234 1090 290 leges,
1123 235 1243 275 illum
1275 235 1434 276 Romae

95 305 184 332 esse
216 291 441 345 oportebit.

184 348 346 391 Ceteris
371 350 421 391 de
447 350 571 391 rebus
602 350 869 404 maximeque
902 351 951 392 de
982 351 1170 405 pecunia,
1203 365 1297 391 cum
1330 350 1433 391 Pan-

59 419 76 444 5
95 422 163 449 sae
194 411 377 450 mortem
413 409 647 464 ignorares,
685 409 909 463 scripsisti,
949 423 1055 463 quae
1086 424 1162 463 per
1191 423 1268 450 nos
1300 409 1352 449 ab
1385 424 1433 450 eo

95 467 295 521 consequi
320 470 362 508 te
392 481 515 521 posse
541 467 804 508 arbitrarere.
855 467 969 516 Quae
994 470 1036 508 te
1061 482 1147 508 non
1174 467 1434 521 fefellissent,

95 526 131 566 si
161 525 339 580 viveret3
370 540 469 566 nam
500 528 541 566 te
574 525 795 581 diligebat3
833 529 929 580 post
959 528 1141 567 mortem
1173 529 1314 567 autem
1345 527 1434 566 eius

95 584 198 638 quid
222 584 315 625 fieri
339 587 492 638 posset,
523 599 609 625 non
634 584 891 625 videbamus.
935 584 998 625 De
1018 583 1237 638 Venuleio,
1268 584 1433 638 Latino,

93 641 275 683 Horatio
307 643 427 683 valde
465 643 608 697 laudo,
649 642 755 683 illud
791 657 877 683 non
912 643 1092 683 nimium
1129 643 1282 697 probo,
1320 643 1433 696 quod

41 713 75 737 10
95 701 261 756 scribis,
295 716 378 755 quo
410 701 474 741 illi
505 701 645 742 animo
678 701 875 755 aequiore
906 701 1084 756 ferrent,
1116 704 1157 742 te
1188 702 1273 742 tuis
1305 701 1432 742 etiam

93 760 246 816 legatis
277 760 447 800 lictores
479 759 681 801 ademisse
717 758 897 815 (honore
927 760 1040 800 enim
1072 774 1167 800 cum
1198 760 1433 815 ignominia

96 818 236 874 dignis
266 833 352 859 non
384 821 503 859 erant
535 817 843 874 comparandi),
875 829 1040 872 eosque,
1072 833 1123 859 ex
1154 832 1183 859 s.
1216 832 1248 858 c.
1281 818 1315 858 si
1346 832 1432 858 non

96 877 312 930 decedunt,
345 877 571 932 cogendos,
603 880 651 917 ut
683 876 899 931 decedant,
932 877 1138 917 existimo.
1199 875 1314 917 Haec
1345 876 1431 917 fere

95 936 147 976 ad
179 950 247 976 eas
278 935 458 989 litteras,
497 949 600 989 quas
631 935 777 976 eodem
810 935 1001 989 exemplo
1034 935 1154 975 binas
1185 935 1343 989 accepi3
1382 934 1431 975 de

44 1006 76 1030 15
95 994 259 1048 reliquo
285 994 412 1035 velim
442 993 524 1034 tibi
554 993 805 1047 persuadeas
835 1008 922 1035 non
949 1008 1036 1034 esse
1067 993 1173 1034 mihi
1204 1007 1341 1034 meam
1374 993 1432 1033 di-

95 1053 303 1109 gnitatem
332 1055 406 1093 tua
437 1053 652 1093 cariorem.

1460 596 1478 605 μ.

1465 604 1474 626 ί
