1659 2552
440 592 805 640 ADNOTATIO
850 591 1112 639 CRITICA.

176 783 376 826 Postquam
391 784 473 816 octo
489 782 594 816 annis
609 783 869 826 (1858—1886)
889 767 980 814 duas
994 781 1119 824 partes
1133 778 1242 813 huius
1258 778 1444 822 editionis,

104 829 307 864 secundam
332 831 370 863 et
394 831 575 873 quartam,
602 829 779 863 conficere
804 827 896 862 mihi
920 827 1028 861 licuit
1047 826 1217 871 (primam
1236 825 1443 860 Fridericus

108 876 213 910 annis
239 880 328 911 1887
355 877 393 910 et
418 880 505 910 1891
535 876 723 920 absolvit),
758 875 796 908 111
827 874 939 909 tertia
972 873 1127 908 totidem
1153 884 1268 908 annos
1301 883 1443 907 cessare

108 926 256 958 coactus
282 935 378 967 sum,
411 923 498 956 dum
522 922 862 957 Mendelssohni
889 933 978 966 opus
1005 922 1239 965 expectatum
1263 920 1303 954 in
1327 919 1444 954 1113111-

106 970 176 1005 bus
208 972 320 1014 esset,
358 981 445 1004 nam
479 980 654 1015 magnam
685 969 715 1003 is
743 980 845 1013 spem
874 970 1039 1002 moverat
1071 967 1155 1001 novi
1186 969 1224 1001 et
1254 966 1355 1012 pleni
1381 978 1444 1011 ap-

106 1020 258 1062 paratus
285 1016 414 1061 critici,
442 1019 551 1051 antea
578 1019 702 1051 autem
727 1015 911 1050 Ciceronis
938 1014 1114 1060 epistulas
1142 1014 1247 1049 edere
1273 1013 1444 1048 inscitiae

109 1075 150 1098 30
181 1063 402 1099 temeritatis
434 1063 575 1098 fuisset.
628 1063 728 1105 Quae
761 1074 843 1107 spes
875 1073 949 1096 non
980 1061 1130 1105 fefellit3
1168 1072 1256 1095 nam
1279 1061 1343 1095 ille
1369 1071 1445 1094 rem

106 1113 185 1146 tam
209 1111 398 1156 praeclare
423 1110 540 1156 gessit
565 1109 782 1155 colligendis
818 1112 853 1144 et
887 1108 1106 1143 adhibendis
1132 1107 1371 1151 testimoniis,
1404 1109 1446 1141 ut

109 1168 246 1203 aequus
272 1157 383 1192 iudex
407 1157 501 1191 nihil
526 1157 601 1192 fere
627 1157 836 1191 desiderare
861 1167 967 1201 posse
994 1155 1172 1189 videatur.
1211 1155 1332 1199 Atque
1358 1165 1444 1188 usus

108 1207 167 1239 est
190 1204 493 1239 Mendelssohnus
524 1204 582 1238 his
613 1204 772 1238 maxime
797 1203 902 1237 libris
927 1202 1203 1247 manuscriptis:
1243 1201 1444 1236 Medic-eo

107 1256 164 1286 49.
193 1256 212 1286 9
239 1262 333 1286 saec.
359 1252 409 1285 IX
435 1254 479 1296 (v.
506 1251 647 1285 Dessau
672 1251 794 1285 Herm.
823 1250 941 1284 XXIX
968 1254 1059 1284 1894
1084 1261 1118 1294 p.
1141 1253 1218 1283 397.
1241 1250 1274 1293 1)
1301 1249 1354 1291 M,
1382 1247 1446 1292 qui

108 1299 194 1333 XVI
217 1298 331 1333 libros
357 1298 600 1343 epistularum
623 1298 798 1341 continet,
824 1297 1070 1331 Harleiano
1098 1300 1187 1330 2773
1215 1295 1246 1330 G
1271 1295 1446 1330 saec.XH

108 1348 147 1380 et
164 1345 372 1380 Parisino
394 1349 505 1379 17812
526 1345 558 1379 R
578 1356 671 1380 saec.
691 1345 769 1388 ΧΠ,
790 1344 853 1389 qui
872 1344 986 1378 libros
1006 1343 1172 1385 I—VHI,
1197 1342 1445 1377 Harleiano

109 1396 199 1426 2682
225 1393 258 1426 Η
287 1403 386 1439 saec.
412 1392 478 1435 XI,
516 1392 726 1426 Palatino
753 1395 819 1426 598
845 1391 876 1425 D
903 1402 996 1425 saec.
1023 1390 1209 1433 XV‘XVI,
1247 1390 1286 1423 in
1311 1388 1445 1433 quibus

109 1441 196 1473 sunt
219 1450 274 1484 ep.
301 1439 500 1483 IX—XVI,
532 1439 811 1482 Erfurtensi,
837 1450 933 1472 1111110
959 1437 1188 1471 Berolinensi
1211 1436 1274 1470 fol.
1303 1440 1386 1479 252,
1418 1436 1445 1470 F

109 1497 203 1521 saec.
229 1486 421 1532 XHsXffl,
461 1486 525 1530 qui
556 1486 669 1520 habet
701 1485 879 1530 epistulas
912 1496 956 1519 ex
985 1484 1090 1518 libris
1115 1484 1197 1527 XH,
1224 1483 1325 1526 XIH,
1350 1482 1445 1525 XIV,

108 1533 187 1577 XV,
212 1533 312 1577 XVI,
352 1535 390 1568 et
414 1533 564 1577 quidem
588 1533 643 1567 ita
668 1544 754 1566 usus
781 1534 853 1575 est,
892 1534 935 1565 ut
958 1543 1032 1565 non
1058 1531 1175 1565 solum
1200 1530 1239 1564 in
1262 1529 1446 1575 prioribus

109 1582 192 1614 octo
217 1580 334 1623 libris,
362 1580 426 1614 sed
452 1580 567 1614 etiam
591 1580 629 1614 in
655 1579 931 1624 posterioribus,
962 1578 1090 1612 ‘dubia
1116 1577 1181 1612 ubi
1205 1588 1261 1612 res
1288 1579 1386 1611 esset
1411 1578 1448 1610 et

110 1626 261 1670 incerta,
286 1627 335 1671 M,
361 1629 521 1661 veterem
546 1627 687 1670 ducem,
715 1625 819 1670 sequi
843 1625 987 1660 mallet’
1011 1636 1122 1669 quam
1141 1626 1281 1659 ceteros
1302 1623 1446 1658 codices

111 1675 159 1717 (p.
172 1673 273 1707 XXV
293 1676 379 1717 ex),
406 1673 465 1708 cui
490 1673 626 1708 iudicio
654 1684 722 1719 ego
747 1673 822 1707 fere
850 1672 1047 1715 adsentior,
1073 1672 1145 1706 nisi
1171 1671 1269 1716 quod
1295 1682 1377 1705 cum
1403 1670 1447 1704 de

111 1719 273 1754 omnium
297 1720 464 1754 codicum
489 1721 559 1755 fide
585 1723 623 1755 et
650 1720 871 1754 auctoritate
897 1722 977 1754 tum
1003 1719 1047 1753 de
1073 1718 1230 1753 Medicei
1254 1717 1366 1762 paulo
1393 1728 1447 1751 se-

110 1777 174 1801 cus
200 1766 418 1811 existimo.*)

204 1860 235 1904 *)
260 1859 361 1893 Haec
387 1860 620 1894 obtrectandi
646 1863 711 1894 aut
735 1860 923 1905 gloriandi
955 1871 1067 1894 causa
1099 1870 1120 1893 a
1144 1869 1203 1893 me
1236 1858 1310 1892 dici
1333 1869 1447 1893 ,nemo

108 1907 218 1941 homo
254 1917 364 1940 sanus
398 1906 719 1951 interpretabitur,
756 1917 875 1951 neque
909 1906 1032 1941 hercle
1062 1906 1155 1940 mihi
1185 1905 1261 1939 tale
1296 1904 1385 1948 quid
1410 1904 1448 1937 in

110 1955 271 1988 mentem
296 1953 473 1997 venisset,
499 1953 571 1987 nisi
595 1953 735 1987 factum
761 1955 875 1996 esset,
902 1956 945 1987 ut
968 1953 1107 1987 similia
1133 1951 1245 1986 simili
1270 1951 1309 1984 in
1335 1962 1448 1984 causa

110 2001 222 2035 verba
246 2011 329 2035 mea
353 2000 392 2033 in
418 2011 499 2034 eam
522 2001 667 2044 partem
698 2000 1014 2044 detorquerentur.
1064 2000 1143 2043 Ego
1171 2009 1266 2032 anno
1294 2001 1384 2032 1864
1409 1997 1448 2031 in

110 2047 340 2082 Fleckeiseni
361 2046 556 2081 annalibus
574 2049 687 2090 p.268
697 2058 774 2090 sqq.
795 2046 912 2080 fusius
933 2047 978 2080 de
997 2046 1186 2080 codicibus
1207 2045 1317 2078 ABH
1335 2044 1447 2078 libro-

110 2106 193 2128 rum
225 2094 270 2128 de
299 2093 535 2139 philosophia
567 2093 841 2138 disputaveram
871 2092 1070 2137 Halmique
1109 2093 1153 2126 de
1190 2091 1236 2125 iis
1268 2090 1448 2125 iudicium

96 2141 366 2179 [refutaveram.
415 2140 522 2174 Anno
550 2144 637 2174 1871
664 2140 889 2174 Iohannes
915 2139 1139 2173 Vahlenus
1164 2138 1204 2172 in
1228 2137 1343 2183 praef.
1371 2138 1447 2172 edi-

110 2187 224 2222 tionis
248 2188 266 2222 1
291 2187 335 2221 de
359 2188 504 2233 legibus
530 2187 629 2221 idem
654 2187 753 2231 quod
778 2197 847 2231 ego
874 2186 919 2220 de
945 2185 1133 2220 codicibus
1158 2185 1245 2229 AB,
1273 2184 1374 2219 aliud
1401 2185 1445 2219 de

110 2234 146 2268 H
180 2234 360 2269 iudicavit
395 2245 516 2269 meam
552 2233 899 2269 commentationem
935 2233 992 2267 vel
1023 2232 1198 2278 ignorans
1232 2232 1290 2266 vel
1314 2231 1445 2266 inutile

111 2280 278 2316 iudicans
305 2292 597 2315 commemorare.
647 2281 689 2314 Id
714 2280 769 2314 ita
794 2291 852 2314 me
877 2279 1009 2323 movit,
1044 2282 1086 2314 ut
1110 2279 1149 2313 in
1172 2290 1256 2313 mea
1282 2278 1444 2313 editione

1187 2342 1231 2372 a*
