1659 2552
623 72 765 106 Lissna
789 72 839 106 xi
865 75 1012 107 18—20.
1401 72 1486 113 319

148 167 325 221 reliquis
357 167 483 208 rebus
514 166 792 208 laborandum
825 166 1081 221 existimavi3
1113 180 1224 207 nunc
1250 182 1360 221 vero,
1393 181 1487 208 cum

149 226 229 267 sim
262 239 357 266 cum
389 225 600 266 tironibus
632 226 926 282 egentissimis,
957 225 1077 266 valde
1110 228 1151 266 et
1182 239 1318 266 meam
1350 228 1391 266 et
1422 240 1487 266 ve-

150 287 281 325 stram
312 284 447 325 vicem
479 285 652 325 timeam
684 299 850 325 necesse
883 286 955 325 est.

238 342 424 384 Vicetini
468 357 535 383 me
582 346 623 383 et
668 342 723 383 M.
766 342 947 383 Brutum
986 341 1209 396 praecipue
1252 341 1486 382 observant.

0 448 1 461 χ
114 414 130 439 5
149 400 229 442 His
260 416 313 443 ne
339 416 464 455 quam
495 401 656 455 patiare
682 401 881 442 iniuriam
906 401 997 442 fieri
1023 401 1067 441 in
1093 402 1240 441 senatu
1266 414 1489 440 vernarum

0 468 1 501 1
151 474 290 515 causa,
328 475 352 500 a
388 463 430 501 te
466 463 576 513 peto.
640 459 819 501 Causam
850 459 1008 500 habent
1041 459 1262 513 optimam,
1301 459 1489 499 officium

150 519 194 559 in
226 533 270 560 re
301 534 340 572 p.
373 533 605 571 summum,
645 533 778 573 genus
809 518 1030 559 hominum
1063 517 1398 558 adversariorum
1431 531 1489 557 se-

152 577 355 618 ditiosum
387 579 429 618 et
467 577 808 618 incertissimum.
871 589 935 617 XII
968 576 1018 617 K.
1051 575 1140 617 Iun.
1174 575 1391 616 Vercellis.

781 726 872 768 XX.

0 831 3 863 Ι
100 825 132 850 10
393 808 467 844 Ser.
495 808 701 852 Eporediae
726 808 791 841 IX
816 808 862 842 K.
890 808 974 842 Izm.
1001 819 1034 842 a.
1064 809 1131 842 711
1160 809 1249 851 (43).

463 889 505 924 D.
533 888 720 923 BRUTUS
747 888 779 923 S.
806 888 848 924 D.
876 889 923 924 M.
952 888 1184 923 CICERONI.

242 984 364 1034 Quod
403 999 480 1040 pro
521 999 588 1025 me
628 998 713 1025 non
754 984 882 1038 facio,
922 984 966 1024 id
1005 998 1082 1038 pro
1120 987 1161 1024 te
1199 984 1334 1024 facere
1372 997 1490 1024 amor

153 1059 272 1086 meus
303 1044 347 1084 in
378 1047 420 1084 te
457 1047 613 1097 tuaque
651 1042 791 1083 officia
823 1045 996 1097 cogunt,
1034 1045 1082 1083 ut
1113 1042 1294 1082 timeam.
1358 1040 1490 1096 Saepe

155 1103 267 1144 enim
297 1102 404 1143 mihi
436 1116 531 1143 cum
560 1104 668 1142 esset
694 1101 852 1142 dictum
884 1115 1018 1155 neque
1044 1116 1068 1141 a
1091 1115 1158 1141 me
1190 1103 1490 1154 contemptum,

102 1175 135 1201 15
154 1162 382 1202 novissime
407 1160 549 1202 Labeo
583 1159 789 1215 Segulius,
821 1160 948 1200 homo
975 1159 1040 1200 sui
1065 1159 1317 1212 simillimus,
1348 1161 1491 1199 narrat

154 1220 261 1262 mihi
299 1222 400 1274 aput
439 1218 658 1259 Caesarem
698 1233 741 1259 se
784 1218 911 1258 fuisse
950 1218 1216 1270 multumque
1256 1231 1491 1258 sermonem

157 1279 206 1320 de
237 1281 279 1319 te
310 1277 505 1318 habitum
531 1291 629 1318 esse.
690 1275 835 1331 Ipsum
863 1275 1081 1317 Caesarem
1112 1276 1219 1316 nihil
1250 1290 1348 1316 sane
1375 1275 1423 1315 de
1449 1278 1491 1315 te

156 1340 363 1392 questum,
394 1337 477 1376 nisi
509 1336 667 1377 dictum
700 1335 814 1389 quod
851 1335 1007 1375 diceret
1038 1337 1079 1375 te
1112 1334 1264 1374 dixisse
1303 1333 1492 1374 ‘laudan-

157 1397 257 1437 dum
289 1395 608 1449 adulescentem,
641 1393 886 1447 ornandum,
918 1393 1186 1446 tollendum’3
1219 1407 1261 1433 se
1292 1406 1377 1432 non
1403 1406 1490 1432 esse

106 1468 138 1493 20
159 1454 501 1507 commissurum,
550 1456 598 1493 ut
640 1453 734 1493 tolli
777 1452 921 1506 possit.
995 1451 1087 1492 Hoc
1131 1465 1209 1506 ego
1252 1450 1492 1491 Labeonem

159 1513 281 1554 credo
319 1512 383 1553 illi
420 1511 632 1552 rettulisse
670 1514 742 1551 aut
779 1510 949 1551 finxisse
982 1510 1157 1563 dictum,
1194 1523 1279 1549 non
1311 1509 1363 1549 ab
1396 1509 1492 1549 adu-

157 1571 339 1612 lescente
375 1570 598 1624 prolatum.
659 1568 894 1610 Veteranos
923 1582 1023 1609 vero
1060 1568 1238 1622 pessime
1275 1567 1392 1621 loqui
1424 1581 1494 1607 vo—

157 1630 273 1670 lebat
309 1629 450 1669 Labeo
487 1643 555 1669 me
597 1627 764 1668 credere
795 1630 837 1668 et
867 1627 948 1667 tibi
979 1627 1031 1667 ab
1063 1626 1115 1666 113
1147 1626 1302 1666 instare
1334 1625 1494 1679 pericu—

158 1688 260 1741 lum,
291 1687 556 1740 maximeque
587 1685 811 1741 indignari,
844 1685 957 1738 quod
987 1685 1031 1725 in
1063 1684 1205 1725 decem
1230 1683 1332 1724 viris
1360 1697 1494 1736 neque

109 1759 141 1784 25
162 1745 314 1786 Caesar
344 1759 479 1798 neque
511 1759 590 1800 ego
621 1744 758 1784 habiti
790 1757 984 1797 essemus,
1019 1745 1144 1796 atque
1176 1742 1316 1782 omnia
1347 1741 1399 1781 ad
1430 1756 1495 1781 ve—

161 1808 296 1845 strum
334 1803 558 1844 arbitrium
595 1805 732 1843 essent
768 1801 943 1842 conlata.
1004 1800 1120 1841 Haec
1156 1814 1250 1840 cum
1288 1799 1495 1840 audissem

163 1866 204 1904 et
242 1863 325 1903 iam
363 1862 407 1902 in
448 1862 598 1902 itinere
635 1874 783 1913 essem,
825 1858 1173 1900 committendum
1213 1872 1298 1898 non
1337 1857 1495 1911 putavi,

162 1922 279 1976 prius
310 1923 358 1961 ut
388 1919 518 1974 Alpes
549 1919 880 1973 transgrederer,
922 1932 1065 1971 quam,
1098 1916 1199 1970 quid
1230 1916 1497 1970 1311033616-

162 1984 244 2033 tur,
276 1979 442 2033 scirem3
474 1993 571 2018 nam
599 1977 647 2017 de
673 1980 746 2017 tuo
778 1976 966 2030 periculo
994 1975 1113 2016 erede
1139 1974 1245 2014 mihi
1271 1973 1497 2014 iactatione

111 2053 144 2077 30
163 2039 391 2080 Verborum
422 2039 463 2078 et
495 2035 811 2077 denuntiatione
841 2034 1017 2088 periculi
1049 2047 1214 2087 sperare
1241 2047 1310 2072 eos
1336 2034 1377 2072 te
1408 2046 1498 2085 1161·-

163 2097 398 2150 timefacto,
439 2095 702 2136 adulescente
742 2093 909 2146 inpulso
948 2106 1071 2145 posse
1108 2105 1261 2146 magna
1299 2089 1497 2143 consequi

163 2155 366 2210 praemia,
405 2157 446 2195 et
481 2156 616 2194 totam
652 2152 776 2192 istam
815 2150 1065 2191 cantilenam
1103 2164 1155 2190 ex
1190 2149 1270 2189 hoc
1306 2148 1498 2202 pendere,

165 2217 213 2255 ut
250 2229 375 2268 quam
412 2212 642 2267 plurimum
679 2209 785 2250 lucri
822 2209 987 2249 faciant.
1048 2207 1196 2261 Neque
1233 2209 1374 2247 tamen
1414 2220 1499 2246 non

165 2275 207 2313 te
239 2275 408 2313 cautum
447 2285 533 2312 esse
570 2269 666 2311 volo
704 2271 745 2309 et
782 2267 955 2308 insidias
986 2267 1208 2320 vitantem3
1248 2265 1356 2305 nihil
1387 2265 1499 2305 enim

1514 353 1533 382 ΚΟ

1522 1810 1541 1839 [O
