1659 2552
462 61 527 94 AD
555 60 713 102 QUINT.
739 59 910 96 FRATR.
937 60 1080 94 LIBER
1104 60 1120 94 I
1146 64 1177 95 3.
1413 60 1498 102 515

159 157 249 198 erit.
313 155 462 211 Spero,
494 156 529 197 si
562 156 664 210 quid
694 170 787 197 mea
818 170 911 210 spes
942 155 1071 196 habet
1103 156 1379 210 auctoritatis,
1417 156 1498 197 tibi

159 218 201 256 et
232 216 522 271 integritatem
553 217 670 255 tuam
703 217 744 255 et
775 229 961 255 amorem
993 214 1037 254 in
1068 216 1110 254 te
1143 214 1326 255 civitatis
1359 217 1399 255 et
1425 215 1497 255 ali-

160 274 262 328 quid
288 275 415 315 etiam
440 274 773 314 misericordiam
804 273 939 314 nostri
969 273 1169 328 praesidii
1200 273 1400 328 laturam,
1433 273 1498 314 sin

161 333 242 374 eris
274 333 325 373 ab
360 333 440 373 isto
471 332 659 386 periculo
691 347 857 387 vacuus,
889 346 986 387 ages
1019 332 1194 386 scilicet,
1227 332 1263 372 si
1296 332 1397 385 quid
1429 332 1497 387 agi

125 405 140 429 5
160 406 282 446 posse
315 391 364 432 de
395 391 518 432 nobis
550 391 730 445 putabis.
792 391 855 432 De
888 406 971 444 quo
1003 390 1194 431 scribunt
1225 391 1278 431 ad
1308 406 1375 431 me
1409 391 1497 444 qui-

109 698 140 722 10

109 992 141 1016 15

109 1870 143 1894 30

110 2161 144 2185 35

162 451 255 491 dem
287 450 411 491 multi
443 450 577 490 multa
609 453 649 491 et
681 464 723 490 se
756 464 922 504 sperare
955 449 1261 504 demonstra11t3
1303 450 1375 490 sed
1407 464 1498 505 ego,

161 509 274 563 quod
300 523 473 563 sperem,
504 523 590 549 non
623 509 816 562 dispicio,
849 523 944 549 cum
975 508 1137 549 inimici
1167 508 1399 562 plurimum
1430 523 1498 548 va<

159 568 284 621 leant,
316 567 439 608 amici
470 568 627 621 partim
659 567 917 608 deseruerint
948 581 1026 621 me,
1057 567 1213 621 partim
1246 567 1373 608 etiam
1403 582 1497 620 pro-

162 626 364 681 diderint,
406 627 478 680 qui
516 627 560 666 in
597 640 691 667 meo
733 626 1088 667 reditu»fortasse
1128 626 1497 680 reprehensionem

161 686 225 726 sui
257 685 423 726 sceleris
454 685 767 739 pertimescunt.
830 683 922 738 Sed,
955 685 1035 725 ista
1061 685 1201 738 qualia
1233 685 1328 739 sint,
1359 686 1406 725 tu
1432 699 1498 725 ve-

160 744 236 785 lim
276 744 505 798 perspicias
546 744 735 798 mihique
777 743 970 784 declares.
1032 743 1125 798 Ego
1169 746 1327 798 tamen,
1372 757 1498 797 quam

161 803 232 843 diu
264 803 345 843 tibi
372 817 476 857 opus
509 803 600 856 erit,
633 803 667 843 si
699 802 801 857 quid
830 802 1008 856 periculi
1034 802 1299 842 subeundum
1324 802 1498 856 videbis,

161 862 311 902 vivam.
373 861 546 902 Diutius
578 861 621 901 in
652 861 731 902 hac
756 861 843 902 vita
869 876 956 902 esse
988 875 1073 901 non
1104 875 1287 914 possum.
1348 860 1498 914 Neque

161 921 272 961 enim
303 923 469 961 tantum
495 920 649 960 virium
680 920 808 960 habet
839 920 925 960 ulla
956 922 1028 960 aut
1059 919 1283 973 prudentia
1308 922 1379 959 aut
1406 919 1499 960 doc-

161 980 290 1033 trina,
323 982 370 1020 ut
400 981 567 1019 tantum
602 979 790 1019 dolorem
821 979 955 1032 possit
987 978 1203 1019 sustinere.
1247 977 1342 1019 Scio
1369 978 1497 1018 fuisse

161 1040 203 1078 et
233 1038 452 1079 honestius
483 1037 692 1078 moriendi
723 1040 889 1091 tempus
921 1040 962 1078 et
993 1037 1157 1091 utilius3
1199 1037 1271 1077 sed
1301 1051 1387 1077 non
1418 1036 1499 1077 hoc

162 1097 317 1150 solum,
360 1096 494 1137 multa
537 1096 619 1137 alia
661 1096 944 1150 praetermisi,
988 1110 1094 1150 quae
1135 1096 1170 1136 si
1212 1095 1330 1149 queri
1371 1095 1498 1136 velim

160 1155 398 1209 praeterita,
430 1155 538 1195 nihil
570 1170 711 1210 agam,
744 1155 824 1195 nisi
857 1158 903 1195 ut
936 1169 1111 1210 augeam
1145 1154 1334 1194 dolorem
1365 1156 1498 1208 tuum,

161 1214 342 1254 indicem
368 1214 593 1254 stultitiam
620 1228 766 1254 meam.
809 1212 922 1254 Illud
953 1214 1122 1267 quidem
1153 1227 1229 1253 nec
1260 1213 1499 1253 faciendum

109 1287 123 1310 ·.›
162 1275 224 1313 est
256 1286 332 1313 nec
362 1273 454 1313 fieri
485 1275 642 1326 potest,
674 1287 740 1313 me
774 1272 949 1326 diutius,
982 1287 1108 1326 quam
1140 1274 1213 1312 aut
1243 1274 1365 1312 tuum
1396 1274 1498 1312 tem-

160 1345 238 1385 pus
271 1334 342 1371 aut
374 1332 495 1371 firma
527 1345 620 1385 spes
656 1331 907 1385 postulabit,
944 1331 988 1370 in
1025 1333 1112 1371 tam
1143 1330 1297 1371 misera
1327 1333 1498 1384 tamque

161 1390 276 1443 turpi
308 1390 395 1430 vita
427 1390 696 1455 commorari,
735 1392 799 1444 ut,
832 1390 905 1443 qui
935 1389 1061 1430 modo
1094 1389 1224 1429 fratre
1255 1389 1419 1443 fuerim,
1450 1389 1499 1429 li-

161 1448 284 1501 bens,
311 1449 501 1504 coniuge,
527 1449 670 1503 copiis,
702 1463 854 1504 genere
880 1448 972 1502 ipso
998 1448 1199 1502 pecuniae
1218 1447 1499 1501 beatissimus,

162 1507 379 1562 dignitate,
406 1507 668 1561 auctoritate,
695 1507 1018 1561 existimatione,
1044 1506 1182 1562 gratia
1205 1520 1292 1547 non
1311 1506 1498 1560 inferior,

109 1578 122 1602 -2
163 1580 289 1619 quam
315 1566 387 1619 qui
419 1580 620 1619 umquam
651 1566 822 1606 fuerunt
854 1565 1116 1619 amplissimi,
1147 1565 1183 1605 is
1215 1579 1327 1605 nunc
1351 1565 1395 1605 in
1420 1565 1500 1605 hac

162 1626 249 1664 tam
281 1623 450 1664 adflicta
478 1624 726 1677 perditaque
757 1624 928 1664 fortuna
958 1638 1093 1677 neque
1124 1638 1191 1664 me
1216 1637 1352 1677 neque
1383 1637 1500 1664 meos

162 1682 307 1737 lugere
340 1681 498 1722 diutius
528 1682 697 1735 possim.

251 1739 388 1789 Quare
409 1740 511 1793 quid
529 1740 581 1780 ad
600 1754 667 1780 1116
687 1740 891 1794 scripsisti
912 1739 961 1780 de
981 1739 1321 1793 permutatione?
1348 1765 1354 1770 -
1371 1738 1499 1787 Quasi

163 1813 261 1839 vero
300 1813 411 1839 nunc
446 1813 513 1839 me
544 1812 630 1838 non
666 1801 763 1838 tuae
800 1798 1020 1838 facultates
1052 1798 1304 1851 sustineant,
1342 1812 1424 1850 qua
1455 1798 1499 1837 in

163 1872 206 1898 re
239 1857 330 1911 ipsa
361 1857 482 1898 video
514 1857 642 1897 miser
673 1859 714 1897 et
746 1857 880 1897 sentio
914 1856 1016 1910 quid
1047 1856 1213 1896 sceleris
1246 1856 1498 1910 admiserim,

164 1930 258 1956 cum
297 1916 346 1956 de
383 1915 615 1955 visceribus
652 1915 738 1955 tuis
775 1918 816 1955 et
855 1915 933 1955 filii
972 1914 1035 1955 tui
1073 1915 1174 1955 satis
1212 1915 1399 1954 facturus
1431 1914 1499 1969 sis,

164 1974 317 2028 quibus
350 1974 492 2027 debeS,
530 1987 608 2028 ego
647 1976 858 2027 acceptam
891 1988 941 2014 ex
973 1973 1133 2014 aerario
1171 1973 1393 2027 pecuniam
1424 1975 1499 2013 tuo

163 2033 332 2073 nomine
364 2033 521 2072 frustra
553 2032 801 2086 dissiparim.
865 2031 947 2072 Sed
976 2034 1118 2072 tamen
1150 2034 1191 2072 et
1215 2031 1270 2071 M.
1297 2030 1499 2085 Antonio,

164 2093 368 2145 quantum
400 2093 446 2130 tu
472 2090 707 2144 scripseras,
739 2094 776 2131 et
800 2089 1001 2143 Caepioni
1032 2090 1281 2130 tantundem
1313 2089 1500 2130 solutum

164 2152 244 2204 est,
280 2149 386 2190 mihi
419 2149 470 2189 ad
501 2149 555 2202 id,
587 2149 700 2202 quod
731 2149 890 2204 cogito,
926 2149 1024 2201 hoc,
1063 2148 1176 2202 quod
1206 2148 1359 2202 habeo,
1398 2148 1500 2188 satis

164 2210 236 2248 est.
288 2207 385 2249 Sive
417 2207 528 2248 enim
560 2207 824 2248 restituimur
850 2207 936 2247 sive
969 2207 1250 2260 desperamur,
1281 2206 1390 2246 nihil
1415 2221 1499 2247 am-

163 2267 273 2320 plius
300 2281 405 2320 opus
437 2268 509 2306 est.
572 2264 646 2318 Tu,
679 2265 713 2305 si
745 2266 853 2306 forte
881 2265 982 2318 quid
1008 2265 1087 2305 erit
1118 2264 1348 2319 molestiae,
1379 2267 1420 2305 te
1447 2265 1499 2305 ad

1212 2333 1280 2366 33*
