1659 2552
618 87 760 121 LIBER
785 87 834 121 IV
861 91 962 122 5—7.
1408 87 1433 127 9
1441 87 1462 127 1

122 183 216 224 foro
248 198 372 239 agere
403 182 581 237 libebat,
614 183 798 237 aspicere
830 183 990 224 curiam
1021 197 1106 224 non
1137 186 1346 237 poteram,
1379 182 1464 223 exi-

122 242 358 295 stimabam,
390 242 434 283 id
466 242 579 296 quod
610 245 711 296 erat,
744 242 879 283 omnis
910 256 978 282 me
1010 244 1051 283 et
1082 242 1315 283 industriae
1346 256 1462 282 meae

122 301 283 342 fructus
325 304 366 341 et
407 301 601 341 fortunae
642 301 883 355 perdidisse.
947 299 1048 354 Sed,
1093 314 1188 341 cum
1230 301 1462 356 cogitarem

120 359 224 400 haec
260 359 366 400 mihi
402 362 542 400 tecum
580 361 621 400 et
659 374 753 400 cum
791 359 1043 414 quibusdam
1081 374 1169 400 esse
1210 359 1461 413 communia,

86 429 103 455 5
123 420 164 459 et
196 432 290 459 cum
328 419 566 473 frangerem
604 418 688 458 iam
720 419 808 473 ipse
839 432 906 459 me
939 432 1217 474 cogeremque
1248 418 1322 458 illa
1352 418 1461 458 ferre

122 476 363 531 toleranter,
394 476 615 530 habebam,
648 491 730 530 quo
763 477 1050 532 confugerem,
1092 477 1166 517 ubi
1198 476 1462 530 conquiesce-

123 551 230 590 rem,
269 535 386 576 ouius
418 535 461 576 in
493 550 684 576 sermone
717 538 758 577 et
789 536 994 576 suavitate
1027 536 1163 576 omnis
1196 549 1315 576 curas
1349 535 1462 576 dolo-

123 609 272 648 resque
305 594 566 648 deponerem.
598 594 723 635 Nunc
754 597 895 635 autem
925 594 1007 635 hoc
1030 597 1119 634 tam
1143 594 1265 649 gravi
1289 594 1462 635 vulnere

124 653 251 694 etiam
283 653 373 707 illa,
407 667 512 707 quae
544 653 811 694 consanuisse
842 653 1114 707 videbantur,
1147 653 1462 707 recrudescunt,

71 725 104 749 10
124 726 209 753 non
247 711 376 765 enim,
417 714 464 752 ut
500 714 593 752 tum
623 726 690 752 me
723 726 746 752 a
776 726 821 752 re
857 712 1028 766 publica
1063 714 1272 752 maestum
1313 712 1461 752 domus

124 770 377 824 excipiebat,
417 784 521 823 quae
559 770 734 825 levaret,
775 770 835 811 sic
871 783 983 811 nunc
1021 771 1145 811 domo
1182 784 1372 811 maerens
1411 770 1463 811 ad

124 844 213 870 rem
243 829 457 883 publicam
489 829 715 885 confugere
746 843 930 883 possum,
966 832 1013 870 ut
1044 829 1087 870 in
1120 829 1208 869 eius
1239 829 1363 870 bonis
1395 829 1463 869 ad-

124 888 346 942 quiescam.
408 886 556 941 Itaque
589 890 630 928 et
669 888 793 928 domo
826 888 974 928 absum
1012 890 1053 928 et
1090 888 1201 941 foro,
1243 888 1357 941 quod
1386 902 1463 928 nec

125 961 220 987 eum
253 946 458 1000 dolorem,
497 961 622 1000 quem
655 946 703 987 de
736 961 779 987 re
811 947 982 1000 publica
1019 947 1156 1000 capio,
1198 946 1346 987 domus
1379 947 1463 987 iam

72 1017 106 1043 15
126 1005 333 1046 consolari
364 1007 504 1059 potest
534 1019 612 1046 nec
643 1005 920 1046 domesticum
951 1019 1016 1045 res
1047 1005 1228 1059 publica.

214 1063 306 1113 Quo
338 1064 473 1119 magis
504 1065 545 1104 te
577 1066 752 1117 expecto
789 1066 915 1117 teque
946 1064 1088 1104 videre
1120 1079 1246 1117 quam
1277 1064 1463 1117 primum
1489 1074 1508 1103 3

127 1122 270 1177 cupio,
302 1122 437 1163 maius
468 1122 575 1162 mihi
607 1122 810 1163 solacium
842 1123 1005 1163 adferre
1036 1123 1145 1163 ratio
1177 1122 1293 1163 nulla
1324 1125 1465 1176 potest

127 1195 253 1235 quam
268 1180 508 1222 coniunctio
524 1181 839 1222 consuetudinis
858 1196 1183 1235 sermonumque
1202 1183 1465 1235 nostrorum3

127 1254 382 1294 quamquam
395 1240 615 1294 sperabam
628 1242 749 1280 tuum
763 1240 990 1280 adventum
1004 1238 1084 1295 (sic
1097 1240 1209 1281 enim
1223 1238 1465 1296 audiebam)

73 1311 108 1336 20
128 1298 475 1352 adpropinquare.
538 1298 632 1353 Ego
670 1301 810 1339 autem
849 1313 943 1339 cum
980 1299 1126 1339 multis
1165 1299 1214 1339 de
1251 1299 1386 1339 causis
1423 1301 1465 1339 te

128 1359 282 1411 exopto
315 1372 440 1411 quam
470 1357 656 1411 primum
687 1357 840 1411 videre,
865 1360 957 1397 tum
989 1357 1117 1398 etiam
1148 1359 1195 1398 ut
1227 1359 1323 1398 ante
1355 1371 1465 1397 com-

127 1418 365 1456 mentemur
402 1415 513 1456 inter
548 1430 642 1469 nOS,
681 1430 763 1470 qua
799 1416 962 1456 ratione
999 1416 1123 1457 nobis
1159 1416 1465 1456 traducendum

129 1474 184 1514 sit
214 1474 295 1515 hoc
325 1477 509 1528 tempus,
550 1474 664 1528 quod
700 1477 763 1515 est
793 1477 932 1515 totum
964 1475 1017 1514 ad
1046 1474 1170 1515 unius
1202 1474 1465 1515 voluntatem

130 1533 530 1574 accommodandum
567 1535 608 1573 et
644 1533 863 1587 prudentis
901 1535 942 1574 et
978 1533 1166 1574 liberalis
1199 1535 1256 1587 et,
1297 1536 1344 1573 ut
1374 1548 1466 1587 per-

77 1602 112 1628 25
132 1591 315 1645 spexisse
354 1591 516 1645 videor,
556 1605 633 1632 nec
672 1606 696 1631 a
735 1606 802 1632 me
843 1591 969 1632 alieni
1012 1594 1053 1632 et
1090 1591 1172 1632 tibi
1209 1591 1465 1632 amicissimi.

132 1648 254 1697 Quod
293 1663 387 1690 cum
428 1650 487 1690 ita
527 1650 602 1704 sit,
641 1664 820 1705 magnae
859 1653 1000 1691 tamen
1038 1653 1100 1691 est
1139 1650 1466 1703 deliberationis,

133 1722 238 1761 quae
276 1707 384 1748 ratio
421 1708 476 1748 sit
514 1708 695 1749 ineunda
725 1709 848 1749 nobis
879 1723 964 1749 non
996 1709 1147 1764 agendi
1180 1709 1357 1764 aliquid,
1396 1709 1468 1749 sed

133 1766 247 1806 illius
279 1780 476 1807 concessu
508 1769 549 1807 et
579 1766 784 1807 beneficio
817 1767 1067 1821 quiescendi.
1128 1766 1246 1808 Vale.

752 1916 846 1958 VII.

78 2012 115 2037 30
379 1997 451 2032 Ser.
487 1997 622 2032 Romae
650 2001 733 2041 post
757 1998 814 2031 Id.
841 1997 936 2032 Sext.
971 2009 1004 2031 α.
1033 1999 1104 2031 708
1133 1999 1223 2040 (46).

432 2079 480 2113 M.
508 2078 676 2113 CICERO
704 2078 737 2112 S.
764 2078 806 2112 D.
833 2078 881 2112 M.
909 2077 1175 2112 MARCELLO.

221 2174 317 2215 Etsi
357 2189 405 2216 eo
443 2178 485 2215 te
526 2174 662 2214 adhuc
703 2173 878 2214 consilio
909 2170 1042 2213 ”usum
1080 2173 1303 2228 intellego,
1343 2175 1390 2213 ut
1427 2172 1471 2213 id
1498 2185 1512 2214 1

134 2233 437 2287 reprehendere
468 2247 553 2273 non
584 2232 771 2285 audeam,
802 2246 887 2272 non
919 2232 1021 2284 quin
1047 2231 1099 2272 ab
1127 2246 1174 2272 eo
1202 2232 1290 2285 ipse
1317 2231 1471 2272 dissen-

134 2292 250 2345 tiam,
282 2292 354 2332 sed
386 2292 499 2346 quod
531 2306 577 2332 ea
608 2293 650 2332 te
682 2290 870 2344 sapienta
902 2304 990 2330 esse
1022 2290 1219 2344 iudicem,
1252 2292 1298 2330 ut
1329 2304 1471 2331 meum
