1659 2552
147 1160 166 1188 ι’·

151 2329 170 2359 6

191 114 247 154 60
691 114 1030 149 EPISTULARUM

190 209 284 250 dem
315 223 482 264 possem
515 209 693 265 triginta
726 210 890 263 dicbus,
930 210 1001 263 qui
1042 209 1122 250 tibi
1160 210 1214 250 ad
1249 210 1529 252 decedendum

189 268 300 324 lege,
343 270 391 309 ut
430 268 597 323 opinor,
643 267 838 309 Cornelia
875 268 1096 309 constituti
1135 271 1289 323 essent,
1329 272 1377 310 ut
1406 272 1528 311 tuum

190 327 360 381 factum,
387 327 471 381 qui,
498 341 581 380 quo
602 327 742 367 animo
762 327 873 368 inter
898 341 975 367 nos
1001 327 1143 380 simus,
1169 327 1377 383 ignorent,
1403 328 1528 369 alieni

190 385 392 440 hominis,
431 389 478 426 ut
508 385 719 426 levissime
752 386 905 439 dicam,
938 388 979 426 et
1010 386 1214 441 fugientis
1246 400 1528 442 congressum,

189 458 330 485 meum
362 458 461 485 vero
494 444 827 485 coniunctissimi
859 446 900 484 et
931 444 1175 485 amicissimi
1207 458 1295 486 esse
1326 445 1528 486 videatur.

191 502 254 543 Ac
290 502 394 543 mihi
434 506 592 556 tamen,
635 505 731 543 ante
764 517 890 556 quam
922 502 966 543 in
997 503 1260 557 provinciam
1290 503 1403 558 veni,
1440 504 1531 545 red—

192 561 303 602 ditae
335 564 432 602 sunt
472 576 495 601 a
526 563 567 602 te
599 561 782 615 litterae,
821 561 975 615 quibus
1014 561 1092 602 etsi
1124 564 1166 602 te
1197 561 1374 603 Tarsum
1405 563 1531 617 profi-

191 620 289 660 cisci
322 619 650 673 demonstrabas,
682 623 823 660 tamen
853 620 960 660 mihi
991 634 1077 661 non
1109 620 1280 661 dubiam
1306 635 1422 675 spem
1447 621 1531 662 mei

192 678 467 719 conveniendi
512 678 749 732 adferebas,
794 692 889 719 cum
932 679 1112 733 interea,
1157 680 1280 720 credo
1324 679 1530 734 equidem,

191 737 388 778 malevoli
426 737 619 778 homines
658 736 761 792 (late
800 737 913 778 enim
951 740 1069 792 patet
1099 737 1181 778 hoc
1210 738 1363 779 vitium
1395 741 1437 779 et
1468 741 1532 779 est

192 796 236 836 in
267 794 450 851 multis),
483 796 556 837 sed
586 798 728 836 tamen
758 795 1024 850 probabilem
1054 796 1274 837 materiem
1305 797 1418 838 nacti
1449 811 1532 838 ser-

191 855 330 895 monis
368 855 506 909 ignari
545 869 661 895 meae
700 855 959 896 constantiae
997 855 1258 896 conabantur
1295 855 1476 897 alienare
1507 870 1532 897 a.

192 916 234 954 te
266 913 529 954 voluntatem
567 927 721 968 meam3
760 913 833 967 qui
870 916 912 955 te
949 914 1090 955 forum
1120 913 1240 955 Tarsi
1272 929 1414 970 ageie,
1451 917 1531 955 sta-

191 975 309 1013 tuere
346 972 496 1025 multa,
536 948 772 1026 decernere
811 972 995 1013 iudicare
1028 973 1230 1027 dicerent,
1262 987 1356 1014 cum
1387 987 1532 1027 posses

192 1031 276 1071 iam
308 1030 511 1085 suspicari
542 1030 623 1071 tibi
655 1045 742 1072 esse
774 1045 1022 1085 successum,
1054 1046 1159 1086 quae
1190 1046 1242 1072 ne
1274 1032 1326 1072 ab
1358 1031 1410 1072 iis
1442 1032 1531 1086 qui-

194 1090 287 1130 dem
318 1090 410 1130 fieri
442 1089 642 1143 solelent,
675 1090 748 1144 qui
779 1089 898 1131 brevi
928 1092 1118 1144 tempore
1150 1090 1231 1131 sibi
1263 1090 1426 1131 succedi
1457 1105 1532 1145 pu-

193 1151 342 1189 tar.ent
392 1147 559 1189 Horum
585 1162 664 1204 ego
690 1163 882 1189 sermone
907 1162 992 1189 non
1019 1148 1232 1203 movebar,
1264 1149 1367 1203 quin
1392 1148 1532 1203 etiam,

194 1207 336 1247 credas
367 1207 426 1247 mi
458 1183 633 1261 velim?
644 1207 679 1247 si
717 1207 819 1260 quid
855 1210 903 1248 tu
941 1222 1106 1263 ageres,
1146 1207 1277 1248 levari
1315 1222 1382 1248 me
1412 1209 1532 1262 puta-

193 1265 291 1306 bam
322 1265 517 1305 molestia
548 1268 590 1305 et
620 1279 671 1306 ex
703 1280 841 1306 annua
870 1266 1099 1319 provincia,
1131 1280 1237 1320 quae
1267 1266 1372 1307 mihi
1404 1266 1533 1322 longa

193 1324 423 1377 videretur,
466 1338 598 1377 prope
642 1324 726 1364 iam
769 1324 963 1365 undecim
1005 1338 1226 1365 mensuum
1269 1325 1530 1378 provinciam

194 1383 348 1422 factam
380 1396 467 1422 esse
505 1382 758 1437 gaudebam,
799 1382 833 1422 si
871 1383 1034 1436 apsenti
1071 1382 1177 1423 mihi
1214 1384 1339 1423 unius
1375 1383 1532 1424 mensis

192 1440 314 1481 labor
346 1440 557 1480 detractus
589 1443 713 1494 esset3
745 1440 862 1494 illud,
893 1455 990 1481 vere
1022 1441 1174 1495 dicam,
1205 1455 1272 1482 me
1303 1444 1456 1495 movet,
1488 1442 1532 1483 in

193 1501 311 1540 tanta
342 1499 528 1539 militum
558 1499 770 1552 paucitate
801 1498 944 1540 abesse
976 1499 1054 1539 tris
1086 1499 1283 1553 cohortis,
1316 1514 1421 1554 quae
1447 1500 1532 1540 sint

192 1557 472 1612 plenissimae,
502 1571 579 1598 nec
604 1571 670 1597 me
697 1557 812 1610 scire,
838 1557 911 1598 ubi
938 1558 1038 1612 sint3
1056 1558 1366 1599 ,molestissime
1391 1561 1532 1600 autem

194 1618 305 1667 fero,
338 1616 468 1670 quod,
508 1618 550 1656 te
589 1615 662 1656 ubi
699 1616 866 1656 visurus
904 1616 1000 1670 sim,
1037 1617 1196 1671 nescio3
1234 1631 1366 1671 eoque
1404 1617 1457 1658 ad
1487 1619 1529 1658 te

193 1675 356 1715 tardius
381 1674 541 1728 scripsi,
573 1673 686 1728 quod
711 1675 864 1715 cotidie
890 1677 931 1715 te
956 1675 1095 1729 ipsum
1121 1676 1405 1730 expectabam,
1437 1689 1532 1717 cum

194 1734 355 1774 interea
386 1747 437 1773 ne
468 1733 631 1774 litteras
663 1733 832 1786 quidem
865 1733 971 1774 ullas
1003 1734 1154 1788 accepi,
1187 1749 1291 1788 quae
1322 1748 1389 1775 me
1416 1734 1533 1776 doce-

195 1795 305 1845 rent,
344 1791 446 1846 quid
484 1806 644 1847 agereS,
683 1794 755 1832 aut
792 1791 865 1832 ubi
903 1795 945 1832 te
975 1792 1143 1832 visurus
1181 1807 1323 1834 essem.
1384 1791 1532 1847 Itaque

195 1851 333 1891 virum
366 1851 519 1891 sortem
550 1850 740 1903 mihique
778 1850 823 1890 in
852 1851 1001 1904 primis
1032 1851 1278 1905 probatum,
1318 1850 1368 1892 D.
1400 1850 1532 1892 Anto-

195 1910 330 1963 nium,
361 1909 620 1963 praefectum
652 1912 933 1963 evocatorum,
964 1909 1061 1950 misi
1092 1909 1145 1950 ad
1174 1912 1236 1964 te,
1269 1909 1353 1963 cui,
1384 1909 1419 1950 si
1450 1909 1530 1950 tibi

195 1968 420 2022 videretur,
453 1967 638 2008 cohortis
664 1967 860 2021 traderes,
892 1971 950 2022 ut,
984 1968 1084 2009 dum
1109 1971 1275 2022 tempus
1299 1967 1398 2008 anni
1424 1970 1532 2008 esset

196 2027 413 2080 idoneum,
452 2026 611 2080 aliquid
648 2027 810 2081 negotii
847 2040 991 2082 gerere
1028 2041 1211 2081 possem3
1249 2026 1292 2066 in
1324 2039 1425 2079 quo,
1457 2028 1531 2067 tuo

197 2086 372 2126 consilio
399 2088 446 2126 ut
470 2100 537 2126 me
563 2099 773 2139 sperarem
793 2099 881 2126 esse
901 2099 1087 2139 usurum,
1112 2087 1154 2126 et
1179 2084 1363 2125 amicitia
1387 2086 1533 2125 nostra

197 2147 237 2184 et
275 2144 441 2185 litterae
481 2147 577 2184 tuae
615 2144 816 2197 fecerant,
857 2143 970 2197 quod
1006 2158 1058 2184 ne
1100 2140 1211 2183 n'unc
1255 2142 1424 2196 quidem
1466 2142 1532 2184 de-

197 2216 329 2255 spero.
381 2201 462 2243 Sed
488 2203 622 2256 plane,
654 2202 821 2256 quando
847 2205 920 2242 aut
951 2201 1024 2242 ubi
1056 2204 1097 2241 te
1129 2201 1294 2241 visurus
1327 2201 1417 2255 sim,
1449 2201 1531 2242 nisi

197 2260 249 2300 ad
279 2275 346 2300 me
379 2261 605 2314 scripseris,
636 2275 688 2301 ne
720 2260 922 2314 suspicari
954 2259 1123 2313 quidem
1154 2273 1337 2313 possum.

285 2317 391 2373 Ego,
423 2322 469 2359 ut
489 2334 555 2360 me
575 2319 654 2359 tibi
675 2318 974 2359 amicissimum
995 2331 1082 2358 esse
1109 2320 1150 2357 et
1176 2318 1298 2371 aequi
1330 2320 1371 2358 et
1397 2317 1533 2372 iniqui

1550 751 1584 776 10

1551 1042 1584 1069 15

1551 1337 1584 1362 20

1550 1629 1583 1655 25

1551 1921 1585 1947 30

1551 2212 1585 2238 35

1650 2272 1655 2286 -
1647 1959 1655 2259 -ῳ-ψ-...ῳᾼ
