1659 2552
354 80 415 114 AD
445 80 602 122 QUINT.
629 79 799 115 FRATR.
826 79 968 113 LIBER
992 79 1025 113 II
1051 83 1088 122 4,
1117 84 1147 115 5.
1340 79 1421 120 527

84 175 219 216 multa
250 175 573 230 reprehendunt.
629 175 900 216 Marcellinus
926 178 1066 216 autem
1097 175 1178 216 hoc
1210 189 1293 216 uno
1319 175 1425 216 mihi

85 234 254 288 quidem
287 249 372 275 non
399 235 499 275 satis
525 235 638 289 facit,
671 235 783 288 quod
804 249 898 275 eum
930 234 1057 274 nimis
1077 249 1221 288 aspere
1254 237 1425 289 tractat3

85 308 340 347 quamquam
380 293 424 334 id
465 296 611 334 senatu
653 308 738 334 non
779 293 913 334 invito
954 293 1072 347 facit,
1114 307 1197 347 quo
1239 308 1317 348 ego
1358 307 1425 334 me

83 352 300 393 lubentius
338 367 361 392 a
393 353 508 393 curia
540 355 580 393 et
613 352 664 393 ab
703 352 818 393 omni
854 354 974 406 parte
1005 352 1066 393 rei
1103 351 1297 405 publicae
1330 352 1425 392 sub-

49 421 65 446 5
84 411 218 451 traho.

172 468 222 510 In
254 469 420 510 iudiciis
453 469 482 509 ii
515 484 671 523 sumus,
703 469 775 523 qui
807 469 982 524 fuimus,
1015 469 1163 510 domus
1189 468 1425 509 celebratur
1451 481 1471 512 6

84 528 145 568 ita
175 531 222 569 ut
255 542 349 568 cum
380 528 572 568 maxime.
634 527 778 569 Unum
811 528 962 569 accidit
994 528 1278 582 imprudentia
1304 527 1426 568 Milo—

85 587 150 627 nis
182 587 446 627 incommode
473 587 521 627 de
549 586 678 627 Sexto
706 586 867 641 Clodio,
900 601 1025 640 quem
1050 601 1185 640 neque
1216 587 1298 627 hoc
1323 589 1425 627 tem-

85 660 186 700 pore
227 660 362 700 neque
404 645 455 686 ab
498 646 722 686 imbecillis
763 645 1077 686 accusatoribus
1116 645 1222 686 mihi
1265 645 1426 699 placuit

34 717 66 741 10
85 705 280 745 accusari.
343 704 395 744 Ei
428 707 513 745 tres
545 704 775 745 sententiae
810 705 1036 745 deterrimo
1074 704 1118 744 in
1150 704 1326 745 consilio
1360 705 1426 745 de-

84 763 266 804 fuerunt.
328 762 477 817 Itaque
514 763 731 804 hominem
770 763 952 817 populus
991 766 1175 817 revocat,
1218 766 1259 803 et
1296 765 1427 804 retra-

84 821 212 862 hatur
242 836 409 863 necesse
441 825 520 876 est3
562 836 646 862 non
679 822 790 863 enim
822 823 963 862 ferunt
995 822 1188 862 homines
1219 825 1277 875 et,
1316 822 1427 876 quia,

86 895 181 922 cum
225 881 336 935 apud
373 895 470 921 suos
509 881 684 935 diceret,
727 896 858 935 paene
897 881 1118 921 damnatus
1156 883 1238 935 est,
1282 880 1427 921 vident

87 940 341 980 damnatum.
404 939 467 980 Ea
504 940 595 994 ipsa
626 940 670 980 in
707 955 751 980 re
782 939 959 994 Pompei
992 940 1167 980 offensio
1199 939 1322 980 nobis
1355 939 1426 980 ob-

34 1010 66 1035 15
86 999 206 1039 stitit.
258 997 510 1039 Senatorum
536 999 648 1039 enim
674 1013 779 1039 urna
810 999 978 1052 copiose
1009 998 1203 1052 absolvit,
1235 998 1426 1052 equitum

86 1057 347 1112 adaequavit,
379 1057 541 1098 tribuni
574 1058 724 1098 aerarii
756 1057 1098 1098 condemnarunt.
1142 1056 1224 1098 Sed
1254 1057 1335 1097 hoc
1366 1057 1427 1097 in-

86 1116 355 1157 commodum
387 1116 659 1156 consolantur
691 1116 925 1157 cotidianae
964 1116 1253 1156 damnationes
1288 1115 1426 1156 inimi-

87 1189 250 1229 corum,
293 1175 337 1215 in
383 1175 536 1229 quibus
579 1190 645 1216 me
689 1175 938 1229 perlubente
977 1173 1125 1215 Sevius
1157 1175 1313 1215 adlisus
1352 1177 1426 1228 est,

87 1234 214 1274 ceteri
255 1233 544 1274 conciduntur.
608 1234 650 1275 C.
690 1233 794 1274 Cato
837 1233 1104 1274 contionatus
1149 1236 1211 1274 est
1255 1233 1427 1274 comitia

33 1304 67 1328 20
85 1292 233 1332 haberi
273 1306 358 1332 non
396 1292 598 1346 siturum,
640 1292 674 1333 si
712 1292 794 1333 sibi
833 1306 927 1333 cum
963 1292 1122 1346 populo
1155 1292 1243 1332 dies
1275 1292 1426 1347 agendi

87 1353 224 1391 essent
250 1351 445 1405 exempti.
507 1350 672 1405 Appius
698 1366 721 1391 a
749 1350 923 1392 Caesare
955 1351 1142 1391 nondum
1174 1350 1366 1391 redierat.

174 1409 285 1450 Tuas
310 1410 487 1450 mirifice
513 1410 676 1450 litteras
696 1413 910 1465 exspecto3
936 1412 1062 1464 atque
1083 1409 1218 1450 adhuc
1239 1409 1426 1450 clausum
1453 1421 1472 1451 7

85 1482 201 1509 mare
244 1468 373 1509 fuisse
417 1469 520 1523 scio,
565 1469 637 1509 sed
681 1468 884 1522 quosdam
922 1469 1084 1509 venisse
1122 1471 1264 1509 tamen
1302 1467 1426 1509 Olbia

88 1526 302 1581 dicebant,
343 1527 416 1581 qui
456 1530 497 1568 te
535 1527 656 1568 unice
696 1527 917 1568 laudarent
953 1527 1210 1581 plurimique
1249 1527 1293 1567 in
1332 1541 1427 1580 pro-

35 1595 68 1620 ·25
86 1585 225 1625 vincia
255 1585 347 1625 fieri
380 1586 576 1626 dicerent.
637 1585 821 1626 Eosdem
854 1586 1022 1626 aiebant
1053 1586 1248 1626 nuntiare
1277 1588 1318 1626 te
1343 1585 1427 1639 pri-

86 1658 156 1684 ma
194 1644 465 1699 navigatione
505 1645 862 1684 transmissurum.
923 1643 973 1684 Id
1013 1644 1136 1698 cupio
1179 1647 1239 1698 et,
1285 1658 1428 1697 quam-

88 1716 214 1756 quam
252 1678 320 1742 teO
331 1702 470 1755 ipsum
502 1702 660 1742 scilicet
691 1702 891 1756 maxime,
932 1705 1074 1742 tamen
1106 1702 1233 1742 etiam
1264 1702 1428 1768 litteras

88 1763 182 1801 tuas
214 1763 309 1800 ante
343 1763 549 1814 exspecto.
611 1760 673 1800 Mi
704 1760 851 1814 frater,
883 1760 985 1801 vale.

732 1911 783 1953 V.

36 2006 69 2030 30
189 1992 262 2028 Ser.
292 1994 330 2027 in
356 1992 554 2037 Anagnino
580 2004 612 2026 a.
640 1993 672 2026 cl.
707 1993 764 2027 VI
782 1992 874 2026 Idus
899 1991 1045 2036 Apriles
1070 2003 1103 2026 a.
1132 1994 1205 2026 698
1236 1994 1325 2035 (56).

323 2073 515 2108 MARCUS
543 2072 722 2115 QUINTO
754 2073 932 2108 FRATRI
958 2073 1191 2108 SALUTEM.

175 2168 384 2209 Dederam
417 2169 469 2209 ad
499 2171 540 2209 te
571 2168 735 2209 litteras
761 2172 894 2223 antea,
927 2169 1081 2223 quibus
1108 2170 1196 2209 erat
1223 2167 1427 2221 scriptum
1455 2179 1472 2209 1

88 2226 272 2268 Tulliam
290 2230 479 2268 nostram
501 2226 739 2281 Crassipedi
764 2243 824 2281 pr.
847 2229 954 2269 Non.
975 2227 1110 2280 April.
1137 2240 1225 2267 esse
1253 2226 1427 2280 despon-

89 2299 188 2340 sam,
221 2288 439 2340 ceteraque
467 2285 515 2326 de
542 2300 585 2326 re
610 2285 781 2339 publica
811 2286 1059 2339 privataque
1091 2285 1428 2339 perscripseram.
