1659 2552
132 1969 151 1999 10

180 101 267 141 462
700 97 1040 132 EPISTULARUM

176 195 302 250 levat,
333 195 477 236 futura
509 195 650 235 animo
690 193 931 248 prospicere
969 206 1133 247 posses,
1171 205 1268 247 ego,
1307 190 1380 246 qui
1412 190 1526 231 festi-

177 255 287 308 navi,
319 257 367 295 ut
400 252 514 294 Caes
508 268 621 294 11601
654 253 697 293 111
730 251 854 293 Italia
885 251 1072 292 viderem
1105 226 1220 307 (SicD
1210 250 1323 291 enim
1350 249 1526 290 arbitra-

178 289 348 369 11101111)
387 327 566 366 eumque
605 311 752 352 multis
792 309 1103 352 honestissimis
1134 309 1236 350 vlris
1269 307 1527 349 conservatis

179 372 424 413 redeuntem
451 372 503 411 ad
528 385 674 425 pacem
706 369 989 423 currentem’,
1020 372 1068 409 ut
1094 368 1229 422 aiunt,
1262 367 1526 420 incitarem',

178 431 230 471 ab
264 431 337 471 illo
370 430 617 485 lonoissime
645 432 686 470 et
712 429 862 469 absum
889 431 930 469 et
962 428 1060 468 afui
1123 426 1282 467 Versoi
1313 429 1455 467 autem
1481 425 1524 466 in

176 490 339 545 gemitu
371 488 518 529 Italiae
552 490 593 529 et
624 488 669 528 in
700 488 818 529 urbis
851 486 1100 528 miserrimis
1133 485 1332 539 querelis·
1371 484 1525 539 quibus

177 549 340 602 aliquid
380 549 471 601 opiS
511 548 690 588 fortasse
729 561 807 602 ego
846 561 923 600 pro
964 560 1074 599 mea,
1115 547 1163 585 tu
1200 558 1278 598 pro
1316 546 1406 598 tua,
1446 557 1525 598 pro

177 622 252 648 sua
290 607 467 661 quisque
505 608 625 660 parte
657 606 766 646 ferre
798 605 1023 659 potuisset,
1065 603 1101 644 si
1132 606 1280 644 auctor
1311 602 1524 643 adfuisset.

178 665 316 715 Quare
353 666 481 706 velim
518 679 596 719 pro
637 667 709 705 tua
746 666 950 718 perpetua
988 677 1088 719 erga
1125 676 1191 703 me
1230 661 1526 702 benevolentia

178 725 337 765 scribas
370 724 422 764 ad
452 738 531 777 me,
564 724 667 777 quid
698 722 858 777 videas,
891 721 993 777 quid
1025 721 1192 803 36015133,
1225 720 1328 774 quid
1359 733 1526 774 exspec-

177 784 370 837 tandum,
404 782 506 837 quid
537 782 748 838 agendum
779 781 903 823 nobis
936 780 1162 822 existimes.
1224 778 1371 835 Maoni
1403 781 1527 820 erunt

178 842 283 882 mihi
329 844 425 882 tuae
467 841 656 896 litter-ae
701 843 828 895 atque
871 840 1035 881 utinam
1079 838 1229 893 primis
1274 838 1379 892 illis,
1423 851 1526 891 quas

177 901 354 941 Luceria
390 900 583 954 miseras,
624 900 878 954 paruissem!
929 899 1018 939 31116
1056 898 1143 939 ulla
1182 897 1294 938 enim
1332 896 1527 938 molestia

179 960 432 1016 dio-nitatem
464 974 602 1000 meam
635 959 916 1000 retinuissem.

794 1073 908 1116 XVI.

393 1158 468 1193 Ser.
495 1157 632 1191 Romae
658 1160 741 1191 ante
770 1156 859 1190 med.
885 1167 930 1190 m.
957 1155 1040 1190 Ιαη.
1067 1167 1099 1189 (ι.
1129 1157 1201 1189 709
1228 1155 1314 1198 (45).

528 1226 576 1261 M.
605 1225 774 1260 CICERO
804 1225 837 1260 S.
865 1225 907 1260 D.
936 1224 972 1260 C.
1001 1224 1173 1259 CASSIO.

266 1313 376 1353 Puto
408 1315 450 1352 te
482 1311 567 1352 iam
599 1309 849 1364 suppudere,
881 1323 1006 1363 quem
1038 1308 1142 1348 haec
1172 1308 1298 1349 tertia
1330 1308 1414 1348 iam
1441 1307 1527 1361 epi-

178 1372 289 1412 stula
333 1374 429 1412 ante
471 1370 699 1423 oppressit,
744 1383 871 1422 quam
915 1371 962 1407 tu
1006 1367 1165 1407 scidam
1209 1369 1281 1406 aut
1324 1366 1523 1406 litteram.

179 1430 262 1471 Sed
298 1444 384 1470 non
422 1442 572 1483 urgeo,
609 1428 824 1482 longiores
863 1426 976 1466 enim
1014 1425 1245 1490 expectabo
1278 1425 1344 1465 vel
1381 1424 1539 1479 potius?

178 1489 357 1543 exigam.
419 1487 532 1542 Ego,
565 1486 600 1526 Si
631 1499 796 1539 semper
820 1484 1033 1537 haberem,
1066 1484 1133 1524 cui
1160 1483 1319 1537 darem,
1352 1483 1419 1524 vel
1444 1486 1526 1524 ter-

177 1562 251 1588 nas
290 1547 333 1587 in
364 1546 470 1586 hora
503 1521 662 1599 darem,
701 1546 749 1584 fit
782 1543 893 1584 enim
925 1543 1066 1583 1163610
1100 1542 1189 1596 qui,
1228 1545 1275 1583 ut
1308 1542 1429 1596 quasi
1461 1556 1526 1583 co-

178 1621 268 1646 iam
306 1605 449 1645 adesse
481 1604 669 1657 videare,
710 1617 806 1643 cum
838 1601 976 1642 Scribo
1009 1601 1172 1655 aliquid
1203 1600 1255 1641 ad
1287 1603 1349 1654 te,
1390 1615 1525 1666 neque

179 1665 263 1705 id
268 1662 356 1705 κατ’
392 1663 588 1704 εἰδώλων
614 1661 877 1715 φαντασίας’
881 1693 892 1712 ,
924 1662 971 1701 ut
998 1659 1143 1700 dicunt
1169 1660 1232 1700 tui
1259 1659 1385 1700 amici
1415 1659 1527 1713 novi,

178 1723 251 1777 qui
283 1725 435 1777 putant
462 1722 590 1762 etiam
622 1721 916 1773 ςδιανοητικὰς·
948 1721 1191 1772 φαντασίας
1195 1717 1418 1772 ’spectris
1452 1716 1526 1758 Ca-

178 1781 306 1822 tianis
332 1780 525 1835 excitari,
556 1794 666 1833 nam,
698 1793 750 1819 ne
775 1782 817 1819 te
843 1778 997 1832 fugiat,
1031 1776 1179 1818 Catius
1205 1775 1394 1830 Insuber,
1424 1775 1528 1830 Epi-

179 1841 337 1893 curius,
385 1839 458 1893 qui
496 1814 631 1892 liupei
668 1840 731 1878 est
768 1840 979 1889 mortuus,
1025 1851 1132 1890 quae
1171 1835 1242 1876 ille
1283 1834 1528 1890 Gargettius

179 1902 220 1940 et
262 1899 345 1939 iam
386 1900 483 1938 ante
523 1896 794 1937 Democritus
835 1896 1013 1945 εἰδωλα,
1054 1895 1124 1935 1116
1156 1893 1362 1948 Spectr’a
1394 1893 1528 1934 nomi-

178 1960 262 1998 nat
336 1956 416 1997 His
467 1958 609 1996 autem
659 1954 835 2020 spectris
886 1953 1051 1994 etiamsi
1097 1953 1207 1993 oculi
1255 1954 1428 2007 possent
1471 1952 1527 1993 fe-

180 2016 273 2070 1111,
314 2016 344 2069 †
383 2015 497 2069 quod
533 2013 638 2055 velis
683 2014 774 2067 ipsa
811 2014 1008 2066 currunt,
1056 2012 1222 2052 animus
1265 2011 1338 2065 qui
1380 2010 1527 2064 possit,

180 2089 260 2129 ego
292 2088 379 2114 non
410 2073 544 2114 video.
607 2072 769 2112 Doceas
806 2074 853 2111 tu
891 2085 958 2111 me
992 2070 1224 2124 oportebit,
1263 2084 1356 2110 cum
1389 2068 1528 2109 salvus

182 2132 358 2186 veneris,
391 2132 435 2172 in
466 2145 613 2172 meane
644 2132 854 2184 potestate
886 2129 942 2170 sit
974 2132 1186 2183 spectrum
1217 2131 1350 2177 tuum,
1387 2130 1445 2181 ut,
1477 2127 1530 2168 si-

182 2192 271 2232 mul
298 2205 345 2232 ac
370 2190 477 2231 mihi
504 2189 757 2230 conlibitum
789 2188 845 2228 sit
870 2188 919 2228 de
952 2190 993 2228 te
1019 2188 1219 2243 cogitare,
1250 2161 1357 2227 illud
1389 2200 1530 2226 occur-

1545 734 1579 758 10

1548 1086 1581 1111 15

1546 1438 1579 1463 :20

1546 1730 1579 1754 25

1547 2022 1581 2047 30

183 2254 265 2299 rat
306 2264 442 2303 neque
474 2249 612 2289 solum
646 2248 694 2288 de
727 2250 786 2300 te,
825 2246 898 2300 qui
928 2246 1035 2287 mihi
1066 2246 1213 2287 haeres
1245 2245 1289 2285 in
1320 2244 1529 2309 medullis,
1577 2278 1579 2280 .

183 2308 275 2361 Sed,
326 2308 361 2348 si
411 2307 592 2348 insulam
643 2281 908 2347 Britanniam
960 2318 1136 2359 coepero
1183 2303 1390 2359 cogitare,
1441 2303 1529 2344 eius

1549 2314 1582 2340 35
