1659 2552
62 740 94 763 10

67 1324 100 1348 20

73 1907 107 1932 30

76 2197 109 2223 35

619 102 761 137 LIBER
786 103 852 137 XII
879 107 932 138 14.
1355 104 1441 144 345

107 199 335 252 potestate3
367 197 508 250 itaque
540 197 683 238 eadem
715 197 912 251 superbia
942 197 986 238 in
1012 198 1219 251 pravitate
1251 202 1446 253 utuntur3

111 270 291 310 quorum
329 255 646 309 improbitatem
689 256 914 309 aliquando
954 257 1120 297 retundi
1159 260 1200 297 et
1237 272 1319 297 11011
1357 258 1445 310 pati

111 315 362 369 impunitate
400 314 545 369 augeri
587 328 673 354 non
715 314 852 355 solum
896 315 1041 356 utilest
1086 315 1146 356 rei
1190 330 1227 369 p.
1267 319 1446 369 nostrae,

111 374 184 415 sed
215 373 342 414 etiam
373 372 663 413 necessarium.

198 430 263 472 De
294 434 438 472 nostra
469 431 675 486 dignitate
700 431 826 471 velim
858 431 939 471 tibi
970 434 1017 472 ut
1048 445 1212 485 semper
1244 446 1365 471 curae
1392 431 1446 471 sit

113 493 164 545 et,
197 504 462 544 quocumque
493 492 682 544 tempore
714 489 973 530 occasionem
1004 489 1214 544 habueris,
1247 494 1287 530 et
1320 490 1361 529 in
1389 504 1447 530 se-

111 552 214 590 natu
239 551 281 589 et
307 549 455 589 ceteris
481 548 606 588 rebus
629 548 743 588 laudi
769 551 936 588 nostrae
957 548 1195 602 suffragere.
1240 548 1447 596 Quoniam

113 607 355 648 consulibus
388 607 553 647 decreta
584 609 646 647 est
676 606 796 660 Asia,
833 609 874 647 et
905 602 1156 659 permissum
1188 610 1251 647 est
1283 607 1350 660 iis,
1389 609 1449 660 ut,

114 667 214 707 dum
245 666 326 720 ipsi
357 665 564 717 venirent,
604 665 750 705 darent
781 665 1018 719 negotium,
1059 665 1131 718 qui
1162 664 1309 705 Asiam
1342 665 1448 718 opti-

114 727 252 778 neant,
284 738 388 779 rogo
420 727 472 777 te,
504 726 621 777 petas
653 723 705 763 ab
738 723 800 776 iis,
832 726 879 763 ut
904 723 1011 763 hanc
1037 723 1288 777 dignitatem
1320 723 1448 777 potis-

114 784 269 824 simum
294 782 417 823 nobis
442 782 632 822 tribuant
658 784 699 822 et
724 782 830 822 mihi
857 782 954 841 dent
974 782 1204 837 negotium,
1236 784 1283 822 ut
1302 782 1449 822 Asiam

115 842 347 896 optineam,
386 841 485 881 dum
522 840 710 894 ipsorum
748 840 854 880 alter
884 843 979 880 uter
1010 840 1142 895 venit3
1180 855 1294 893 nam,
1337 839 1450 893 quod

114 901 195 941 hoc
225 902 453 954 properent
484 898 527 938 in
558 899 809 953 magistratu
834 898 976 939 venire
1002 901 1074 939 aut
1099 899 1329 939 exercitum
1355 898 1451 938 mit—

115 962 224 1013 tere,
269 972 435 999 causam
475 971 560 997 non
600 957 768 997 habent.
830 956 1050 997 Dolabella
1091 957 1202 997 enim
1244 957 1286 996 in
1328 956 1451 1009 Syria

82 1031 97 1055 ··›
117 1020 197 1071 est,
235 1019 292 1071 et,
324 1019 371 1057 ut
401 1019 449 1056 tu
481 1015 623 1056 divina
653 1018 725 1055 tua
762 1018 901 1055 mente
932 1016 1185 1069 prospexisti
1219 1018 1259 1055 et
1290 1014 1450 1068 praedi-

118 1076 233 1129 casti,
260 1075 359 1116 dum
385 1074 456 1114 isti
475 1074 660 1127 veniunt,
688 1074 855 1114 Cassius
881 1088 975 1114 eum
1003 1074 1228 1127 opprimet3
1261 1073 1453 1113 exclusus

118 1135 230 1176 enim
271 1134 322 1174 ab
355 1132 584 1174 Antiochia
614 1132 836 1172 Dolabella
874 1134 914 1172 et
955 1132 998 1172 in
1031 1131 1312 1187 oppugnando
1344 1131 1454 1171 male

118 1195 312 1247 acceptus
343 1191 460 1232 nulla
491 1191 573 1231 alia
605 1192 785 1231 confisus
817 1190 920 1231 urbe
951 1189 1221 1243 Laodiceam,
1254 1204 1359 1243 quae
1391 1192 1454 1230 est

119 1252 163 1292 in
189 1250 323 1305 Syria,
349 1250 402 1290 ad
425 1264 539 1290 mare
571 1263 614 1289 se
640 1249 830 1289 contulit.
891 1248 957 1289 Ibi
989 1263 1110 1302 spero
1137 1249 1328 1289 celeriter
1358 1262 1454 1288 eum

119 1324 275 1365 poenas
308 1309 521 1362 daturum,
558 1322 655 1347 nam
685 1322 837 1361 neque,
876 1321 958 1361 quo
991 1307 1190 1361 refugiat,
1228 1306 1355 1346 habet
1386 1320 1455 1346 ne-

120 1383 201 1423 que
233 1368 391 1408 diutius
428 1366 490 1407 ibi
525 1365 683 1419 poterit
719 1368 885 1406 tantum
923 1365 1154 1405 exercitum
1186 1364 1302 1405 Cassi
1334 1364 1455 1404 susti-

119 1442 229 1469 nere.
292 1425 424 1480 Spero
462 1424 590 1465 etiam
627 1425 864 1464 confectum
897 1438 984 1464 esse
1022 1424 1106 1464 iam
1137 1426 1178 1464 et
1210 1436 1455 1476 oppressum

120 1485 398 1527 Dolabellam.
461 1482 597 1532 Quare
633 1497 718 1523 11011
754 1485 858 1536 puto
895 1481 1075 1522 Pansam
1113 1484 1154 1522 et
1190 1481 1380 1521 Hirtium
1412 1480 1455 1520 in

123 1544 343 1585 consulatu
373 1544 674 1596 properaturos
706 1541 750 1581 in
780 1540 1018 1595 provincias
1045 1540 1169 1593 exire,
1201 1540 1274 1580 sed
1298 1539 1457 1579 Romae

70 1616 84 1639 ι
124 1605 292 1643 acturos
323 1600 599 1641 consulatum.
659 1598 826 1652 Itaque,
865 1598 901 1638 si
932 1599 984 1639 ab
1017 1598 1068 1638 iis
1099 1598 1288 1652 petieris,
1320 1600 1367 1638 ut
1398 1597 1457 1637 in-

122 1664 237 1702 terea
272 1659 396 1700 nobis
427 1657 769 1711 procurationem
800 1656 926 1697 Asiae
958 1657 1073 1710 dent,
1111 1671 1232 1709 spero
1264 1659 1305 1696 te
1337 1669 1458 1709 posse

124 1720 360 1772 impetrare.
422 1716 644 1756 Praeterea
677 1715 783 1755 mihi
813 1714 1098 1768 promiserunt
1129 1714 1265 1754 Pansa
1297 1716 1337 1754 et
1363 1712 1459 1753 Hir-

124 1778 209 1819 tius
258 1790 399 1816 coram
448 1776 489 1815 et
537 1773 699 1827 apsenti
748 1773 853 1813 mihi
903 1773 1179 1826 scripserunt,
1222 1771 1459 1824 Verrioque

124 1838 270 1877 nostro
298 1833 434 1874 Pansa
465 1832 703 1872 adfirmavit
734 1846 777 1871 se
804 1831 998 1871 daturum
1025 1845 1206 1884 operam,
1237 1844 1288 1870 ne
1315 1830 1358 1869 in
1383 1842 1460 1869 suo

127 1893 347 1936 consulatu
389 1891 495 1931 mihi
538 1890 792 1930 succedatur.
862 1888 956 1943 Ego
1000 1903 1126 1942 porro
1169 1902 1254 1928 non
1298 1887 1460 1927 medius

126 1953 252 1994 fidius
292 1949 522 2004 cupiditate
563 1947 804 2002 provinciae
848 1947 1021 2001 produci
1065 1946 1234 2001 longius
1277 1945 1461 1999 spatium

126 2010 234 2053 mihi
264 2009 379 2063 volo3
410 2022 507 2048 nam
532 2006 638 2046 mihi
670 2006 752 2046 fuit
777 2005 857 2045 ista
888 2005 1106 2059 provincia
1136 2005 1259 2058 plena
1290 2003 1461 2056 laboris,

126 2068 316 2124 periculi,
344 2065 603 2118 detrimenti,
635 2078 741 2118 quae
768 2078 846 2119 ego
866 2078 917 2103 ne
943 2063 1099 2103 frustra
1124 2062 1327 2103 subierim
1352 2062 1461 2115 nive,

127 2128 375 2182 priusquam
418 2124 616 2177 reliquias
659 2136 774 2162 meae
817 2121 1059 2177 diligentiae
1099 2134 1345 2173 consequar,
1396 2120 1462 2160 de-

130 2186 273 2228 cedere
305 2198 442 2239 cogar,
473 2182 592 2223 valde
623 2180 781 2221 laboro.
842 2179 965 2232 Nam,
996 2179 1031 2219 si
1062 2179 1304 2233 potuissem,
1337 2192 1463 2231 quam

130 2258 350 2300 exegeram
375 2241 606 2296 pecuniam,
638 2239 877 2279 universam
905 2238 1085 2291 mittere,
1116 2237 1385 2291 postularem,
1416 2238 1465 2276 ut

129 2303 236 2344 mihi
267 2301 577 2356 succederetur,
608 2311 730 2352 nunc,
763 2296 876 2351 quod
908 2295 1051 2337 Cassio
1085 2295 1190 2350 dedi,
1223 2294 1336 2349 quod
1367 2293 1465 2335 Tre-
