1659 2552
177 502 192 533 1

223 102 310 144 480
726 102 1064 137 EPISTULARUM

839 244 953 286 XIV.

570 325 643 361 Ser.
670 325 743 359 III
763 325 820 359 Id.
848 325 938 369 Apr.
965 337 998 360 a.
1027 327 1096 360 '701
1126 326 1214 368 (53).

670 406 869 441 TULLIUS
896 406 1063 441 TIRONI
1089 407 1122 441 S.

307 490 519 532 Andricus
550 491 755 545 postridie
782 491 834 531 ad
865 505 931 532 me
952 491 1079 545 venit,
1113 506 1238 545 quam
1259 494 1563 546 exspectaram3

219 549 362 604 itaque
394 550 724 591 habui-noctem
755 550 924 604 plenam
950 550 1117 591 timoris
1143 564 1189 590 ac
1215 550 1420 591 miseriae.
1461 549 1563 590 Tuis
1601 562 1617 587 5

218 609 375 650 litteris
412 609 548 649 nihilo
588 623 680 649 sum
712 609 848 649 factus
881 609 1053 663 certior,
1092 623 1175 663 quo
1207 609 1334 650 modo
1365 611 1407 650 te
1437 608 1564 649 habe-

219 682 296 721 reS,
329 667 401 708 sed
432 670 574 708 tamen
606 682 700 708 sum
732 670 954 709 recreatus.
1017 667 1111 723 Ego
1138 667 1253 709 omni
1286 667 1563 708 delectatione

218 726 457 780 litterisque
491 726 688 767 omnibus
721 740 859 780 careo,
892 741 994 780 quas
1027 729 1141 781 ante,
1174 741 1301 780 quam
1332 729 1373 767 te
1405 726 1563 780 videro,

220 785 429 840 attingere
457 799 542 826 non
574 799 757 839 possum.
808 785 985 840 Medico,
1016 785 1220 826 mercedis
1254 788 1459 839 quantum
1491 799 1563 839 po-

220 846 318 898 scet,
349 844 545 897 promitti
577 844 733 885 iubeto.
784 843 834 884 Id
866 844 1013 899 scripsi
1045 844 1097 884 ad
1127 843 1358 885 Ummium.
1420 843 1562 884 Audio
1584 856 1616 880 10

219 905 261 943 te
300 903 441 944 animo
479 903 578 958 angi
617 906 658 944 et
694 903 905 944 medicum
943 903 1080 944 dicere
1115 918 1164 944 ex
1198 917 1246 944 eo
1283 905 1326 944 te
1357 902 1561 943 laborare.

221 960 265 1001 Si
298 976 365 1002 me
398 962 553 1017 diligis,
585 962 722 1002 excita
748 977 798 1003 ex
824 976 972 1003 somno
1004 964 1098 1002 tuas
1129 961 1294 1002 litteras
1324 961 1562 1002 humanita-

219 1023 401 1075 temque7
432 1023 607 1075 propter
633 1035 759 1074 quam
791 1021 896 1061 mihi
923 1035 966 1061 es
992 1020 1243 1061 carissimus.
1304 1019 1431 1061 Nune
1456 1034 1562 1074 opus

220 1081 283 1119 est
313 1082 355 1120 te
397 1079 538 1120 animo
570 1079 725 1134 valere,
764 1082 811 1120 ut
850 1094 1024 1134 corpore
1061 1079 1208 1133 possis.
1269 1077 1319 1119 Id
1356 1093 1451 1120 cum
1489 1081 1562 1119 tua

219 1140 311 1178 tum
342 1152 436 1179 mea
462 1152 585 1180 causa
611 1138 750 1192 facias,
782 1153 805 1179 a
831 1141 872 1179 te
897 1141 1007 1192 peto.
1069 1137 1272 1179 Acastum
1298 1138 1444 1192 retine,
1477 1151 1560 1191 quo
1583 1149 1615 1174 15

220 1197 482 1238 commodius
514 1197 593 1238 tibi
626 1197 901 1238 ministretur.
965 1196 1177 1238 Conserva
1208 1200 1249 1237 te
1281 1196 1399 1238 mihi.
1460 1196 1562 1237 Dies

218 1256 525 1309 promissorum
563 1256 697 1309 adest,
737 1270 861 1310 quem
894 1256 1021 1296 etiam
1054 1255 1394 1310 repraesentabo,
1427 1255 1460 1296 si
1493 1254 1563 1295 ad-

218 1315 393 1355 veneris.
450 1314 593 1355 Etiam
626 1317 751 1369 atque
783 1315 911 1355 etiam
941 1314 1045 1355 vale.
1101 1326 1151 1355 111
1182 1313 1281 1355 Idus
1312 1314 1353 1355 h.
1385 1325 1442 1354 VI.

842 1465 932 1506 XV.

515 1546 587 1581 Sor.
613 1558 669 1590 pr.
697 1546 752 1580 Id.
782 1546 871 1590 Apr.
899 1558 931 1580 α.
958 1557 993 1580 u.
1021 1558 1048 1580 e.
1079 1548 1146 1580 701
1175 1548 1265 1589 (53).
1582 1561 1615 1585 20

667 1627 866 1662 TULLIUS
892 1626 1058 1661 TIRONI
1087 1627 1120 1661 S.

307 1722 505 1779 Aegypta
543 1723 595 1763 ad
632 1738 698 1764 me
731 1723 846 1764 venit
883 1738 944 1777 pr.
975 1722 1075 1764 Idus
1107 1722 1208 1777 Apr.
1269 1722 1311 1764 Is
1343 1723 1422 1764 etsi
1453 1723 1561 1764 mihi

219 1782 432 1823 nuntiavit
463 1785 505 1823 te
536 1782 659 1836 plane
692 1781 800 1822 febri
828 1796 967 1823 carere
999 1785 1040 1823 et
1066 1782 1176 1822 belle
1207 1782 1375 1836 habere,
1407 1785 1560 1836 tamen,

220 1841 333 1895 quod
373 1841 545 1896 negavit
585 1843 626 1881 te
666 1841 854 1894 potuisse
893 1840 944 1881 ad
981 1855 1048 1881 me
1086 1841 1286 1895 seribere,
1326 1854 1469 1881 curam
1501 1840 1560 1881 mi

219 1899 381 1953 attulit,
420 1902 461 1940 et
499 1914 547 1941 eo
584 1899 738 1954 magis,
777 1899 890 1953 quod
921 1898 1113 1953 Hermia,
1152 1913 1277 1953 quem
1314 1898 1460 1939 eodem
1493 1899 1559 1939 die
1580 1909 1614 1935 25

219 1958 362 1999 venire
395 1960 656 2012 oportuerat,
689 1972 774 1998 non
806 1960 986 1998 venerat.
1047 1956 1292 1998 Incredibili
1323 1971 1415 1998 sum
1447 1957 1560 1998 solli·
1594 1968 1600 1973 ·

220 2017 406 2057 citudine
445 2017 494 2057 de
531 2019 604 2057 tua
641 2016 898 2070 valetudine3
939 2030 1021 2070 qua
1059 2016 1093 2056 si
1119 2031 1197 2057 ·me
1228 2015 1438 2070 liberaris,
1481 2029 1560 2071 ego

219 2078 260 2116 te
294 2075 409 2116 omni
435 2089 534 2116 cura
564 2074 766 2116 liberabo.
828 2074 957 2115 Plura
988 2074 1226 2129 scriberem,
1259 2074 1294 2115 si
1326 2074 1410 2114 iam
1439 2077 1560 2128 puta-

220 2148 309 2174 rem
345 2134 542 2175 lubenter
578 2137 619 2174 te
650 2134 789 2189 legere
821 2147 954 2187 posse.
1015 2132 1239 2188 Ingenium
1271 2135 1408 2186 tuum,
1447 2133 1561 2187 quod

221 2207 298 2247 ego
330 2193 505 2233 maximi
543 2192 668 2246 facio,
707 2191 851 2232 confer
888 2191 941 2232 ad
977 2194 1018 2232 te
1055 2191 1161 2232 mihi
1199 2191 1362 2244 tibique
1396 2205 1559 2232 conser-
1578 2202 1613 2228 so

220 2251 419 2305 vandum3
461 2265 559 2292 cura
596 2253 638 2291 te
670 2250 798 2291 etiam
830 2253 955 2304 atque
987 2250 1114 2290 etiam
1147 2249 1382 2305 diligenter.
1439 2249 1556 2304 Vale.

309 2308 474 2363 Scripta
512 2310 595 2350 iam
634 2308 813 2363 epistula
850 2308 1026 2349 Hermia
1056 2308 1182 2349 venit.
1244 2307 1401 2362 Accepi
1442 2310 1555 2349 tuam
