1659 2552
140 487 157 518 1

182 85 266 127 338
687 84 1025 120 EPISTULARUM

800 225 915 268 VHI.

297 309 371 345 Ser.
398 310 535 345 Romae
567 310 600 344 V
620 310 677 343 Id.
704 309 789 342 Ιιιη.
818 311 883 342 aut
903 308 1019 352 paulo
1039 311 1124 352 post
1155 319 1187 342 α.
1218 310 1286 342 711
1317 309 1408 351 (43).

644 389 812 425 CICERO
841 388 1001 424 CASSIO
1033 389 1065 423 S.

275 475 418 517 Scelus
451 475 601 516 adfinis
633 474 696 514 tui
727 473 877 528 Lepidi
915 488 1207 527 summamque
1238 473 1455 515 levitatem
1487 475 1529 514 et

184 535 512 576 inconstantiam
551 548 602 574 ex
641 533 766 587 actis,
808 547 914 587 quae
952 532 1004 572 ad
1041 535 1083 573 te
1120 532 1236 573 mitti
1274 535 1388 573 certo
1429 531 1528 587 seio⁷
1566 543 1582 569 5

185 608 388 649 cognosse
429 595 470 633 te
512 592 707 633 arbitror.
769 590 918 646 Itaque
959 605 1036 632 nos
1078 591 1269 632 confecto
1311 591 1441 645 bello,
1481 593 1529 631 ut

186 653 509 706 arbitrabamur,
542 653 792 691 renovatum
818 650 978 691 bellum
1003 649 1190 705 gerimus
1216 664 1417 704 spemque
1443 664 1529 690 om-

184 726 281 752 nem
314 711 357 751 in
383 710 432 751 D.
459 710 594 752 Bruto
621 712 663 750 et
686 708 843 750 Planco
869 708 1086 763 habemus,
1117 709 1153 749 si
1178 723 1325 750 verum
1351 708 1530 763 quaeris,

186 771 230 811 in
269 773 311 810 te
353 772 394 810 et
434 769 478 809 in
517 768 573 809 M.
605 767 740 809 Bruto
778 782 865 809 non
902 767 1040 809 solum
1077 767 1129 807 ad
1163 781 1359 821 praesens
1390 767 1529 821 perfu-

185 829 315 884 gium,
347 828 394 882 si,
427 827 541 881 quod
564 827 710 881 nolim,
743 827 906 867 adversi
933 826 1036 880 quid
1061 826 1271 880 acciderit,
1303 826 1376 867 sed
1401 826 1529 867 etiam
1551 837 1583 862 10

140 900 159 928 -2
187 887 239 928 ad
276 886 642 928 confirmationem
681 888 909 940 perpetuae
950 885 1172 926 libertatis.
1239 885 1330 926 Nos
1369 885 1440 926 hic
1480 884 1530 926 de

188 946 410 987 Dolabella
435 945 721 999 audiebamus,
754 959 860 998 quae
885 944 1100 998 vellemus,
1130 944 1203 985 sed
1228 946 1364 985 certos
1390 946 1531 984 auoto—

188 1020 252 1046 res
291 1019 377 1046 non
417 1004 689 1045 habebamus.
761 1003 819 1044 Te
861 1003 1031 1057 quidem
1071 1017 1274 1058 magnum
1313 1002 1530 1043 hominem

188 1066 229 1105 et
265 1063 478 1118 praesenti
515 1062 672 1104 iudicio
711 1065 752 1103 et
790 1062 944 1116 reliqui
981 1062 1185 1116 temporis
1218 1061 1530 1115 exspectatione

187 1122 293 1164 seito
326 1136 425 1163 esse.
487 1121 582 1163 Hoe
612 1121 693 1162 tibi
724 1121 945 1175 proposito
980 1121 1046 1162 fae
1077 1123 1125 1161 ut
1157 1120 1209 1161 ad
1240 1135 1404 1161 summa
1435 1134 1530 1161 oon—
1552 1130 1584 1156 15

188 1181 344 1222 tendas.
406 1180 529 1222 Nihil
567 1183 630 1221 est
667 1183 851 1234 tantum,
894 1179 1008 1234 quod
1042 1194 1129 1220 non
1160 1195 1198 1233 p.
1231 1177 1280 1220 R.
1313 1193 1337 1220 a
1367 1182 1409 1220 te
1440 1192 1531 1234 per-

187 1241 256 1281 fici
288 1243 414 1295 atque
448 1239 631 1294 optineri
662 1253 784 1293 posse
820 1239 987 1279 iudicet.
1049 1237 1167 1279 Vale.

824 1389 895 1430 IX.

296 1472 369 1508 Ser.
396 1472 534 1507 Romae
560 1472 654 1506 inter
681 1471 785 1505 XVI
806 1474 839 1505 et
864 1470 937 1519 HJ
958 1469 1006 1503 K.
1038 1469 1161 1514 Quint.
1189 1481 1222 1504 a.
1251 1471 1318 1503 711
1347 1471 1436 1512 (43).

648 1551 815 1587 CICERO
844 1550 1004 1586 CASSIO
1039 1550 1072 1585 S.
1553 1565 1586 1590 20

278 1649 472 1690 Brevitas
509 1652 679 1690 tuarum
717 1648 957 1688 litterarum
994 1661 1061 1687 me
1094 1660 1262 1700 quoque
1294 1645 1533 1687 breviorem

191 1709 233 1749 in
266 1708 487 1749 scribendo
520 1707 633 1762 facit,
666 1709 719 1761 et,
751 1720 848 1747 vere
880 1708 928 1746 ut
961 1705 1109 1759 dicam,
1140 1719 1226 1746 non
1259 1705 1360 1746 satis
1392 1718 1532 1745 occur-

191 1767 264 1822 rit,
303 1767 405 1821 quid
442 1766 642 1821 scribam3
679 1768 845 1806 nostras
884 1764 995 1805 enim
1033 1778 1100 1805 res
1137 1764 1182 1804 in
1213 1763 1317 1804 actis
1353 1763 1533 1818 perferri

191 1826 244 1867 ad
280 1828 321 1867 te
359 1828 474 1866 certo
515 1825 622 1878 scio,
663 1827 757 1865 tuas
798 1826 939 1864 autem
981 1823 1236 1879 ignoramus.
1298 1821 1532 1876 Tamquam

192 1885 303 1926 enim
337 1885 476 1925 clausa
508 1884 563 1924 sit
593 1883 713 1937 Asia,
752 1882 811 1924 sie
842 1882 951 1923 nihjl
981 1882 1194 1936 perfertur
1225 1880 1278 1921 ad
1307 1894 1384 1921 nos
1414 1894 1531 1934 prae-
1552 1891 1585 1916 25

192 1947 257 1985 ter
287 1958 477 1985 rumores
517 1943 565 1984 de
599 1956 798 1996 oppresso
830 1940 1055 1982 Dolabella
1091 1940 1193 1981 satis
1234 1939 1329 1980 illos
1361 1938 1531 1993 quidem

146 2016 164 2043 ι)
193 2002 443 2056 constantis,
483 2001 556 2042 sed
601 2001 737 2042 adhue
775 2000 864 2041 sine
903 2002 1084 2040 auctore.
1144 1997 1252 2052 Nos,
1294 1996 1532 2038 confectum

193 2062 352 2102 bellum
378 2075 507 2115 quom
532 2063 789 2115 putaremus,
820 2061 992 2113 repente
1017 2073 1041 2098 a
1065 2057 1226 2112 Lepido
1252 2058 1326 2096 tuo
1353 2056 1397 2096 in
1422 2069 1532 2096 sum-

192 2135 305 2161 mam
346 2119 675 2161 sollicitudinem
714 2132 857 2159 sumus
895 2116 1075 2158 adducti.
1135 2115 1284 2169 Itaque
1324 2114 1405 2155 tibi
1441 2128 1532 2169 per-

193 2179 318 2219 suade
359 2178 588 2219 maximam
628 2177 689 2218 rei
729 2192 768 2231 p.
801 2191 918 2231 spem
956 2175 999 2216 in
1036 2178 1077 2216 te
1115 2177 1157 2216 et
1193 2173 1237 2214 in
1276 2173 1362 2214 tuis
1401 2172 1532 2227 copiis
1552 2184 1586 2209 3ο

194 2252 291 2278 esse.
353 2237 519 2278 Firmos
559 2236 730 2277 omnino
769 2235 976 2276 exereitus
1013 2233 1234 2286 habemus,
1276 2231 1348 2272 sed
1379 2233 1532 2286 tamen,

195 2298 241 2335 ut
274 2296 425 2350 omnia,
457 2298 504 2336 ut
531 2309 664 2350 spei-07
696 2308 895 2349 prospere
920 2292 1161 2347 procedant,
1192 2290 1375 2332 multum
1407 2290 1533 2331 inter-
