1659 2552
128 675 147 705 10

173 97 259 139 558
674 95 1012 130 EPISTULARUM

170 191 446 246 putaremus?
482 190 746 232 Praesidium
772 191 1063 231 firmissimum
1094 191 1342 245 petebamus
1367 205 1419 233 ex
1444 206 1515 246 op-

172 251 267 291 timi
306 253 348 291 et
383 250 669 304 potentissimi
701 250 783 290 viri
821 249 1115 290 benevolentia
1152 250 1204 290 ad
1236 264 1404 291 omnem
1435 254 1515 291 sta—

171 313 264 350 tum
296 312 465 350 nostrae
493 309 724 364 dignitatis.
786 307 915 349 Plura
945 311 1164 362 ponuntur
1195 308 1238 349 in
1271 323 1356 363 spe,
1388 322 1515 363 quam

171 368 373 423 petimus3
411 368 575 421 reliqua
611 367 663 407 ad
699 367 905 408 iacturam
942 371 1218 408 reserventur.
1287 367 1442 422 Quare,
1479 367 1514 408 si

173 427 321 468 crebro
362 427 518 467 referes
558 426 746 466 animum
786 429 908 467 tuum
949 426 1002 466 ad
1037 426 1245 467 rationem
1283 429 1325 467 et
1361 426 1515 467 veteris
1539 439 1570 465 Α5

173 485 339 527 consilii
381 485 517 526 nostri
555 487 597 525 et
635 485 741 539 spei,
785 484 950 525 facilius
987 485 1092 526 istos
1132 485 1309 526 militiae
1348 484 1516 526 labores

173 548 406 599 ceteraque,
439 558 545 598 quae
564 546 605 584 te
627 543 857 597 offendunt,
889 544 997 584 feres
1023 547 1064 584 et
1089 547 1243 598 tamen,
1269 558 1364 584 cum
1389 543 1516 598 voles,

175 603 368 658 depones.
432 602 515 644 Sed
555 602 644 643 eius
685 602 746 643 rei
785 602 1008 643 maturitas
1045 603 1285 656 nequedum
1321 602 1437 643 venit
1475 605 1517 644 et

174 665 317 703 tamen
360 662 445 702 iam
489 661 812 715 adpropinquat.
874 660 1017 702 Etiam
1061 661 1168 702 illud
1213 664 1255 702 te
1299 661 1516 715 admoneo,

173 736 226 762 ne
259 720 362 775 quid
392 720 491 760 ullis
523 720 678 761 litteris
711 720 962 774 committas,
995 720 1109 774 quod
1139 720 1174 761 si
1205 719 1419 774 prolatum
1446 720 1512 774 sit,
1532 735 1566 760 10

173 780 350 820 moleste
382 779 576 820 feramus.
638 778 775 819 Multa
807 781 921 833 sunt,
960 793 1065 832 quae
1097 793 1176 834 ego
1213 779 1373 820 nescire
1404 778 1516 820 malo

175 853 301 892 quam
341 853 435 879 cum
474 838 616 892 aliquo
654 837 843 891 periculo
881 838 974 878 fieri
1006 838 1170 878 certior.
1232 837 1362 878 Plura
1392 837 1445 878 ad
1474 840 1517 878 te

173 912 305 938 vacuo
338 897 479 937 animo
512 897 712 951 scribam,
744 910 857 951 eum,
894 899 943 938 ut
973 910 1114 951 spero,
1146 911 1189 937 se
1222 896 1368 938 Cicero
1399 910 1518 937 meus

174 956 284 997 belle
321 955 507 996 habebit.
569 955 634 996 Tu
665 955 793 996 velim
826 969 960 1010 cures,
998 958 1047 996 ut
1078 955 1223 1009 sciam,
1256 955 1409 1010 quibus
1440 968 1518 996 nos

176 1016 273 1056 dare
300 1017 494 1069 oporteat
520 1028 600 1068 eas,
633 1029 735 1068 quas
762 1014 814 1055 ad
844 1017 887 1055 te
913 1014 1061 1055 deinde
1093 1014 1257 1055 litteras
1287 1014 1517 1068 mittemus,
1536 1027 1570 1052 15

177 1073 419 1116 Caesarisne
450 1073 701 1127 tabellariis,
739 1075 787 1113 ut
818 1073 854 1114 is
885 1073 938 1113 ad
967 1075 1010 1114 te
1040 1073 1236 1127 protinus
1266 1073 1427 1127 mittat,
1464 1087 1517 1113 an

174 1132 363 1174 Labieni.
412 1131 501 1174 Ubi
527 1132 639 1173 enim
671 1132 742 1172 isti
775 1131 860 1172 sint
884 1130 1035 1173 Nervii
1066 1135 1108 1172 et
1139 1146 1265 1186 quam
1296 1131 1423 1187 longe
1448 1130 1518 1172 ab·

177 1192 272 1245 sint,
303 1191 456 1232 nescio.

264 1249 328 1291 De
359 1250 518 1291 virtute
556 1252 598 1290 et
629 1249 838 1304 gravitate
871 1248 1078 1301 Caesaris,
1119 1263 1245 1303 quam
1276 1248 1321 1289 in
1353 1262 1517 1288 summo

178 1309 322 1350 dolore
354 1308 628 1362 adhibuisset,
659 1322 858 1363 magnam
890 1322 940 1348 ex
967 1307 1146 1361 epistola
1176 1310 1250 1348 tua
1281 1307 1422 1360 accepi
1446 1320 1517 1347 vo-
1537 1320 1571 1345 20

175 1368 393 1421 luptatem.
455 1366 578 1415 Quod
608 1381 675 1407 me
706 1366 950 1406 institutum
983 1366 1035 1406 ad
1065 1366 1187 1406 illum
1217 1368 1368 1419 poema
1398 1364 1517 1405 iubes

176 1426 394 1480 perficere,
438 1425 517 1466 etsi
562 1424 769 1465 distentus
807 1438 901 1464 cum
942 1437 1069 1478 opera
1109 1427 1201 1464 tum
1242 1423 1382 1464 animo
1424 1437 1517 1463 sum

177 1485 312 1525 multo
344 1484 492 1539 magis,
524 1486 677 1537 tamen,
710 1483 910 1536 quoniam
943 1497 993 1523 ex
1020 1482 1208 1536 epistola,
1241 1497 1367 1536 quam
1399 1482 1451 1522 ad
1475 1484 1517 1522 te

177 1543 392 1597 miseram,
436 1541 637 1597 cognovit
677 1541 827 1582 Caesar
870 1556 936 1582 me
981 1541 1142 1594 aliquid
1180 1555 1268 1582 esse
1309 1554 1518 1595 exorsum,

177 1604 364 1643 revertar
404 1601 456 1641 ad
499 1600 743 1641 institutum
784 1600 910 1653 idque
950 1600 1165 1653 perficiam
1204 1599 1272 1640 his
1312 1599 1518 1653 supplica·
1537 1613 1571 1637 25

176 1661 342 1702 tionum
375 1659 524 1700 otiosis
556 1659 720 1712 diebus,
753 1659 907 1713 quibus
938 1657 1178 1699 Messallam
1210 1658 1294 1698 iam
1324 1660 1519 1699 nostrum

177 1720 447 1774 reliquosque
478 1718 675 1758 molestia
705 1717 866 1758 levatos
898 1717 1169 1758 vehementer
1199 1716 1376 1773 gaudeo,
1406 1730 1518 1757 eum-

178 1793 258 1833 que
299 1778 413 1832 quod
453 1778 614 1818 certum
657 1776 871 1817 consulem
912 1790 1006 1817 cum
1047 1775 1238 1817 Domitio
1276 1775 1518 1829 numeratis,

177 1837 286 1877 nihil
329 1851 353 1877 a
394 1838 540 1877 nostra
584 1835 783 1889 opinione
828 1835 1071 1875 dissentitis.
1142 1833 1236 1890 Ego
1279 1833 1518 1875 Messallam

179 1895 346 1938 Caesari
377 1894 613 1949 praestabo.
677 1893 759 1935 Sed
790 1893 1014 1934 Memmius
1046 1893 1088 1933 in
1121 1893 1304 1934 adventu
1330 1891 1518 1933 Caesaris
1536 1905 1572 1930 30

177 1954 306 1995 habet
344 1968 479 2008 spem,
518 1953 562 1993 in
600 1967 683 2006 quo
721 1952 843 1992 illum
879 1955 983 2006 puto
1022 1966 1171 1992 errare.
1234 1950 1317 1992 Hic
1349 1950 1518 2004 quidem

177 2014 323 2069 friget3
363 2012 567 2053 Scaurum
605 2014 746 2051 autem
784 2011 867 2051 iam
898 2010 1063 2065 pridem
1094 2009 1321 2063 Pompeius
1352 2008 1516 2050 abiecit.

178 2071 262 2113 Res
292 2071 500 2125 prolatae3
533 2070 585 2110 ad
610 2070 900 2124 interregnum
928 2069 1099 2109 comitia
1126 2068 1314 2109 adducta.
1355 2066 1519 2108 Rumor

180 2130 399 2171 dictatoris
435 2129 688 2170 iniucundus
727 2128 870 2181 bonis,
914 2127 1019 2168 mihi
1058 2127 1185 2168 etiam
1222 2125 1374 2182 magiS,
1412 2139 1518 2180 quae

177 2190 421 2243 loquuntur.
500 2186 582 2228 Sed
631 2190 721 2227 tota
764 2201 829 2227 res
873 2189 914 2227 et
962 2186 1138 2226 timetur
1180 2188 1222 2226 et
1270 2184 1517 2239 refrigescit.
1537 2196 1571 2221 35

178 2247 405 2301 Pompeius
443 2246 565 2300 plane
604 2259 647 2286 se
683 2247 810 2301 negat
847 2244 971 2298 velle3
1010 2247 1132 2285 antea
1169 2243 1275 2284 mihi
1312 2243 1401 2296 ipse
1432 2256 1518 2284 non
1548 2287 1552 2289 .

178 2306 371 2361 negabat.
434 2304 588 2345 Hirrus
625 2307 772 2345 auctor
809 2304 897 2344 fore
929 2303 1113 2357 videtur,
1152 2316 1176 2343 0
1209 2301 1267 2356 (11,
1300 2315 1425 2355 quam
1457 2301 1518 2342 in-
