1659 2552
134 2187 153 2217 Ν.)

186 83 271 125 376
690 84 1031 120 EPISTULARUM

185 195 265 234 que
296 180 463 236 magnis
495 180 584 221 eius
616 181 776 221 ordinis
808 195 908 236 erga
938 196 1006 222 me
1037 181 1201 223 meritis
1232 182 1368 224 facere
1400 183 1526 226 debu-

184 239 301 294 erim,
333 241 425 280 tum
458 239 501 280 in
533 239 682 294 primis
715 239 897 280 amicum
929 254 1017 281 esse
1049 240 1149 282 huic
1179 240 1431 295 Bithynicae
1463 258 1526 285 so-

184 298 346 352 cietati,
392 312 498 352 quae
531 298 708 339 societas
741 298 887 339 ordine
920 299 1012 353 ipso
1047 303 1088 340 et
1119 299 1341 342 hominum
1372 316 1525 357 genere

182 371 280 411 pars
300 359 363 398 est
388 357 573 398 maxima
599 357 783 398 civitatis
804 355 988 412 (constat
1014 358 1126 399 enim
1152 374 1203 399 ex
1223 360 1372 400 ceteris
1397 361 1525 402 socie-

182 414 380 472 tatibus),
419 418 460 456 et
498 430 595 456 casu
632 415 834 470 permulti
872 419 970 457 sunt
1007 417 1050 457 in
1088 432 1136 458 ea
1174 418 1373 459 societate
1405 419 1524 461 valde
1562 433 1578 457 5

181 474 288 515 mihi
314 474 543 515 familiares
569 474 613 514 111
642 474 875 529 primisque
901 475 947 529 is,
980 476 1098 516 cuius
1128 477 1402 531 praecipuum
1435 479 1525 519 offi-

182 533 294 574 cium
327 533 469 588 agitur
500 533 580 573 hoc
611 535 819 588 tempore,
857 532 902 575 P.
935 534 1133 589 Rupilius
1164 534 1209 576 P.
1242 536 1268 576 f.
1295 535 1418 590 Men,
1452 537 1524 591 qui

182 595 245 633 est
275 592 479 647 ma<rister
511 592 554 632 in
586 606 634 632 ea
665 593 875 633 societate

272 650 386 699 Quae
419 665 514 691 cum
546 651 606 691 ita
637 651 738 705 sint,
770 651 815 692 in
845 651 1049 693 maiorem
1081 652 1254 694 modum
1287 668 1310 694 a
1341 656 1383 694 te
1414 657 1525 709 peto,

184 708 256 749 Cn.
283 709 479 763 Pupium,
511 709 585 763 qui
611 712 674 750 est
706 710 750 750 in
777 711 915 764 operis
947 711 1036 751 eius
1069 712 1294 767 societatis,
1327 713 1525 754 omnibus

182 768 267 808 tuis
307 768 460 808 officiis
501 771 627 822 atque
672 769 788 810 omni
830 769 1086 811 liberalitate
1124 773 1267 811 tueare
1311 785 1525 826 curesque,

182 829 229 867 ut
261 827 350 867 eius
383 841 550 881 operae,
589 827 703 881 quod
739 828 821 868 tibi
858 828 980 869 facile
1012 829 1126 869 factu
1158 832 1238 884 est,
1276 844 1402 884 quam
1433 845 1527 886 gra-

181 886 369 926 tissimae
414 886 500 926 sint
543 886 687 941 sociis,
738 901 911 941 remque
955 889 997 928 et
1040 888 1271 929 utilitatem
1314 889 1526 930 sociorum

183 942 321 999 (cuius
356 944 417 985 rei
456 947 657 999 quantam
689 948 944 1000 potestatem
986 949 1184 1000 quaestor
1222 946 1396 1001 habeat,
1441 963 1527 989 non

181 1018 275 1044 sum
312 1002 504 1059 ignarus)
542 1018 618 1058 per
655 1006 696 1044 te
729 1019 855 1058 quam
893 1005 1076 1046 maxime
1115 1005 1329 1047 defensam
1361 1010 1401 1048 et
1434 1021 1526 1048 auc-

180 1064 268 1102 tam
295 1062 409 1103 velis
453 1061 503 1102 Id
529 1076 624 1103 cum
650 1063 757 1104 mihi
787 1063 1079 1119 gratissimum
1110 1064 1270 1119 feceris,
1302 1068 1394 1106 tum
1420 1066 1527 1107 illud

180 1121 261 1161 tibi
302 1123 500 1187 expertus
541 1122 747 1175 promitto
789 1125 830 1163 et
872 1123 1079 1177 spondeo,
1120 1126 1161 1164 te
1202 1124 1338 1164 300103
1379 1124 1528 1179 Bithy-

179 1180 285 1234 niae,
319 1180 352 1220 si
380 1180 431 1221 iis
458 1181 750 1236 commodaris,
782 1196 990 1223 memores
1022 1196 1110 1223 esse
1143 1185 1184 1223 et
1214 1185 1359 1239 gratos
1386 1184 1527 1239 cogni-

181 1241 337 1280 turum.

826 1345 877 1386 X.

555 1424 629 1459 Ser.
656 1425 793 1460 Romae
826 1427 874 1460 m.
901 1438 934 1460 α.
966 1428 1038 1460 708
1065 1428 1154 1470 (46).

650 1505 819 1541 CICERO
846 1507 1006 1542 BRUTO
1034 1507 1067 1541 S.

273 1588 379 1630 Cum
405 1590 458 1630 ad
483 1592 524 1631 te
551 1593 648 1631 tuus
675 1594 886 1645 quaestor,
913 1591 968 1631 M.
996 1590 1146 1646 Varro,
1176 1592 1526 1648 proficisceretur,

182 1648 547 1690 commendatione
586 1663 708 1705 egere
747 1664 843 1690 eum
880 1664 966 1690 non
1006 1651 1231 1705 putabam3
1273 1651 1374 1692 satis
1414 1652 1526 1693 enim

183 1707 523 1748 commendatum
554 1708 634 1748 tibi
668 1722 763 1748 eum
796 1709 1035 1749 arbitrabar
1066 1709 1118 1750 ab
1158 1710 1249 1764 ipso
1287 1724 1404 1751 more
1441 1726 1526 1751 ma-

182 1766 332 1820 iorum,
365 1766 454 1820 qui,
487 1769 534 1807 ut
566 1769 606 1807 te
638 1781 724 1808 non
755 1767 879 1823 fugit,
910 1767 1019 1808 hanc
1051 1771 1299 1822 quaesturae
1331 1769 1526 1810 coniunc-

181 1825 342 1866 tionem
379 1825 613 1866 liberorum
650 1826 950 1867 necessitudini
988 1827 1226 1881 proximam
1259 1827 1394 1868 voluit
1426 1842 1524 1869 esse.

182 1883 275 1938 Sed,
308 1898 403 1924 cum
436 1884 517 1924 sibi
550 1884 609 1924 ita
646 1885 923 1938 persuasisset
960 1885 1067 1939 ipse,
1106 1900 1220 1926 meas
1252 1886 1302 1926 de
1334 1900 1376 1927 se
1408 1900 1525 1927 accu-

181 1946 270 1983 rate
308 1943 485 1997 scriptas
522 1942 686 1984 litteras
723 1944 957 1984 maximum
990 1944 1102 1998 apud
1133 1947 1175 1985 te
1211 1944 1376 1998 pondus
1407 1945 1525 1985 habi-

180 2004 316 2055 turas,
359 2016 382 2042 a
421 2016 572 2055 meque
613 2003 905 2056 contenderet,
947 2005 994 2043 ut
1035 2017 1160 2057 quam
1203 2003 1524 2057 diligentissime

181 2060 420 2114 scriberem,
452 2060 583 2101 malui
609 2061 756 2115 facere,
788 2062 902 2115 quod
927 2075 1044 2102 meus
1071 2061 1292 2102 familiaris
1317 2062 1425 2102 tanti
1451 2077 1526 2102 sua

182 2119 383 2159 interesse
416 2118 706 2160 arbitraretur.

268 2177 329 2219 Ut
371 2177 504 2233 igitur
546 2177 697 2219 debere
737 2193 804 2219 me
847 2178 983 2219 facere
1023 2178 1105 2219 hoc
1147 2178 1387 2233 intellegas,
1431 2193 1525 2220 cum

182 2236 368 2288 primum
399 2235 454 2277 M.
481 2236 704 2277 Terentius
735 2237 779 2277 in
811 2237 951 2278 forum
983 2237 1110 2291 venit,
1142 2237 1195 2277 ad
1219 2237 1450 2278 amicitiam
1482 2252 1524 2279 se

181 2309 317 2335 meam
346 2295 543 2351 contulit3
577 2295 736 2350 deinde,
770 2299 816 2336 ut
843 2311 885 2337 se
911 2296 1220 2350 conroboravit,
1248 2295 1352 2337 duae
1379 2310 1525 2338 causae

1545 728 1578 753 10

1546 1021 1581 1046 15

1546 1362 1580 1387 20

1546 1724 1579 1749 25

1545 2017 1579 2041 30

1544 2307 1578 2333 35
