1659 2552
582 83 724 117 LIBER
748 83 815 117 XII
842 88 896 127 15,
924 88 976 118 16.
1362 84 1444 124 351

202 177 282 228 Qui
310 193 404 219 cum
435 178 542 219 mihi
574 179 617 220 in
649 193 839 220 sermone
872 179 1083 220 iniecisset
1108 193 1150 219 se
1176 179 1283 219 velle
1302 178 1448 219 Asiam
1475 189 1495 218 2

112 237 264 290 visere,
302 252 387 278 non
424 237 550 278 modo
589 238 809 292 invitatus,
849 238 922 278 sed
959 238 1086 278 etiam
1124 240 1295 292 rogat-us
1333 240 1395 277 est
1427 252 1450 277 a

112 310 197 350 me,
238 299 285 336 ut
316 296 360 336 id
391 296 661 350 potissimum
698 296 821 336 nobis
861 296 1152 350 optinentibus
1188 296 1450 349 provinciam

113 355 286 409 faceret3
327 354 392 395 cui
432 362 509 396 nos
551 357 592 395 et
630 355 803 395 caritate
844 357 885 395 et
923 369 1064 395 amore
1103 357 1225 395 tuum
1264 354 1450 394 officium

78 415 400 467 5praestaturos
441 428 527 454 non
572 413 696 454 debes
741 413 944 454 dubitare.
1005 411 1118 453 Illud
1161 426 1328 466 quoque
1371 413 1451 452 erit

113 471 238 512 nobis
276 486 416 525 curae,
453 474 500 512 ut
540 470 766 525 Cratippus
803 486 885 512 una
923 485 1018 512 cum
1050 485 1099 512 eo
1132 471 1204 525 sit,
1241 485 1293 511 ne
1330 474 1452 524 putes

115 531 159 571 in
190 529 293 571 Asia
323 529 522 570 feriatum
553 530 674 570 illum
707 530 758 570 ab
792 530 843 570 iis
876 530 1038 583 studiis,
1070 529 1114 570 in
1146 543 1252 583 quae
1283 531 1357 569 tua
1389 543 1452 569 co-

114 589 356 630 hortatione
387 588 604 642 incitatur,
642 589 850 643 futurum3
881 603 979 628 nam
1011 588 1132 628 illum
1162 589 1375 641 paratum,
1407 590 1453 627 ut

115 647 256 701 video,
298 649 339 687 et
376 647 612 702 ingressum
643 647 768 700 pleno
800 647 934 702 gradu
967 646 1179 687 cohortari
1210 660 1296 686 non
1328 645 1453 686 inter—

65 720 97 743 10
115 706 352 758 mittemuS,
394 720 476 759 quo
515 706 558 746 in
591 705 678 746 dies
708 706 878 760 longius
911 704 1106 745 discendo
1139 704 1453 757 exercendoque

117 779 160 805 se
190 764 402 818 procedat.

205 821 295 863 Vos
332 822 434 876 quid
471 822 650 878 ageretis
688 823 732 862 in
769 837 814 862 re
850 829 907 875 p.',
948 836 1043 862 cum
1078 821 1154 862 has
1191 821 1354 861 litteras
1388 820 1454 860 da-
1480 830 1500 859 3

118 881 228 935 bam,
253 895 339 922 non
358 881 558 935 sciebam3
584 881 806 921 audiebam
832 880 1035 934 quaedam
1060 880 1315 932 turbulenta,
1349 893 1453 932 quae

119 939 280 981 scilicet
313 939 436 993 cupio
469 954 556 980 esse
588 939 709 992 falsa,
750 942 797 979 ut
835 939 1059 992 aliquando
1093 938 1228 979 otiosa
1258 937 1454 978 libertate

69 1011 101 1036 15
120 999 327 1053 fruamur3
360 998 473 1051 quod
503 998 570 1038 vel
600 998 774 1038 minime
805 997 911 1037 mihi
943 997 1078 1037 adhuc
1109 996 1299 1051 contigit.
1360 995 1454 1050 Ego

120 1060 262 1098 tamen
286 1059 433 1097 nactus
459 1056 503 1096 in
527 1056 797 1112 navigatione
827 1058 972 1096 nostra
1002 1055 1203 1109 pusillum
1226 1053 1455 1094 laxamenti

122 1115 370 1156 concinnavi
407 1115 488 1155 tibi
524 1115 821 1155 munusculum
859 1128 910 1154 ex
946 1114 1142 1154 instituto
1175 1127 1268 1153 meo
1301 1115 1342 1153 et
1374 1112 1455 1152 dic-

121 1177 213 1215 tum
251 1188 346 1214 cum
382 1187 537 1229 magno
574 1176 720 1214 nostro
756 1173 918 1213 honore
949 1187 972 1212 a
1008 1175 1049 1212 te
1082 1172 1240 1211 dictum
1272 1170 1457 1211 conclusi

123 1235 164 1273 et
203 1231 285 1273 tibi
325 1232 436 1272 infra
475 1231 715 1285 subscripsi.
776 1229 826 1271 In
867 1230 1020 1284 quibus
1051 1229 1267 1271 versiculis
1305 1228 1339 1269 si
1377 1228 1456 1268 tibi

70 1304 104 1328 20
124 1290 376 1345 quibusdam
416 1290 557 1331 verbis
597 1288 1052 1343 εὐθυρρημονέστερος
1090 1288 1285 1340 videbor,
1326 1287 1457 1340 turpi—

123 1349 226 1390 tudo
257 1362 460 1403 personae
492 1348 598 1402 eius,
638 1348 682 1388 in
715 1363 840 1402 quam
876 1347 1052 1388 liberius
1089 1346 1344 1399 invehimur,
1381 1359 1458 1385 nos

123 1407 367 1448 vindicabit.
440 1406 639 1463 Ignosces
682 1407 810 1447 etiam
846 1405 1086 1446 iracundiae
1128 1407 1312 1457 nostrae,
1354 1418 1458 1457 quae

124 1466 275 1507 iustast
320 1466 365 1506 in
407 1465 495 1506 eius
540 1465 657 1506 modi
701 1468 741 1506 et
782 1464 976 1505 homines
1019 1466 1061 1504 et
1104 1463 1224 1503 cives.
1297 1461 1459 1502 Deinde

126 1525 198 1579 qui
217 1524 353 1580 magis
378 1524 460 1565 hoo
477 1523 642 1564 Lucilio
668 1523 836 1564 licuerit
856 1523 1073 1563 adsumere
1098 1520 1307 1562 libertatis
1334 1535 1459 1573 quam

72 1595 105 1620 25
126 1582 278 1623 nobis?
310 1596 416 1636 cum,
448 1582 614 1622 etiamsi
646 1582 742 1623 odio
773 1581 865 1635 pari
897 1581 1025 1621 fuerit
1057 1580 1100 1620 in
1132 1594 1213 1631 eos,
1246 1593 1350 1632 quos
1380 1579 1460 1618 lae-

127 1640 201 1695 sit,
238 1644 380 1681 tamen
418 1643 528 1681 certe
559 1655 645 1681 non
681 1640 818 1695 magis
849 1639 1000 1694 dignos
1030 1638 1244 1690 habuerit,
1282 1637 1325 1677 in
1357 1650 1461 1690 quos

126 1702 245 1740 tanta
283 1699 481 1739 libertate
517 1698 745 1739 verborum
785 1698 1027 1738 incurreret.
1090 1696 1170 1749 Tu,
1212 1696 1319 1735 sicut
1355 1694 1461 1735 mihi
1488 1704 1507 1733 4

125 1757 341 1812 pollicitus
373 1771 435 1811 es,
468 1756 669 1812 adiunges
699 1770 767 1796 me
799 1770 924 1809 quam
955 1755 1140 1808 primum
1172 1754 1223 1793 ad
1254 1757 1349 1793 tuos
1381 1767 1462 1792 ser-

127 1830 290 1870 mones3
320 1829 501 1868 namque
527 1815 633 1854 illud
657 1828 742 1855 non
769 1814 928 1865 dubito,
956 1813 1069 1866 quin,
1103 1812 1137 1852 si
1163 1811 1265 1865 quid
1291 1811 1339 1851 de
1359 1811 1463 1850 inte-

75 1886 108 1911 30
128 1875 214 1915 ritu
241 1873 429 1914 Caesaris
455 1873 624 1925 scribas,
652 1886 738 1913 non
762 1871 937 1926 patiaris
962 1885 1029 1911 me
1054 1870 1275 1910 minimam
1299 1871 1462 1922 partem

129 1936 170 1974 et
201 1933 262 1973 rei
294 1935 334 1973 et
367 1931 521 1972 amoris
551 1931 614 1971 tui
653 1931 772 1971 ferre.
834 1929 939 1969 Vale
978 1931 1018 1969 et
1055 1931 1234 1968 matrem
1264 1940 1463 1979 meosque

128 1991 210 2032 tibi
242 1990 555 2032 commendatos
584 1989 704 2029 habe.
766 1988 817 2028 D.
850 1999 931 2028 VIII
963 1986 1013 2027 Κ.
1045 1985 1134 2026 Ι1111.
1167 1985 1357 2025 Athenis.
