1659 2552
84 724 116 747 10

83 1015 117 1040 15

83 1426 116 1451 20

85 2067 118 2092 30

567 87 710 120 LIBER
735 87 819 121 XIII
846 90 994 122 64-67.
1392 87 1478 128 415

134 182 179 223 111
210 185 318 236 tuos,
351 197 433 236 qua
465 182 687 223 clementia
713 183 757 223 in
783 182 1050 224 calamitosos
1077 183 1232 224 soleres
1264 198 1364 238 esse,
1395 183 1477 224 nisi

134 255 201 281 me
234 244 275 281 et
311 241 445 295 patris
477 241 586 295 eius,
628 256 711 295 quo
749 256 842 282 sum
879 242 1207 283 familiarissime
1240 257 1356 297 usus,
1393 257 1478 283 me-

134 300 270 340 moria
302 303 342 340 et
374 300 500 340 huius
532 300 703 340 fortuna
734 300 793 341 ita
823 303 1024 355 moveret,
1056 303 1103 341 ut
1133 301 1319 342 hominis
1345 301 1477 341 omni-

134 358 214 399 bus
254 373 419 399 mecum
460 359 611 399 studiis
652 359 887 413 officiisque
931 360 1265 400 coniunctissimi
1307 374 1477 400 movere

136 417 327 458 debebat.
389 417 428 458 A
459 420 500 457 te
532 417 613 458 hoc
645 418 759 458 omni
792 418 1061 459 contentione
1091 421 1203 473 peto,
1236 419 1295 459 sic
1320 421 1367 459 ut
1392 434 1477 459 ma-

135 476 223 516 iore
256 490 372 529 cura,
403 476 562 516 maiore
594 476 724 516 animi
755 476 899 517 labore
931 479 1072 531 petere
1104 492 1189 518 non
1219 477 1397 531 possim,
1430 480 1477 517 ut

135 534 188 574 ad
219 549 277 588 ea,
310 548 415 588 quae
446 537 519 574 tua
551 537 699 588 sponte
725 535 814 575 sine
840 535 1088 589 cuiusquam
1113 536 1477 577 commendatione

134 593 292 633 faceres
324 594 368 633 in
398 593 614 633 hominem
646 596 813 634 tantum
842 596 883 634 et
906 594 1042 649 ,talem
1068 595 1372 649 calamitosum,
1405 595 1477 635 ali-

136 666 262 705 quem
294 652 485 692 adferant
517 652 732 692 cumulum
763 667 879 693 meae
910 653 1098 707 litterae,
1130 668 1213 708 quo
1246 653 1476 694 studiosius

137 725 250 765 eum,
289 710 623 764 quibuscumque
662 711 786 751 rebus
817 712 971 765 possis,
1012 713 1140 752 iuves.
1202 711 1362 761 Quodsi
1393 712 1476 753 Ro-

135 783 227 809 mae
269 769 439 823 fuisses,
481 769 609 809 etiam
649 769 828 810 salutem
864 769 913 810 A.
948 769 1149 811 Caecinae
1187 785 1392 825 essemus,
1429 773 1477 811 ut

137 828 280 882 opinio
312 842 405 868 mea
436 828 535 881 fert,
575 842 650 882 per
680 831 721 869 te
755 829 985 883 consecuti,
1024 829 1073 870 de
1106 844 1188 883 qua
1219 832 1362 870 tamen
1392 845 1477 870 ma-

135 901 263 942 gnam
289 901 406 940 spem
430 886 634 927 habemus
659 887 758 928 freti
785 887 1005 928 clementia
1026 888 1211 944 collegae
1231 888 1305 929 tui.
1339 887 1476 942 Nunc,

136 945 337 999 quoniam
374 948 491 985 tuam
529 945 735 986 iustitiam
773 949 940 986 secutus
976 947 1238 987 tutissimum
1270 947 1352 987 sibi
1383 961 1478 1001 por-

136 1006 229 1044 tum
264 1004 527 1058 provinciam
564 1004 689 1044 istam
727 1004 848 1045 duxit
886 1019 990 1059 esse,
1033 1006 1160 1046 etiam
1192 1009 1317 1060 atque
1350 1006 1478 1046 etiam

135 1065 177 1103 te
208 1077 314 1118 rogo
347 1065 472 1116 atque
506 1077 592 1116 oro,
624 1066 671 1103 ut
697 1078 793 1103 eum
819 1066 860 1104 et
885 1063 930 1103 in
956 1063 1147 1118 reliquiis
1172 1064 1326 1105 veteris
1351 1079 1478 1120 nego-

135 1121 327 1162 tiationis
360 1121 608 1176 colligendis
640 1122 758 1162 iuves
790 1124 832 1162 et
863 1122 1012 1163 ceteris
1044 1123 1170 1163 rebus
1201 1126 1320 1178 tegas
1352 1125 1478 1177 atque

135 1182 290 1221 tueare.
350 1178 445 1221 Hoc
476 1180 582 1220 mihi
614 1181 779 1236 gratius
810 1181 946 1221 facere
977 1181 1087 1222 nihil
1116 1184 1248 1236 potes.

724 1332 896 1374 LXVII.

419 1411 493 1447 Ser.
520 1412 668 1455 Romae,
693 1416 735 1447 ut
758 1413 912 1456 videtur,
938 1425 971 1448 α.
1000 1416 1074 1449 708
1105 1415 1194 1459 (46).

398 1493 447 1529 M.
475 1493 642 1528 CICERO
669 1494 707 1529 P.
736 1494 955 1529 SERVILIO
981 1494 1150 1529 PROPR.
1179 1495 1212 1530 S.

224 1587 290 1628 Ex
328 1589 546 1642 provincia
586 1604 680 1630 mea
718 1589 951 1645 Ciliciensi,
993 1591 1060 1631 cui
1098 1591 1178 1631 scis
1216 1599 1331 1646 τρεῖς
1369 1593 1478 1633 διοι-

135 1647 281 1699 κήσεις
311 1647 519 1687 Asiaticas
557 1647 793 1689 adtributas
830 1649 976 1703 fuisse,
1016 1649 1134 1689 nullo
1175 1664 1269 1690 sum
1300 1650 1478 1690 familia-

136 1704 224 1745 rius
255 1719 354 1745 usus
387 1720 513 1759 quam
543 1705 762 1759 Androne,
794 1706 1040 1747 Artemonis
1070 1708 1178 1761 filio,
1215 1708 1477 1762 Laodicensi,

85 1781 98 1799 ·-
137 1777 316 1817 eumque
347 1763 478 1804 habui
510 1764 554 1804 in
585 1778 632 1804 ea
664 1764 834 1805 civitate
864 1779 959 1806 cum
989 1765 1202 1818 hospitem
1233 1769 1325 1806 tum
1349 1764 1478 1807 'vehe-

136 1825 300 1862 menter
337 1821 389 1862 ad
425 1836 541 1862 meae
573 1823 684 1863 vitae
722 1823 930 1864 rationem
962 1826 1003 1863 et
1035 1824 1383 1865 consuetudinem
1414 1839 1478 1865 ac-

137 1880 467 1935 commodatum,
494 1895 619 1934 quem
645 1881 815 1934 quidem
834 1882 970 1922 multo
991 1882 1119 1922 etiam
1142 1882 1289 1936 pluriS,
1314 1885 1478 1936 postea-

137 1953 263 1992 quam
290 1939 457 1992 decessi,
490 1940 625 1979 facere
652 1940 782 1993 coepi,
814 1940 929 1993 quod
952 1941 1099 1981 multis
1125 1940 1251 1981 rebus
1278 1944 1476 1995 expertus

137 2011 230 2038 sum
260 2000 430 2053 gratum
460 1997 677 2038 hominem
707 1998 873 2052 meique
904 2013 1146 2040 memorem.
1201 1998 1350 2053 Itaque
1382 2014 1478 2040 eum

137 2055 298 2096 Romae
329 2056 609 2096 libentissime
640 2056 748 2111 vidj3
786 2071 872 2097 non
903 2060 944 2098 te
977 2058 1090 2098 enim
1122 2058 1250 2112 fugit,
1283 2058 1356 2111 qui
1387 2058 1479 2112 plu-

137 2114 256 2155 rimis
299 2115 343 2155 in
386 2115 467 2154 ista
509 2114 728 2168 provincia
767 2115 950 2171 benigne
988 2116 1144 2170 fecisti,
1188 2131 1315 2170 quam
1352 2117 1477 2157 multi

136 2173 248 2227 grati
279 2173 553 2228 reperiantur.

224 2230 340 2272 Haec
375 2234 599 2285 propterea
635 2231 801 2286 scripsi,
843 2234 891 2272 ut
928 2236 968 2273 et
1006 2248 1072 2273 me
1110 2247 1195 2273 non
1234 2234 1323 2274 sine
1355 2247 1479 2275 causa
1504 2245 1523 2275 2

135 2288 328 2330 laborare
359 2290 642 2346 intellegeres,
681 2292 721 2330 et
753 2293 800 2331 tu
832 2291 921 2344 ipse
954 2305 1049 2332 eum
1083 2291 1258 2346 dignum
1288 2292 1477 2346 hospitio
