1659 2552
159 129 244 171 296
668 128 1008 163 EPISTULARUM

159 226 316 267 fecerat
359 224 529 266 ordines
572 224 779 278 equestris
822 221 944 277 loci)3
989 222 1377 276 quattuorviratum
1422 223 1505 264 sibi

159 284 425 340 prorogavit·
464 284 635 324 comitii
673 282 834 323 biennii
868 281 998 322 biduo
1031 280 1199 334 habuit,
1236 280 1318 322 hoc
1350 284 1413 323 est
1444 296 1504 323 re-

159 343 385 396 nuntiavit,
418 356 523 396 quos
556 342 593 382 ei
626 342 763 382 risum
796 343 876 396 est,
918 339 1083 381 exsules
1115 339 1284 381 reduxit
1316 354 1401 381 non
1432 340 1505 382 ho-

160 417 254 443 rum
279 404 533 455 tempor-,um
565 400 638 441 sed
663 400 847 453 illorum,
875 399 1029 454 quibus
1056 413 1080 438 a
1105 398 1317 440 seditiosis
1337 401 1504 440 senatus

113 472 134 503 3
160 460 396 502 trucidatus
440 462 513 500 aut
557 459 756 512 expulsus
801 461 864 499 est
907 456 1000 498 Sex.
1042 456 1158 498 Varo
1202 471 1364 511 procos.
1426 457 1505 499 Illa
1541 469 1558 495 ⁵

158 534 259 561 vero
286 519 370 560 iam
396 533 447 559 ne
470 517 659 558 Caesaris
686 517 857 572 quidem
883 515 1088 570 exemp10,
1115 516 1229 570 quod
1254 516 1365 558 ludis
1390 531 1506 571 prae-

160 581 321 619 textam
354 577 403 618 de
437 591 511 617 suo
545 577 695 617 itinere
728 575 780 616 ad
813 575 859 617 L.
891 574 1120 616 Lentulum
1158 589 1320 629 procos.
1353 575 1507 616 sollici-

161 637 336 678 tandum
375 636 538 690 posuit,
581 638 622 676 et
654 635 846 689 quidem,
884 648 980 675 cum
1017 636 1234 689 ageretur,
1274 634 1392 675 flevit
1423 649 1507 675 me-

159 696 295 737 moria
323 709 463 735 rerum
495 697 711 749 gestarum
738 695 993 748 commotus3
1024 692 1333 748 gladiatoribus
1365 696 1507 734 autem

162 754 338 795 Fadium
366 750 586 807 quendam,
618 753 799 793 militem
826 751 1144 806 Pompeianum,
1177 752 1287 807 quia,
1319 766 1414 793 cum
1441 751 1507 792 de-
1527 763 1561 788 10

160 827 329 868 pressus
374 813 417 852 in
460 812 608 852 ludum
652 811 718 852 bis
762 811 895 866 gratis
940 811 1244 866 depugnasset,
1288 814 1507 852 auctorare

161 886 249 913 sese
281 871 454 911 nolebat
480 873 521 911 et
547 870 600 911 ad
630 870 837 924 populum
863 870 1125 925 confugerat,
1156 869 1343 924 primum
1365 868 1509 910 Gallos

161 931 324 984 equites
350 930 528 970 immisit
554 930 598 970 in
622 929 829 983 populum
862 927 1061 984 (coniecti
1088 928 1199 969 enim
1225 928 1385 983 lapides
1411 931 1509 969 sunt

161 990 205 1030 in
238 1004 350 1043 eum,
390 1002 485 1029 cum
524 988 790 1042 abriperetur
826 986 1019 1041 Fadius),
1062 987 1210 1028 deinde
1249 987 1509 1028 abstractum

163 1048 324 1089 defodit
355 1048 400 1088 in
431 1047 531 1088 ludo
559 1049 601 1088 et
626 1047 770 1087 vivum
797 1046 1031 1100 conbussit,
1065 1060 1159 1086 cum
1186 1046 1356 1100 quidem
1386 1061 1510 1100 pran-
1530 1056 1562 1082 1⁵

163 1121 232 1148 sus
263 1106 388 1147 nudis
419 1106 616 1160 pedibus,
653 1106 798 1147 tunica
836 1105 991 1159 soluta,
1029 1104 1226 1145 manibus
1257 1105 1310 1145 ad
1340 1108 1509 1161 tergum

164 1166 331 1206 reiectis
372 1165 656 1206 inambularet
697 1167 739 1205 et
779 1164 842 1205 illi
883 1164 1038 1205 misero
1080 1164 1320 1218 quiritanti:
1361 1162 1428 1204 <(3.
1460 1163 1510 1204 R.

162 1227 287 1265 natus
319 1224 433 1265 sum’
467 1224 757 1278 responder:et
796 1222 901 1263 eAbi
935 1237 1064 1276 nunc,
1096 1223 1244 1288 populi
1276 1222 1403 1263 fidem
1435 1222 1512 1263 im-

161 1283 321 1338 plora'3
353 1282 502 1323 bestiis
533 1297 633 1323 vero
667 1282 770 1322 civis
802 1281 1029 1335 Romanos,
1062 1281 1105 1321 in
1138 1281 1190 1321 iis
1216 1281 1510 1322 circulatorem

163 1341 373 1396 quendam
394 1341 651 1394 auctionum,
677 1340 948 1381 notissimum
967 1340 1184 1380 hominem
1204 1339 1384 1394 Hispali,
1411 1340 1510 1393 quia
1530 1351 1564 1375 20

165 1400 365 1441 deformis
406 1402 515 1453 erat,
557 1400 723 1440 obiecit.
793 1398 899 1440 Cum
938 1398 1113 1439 huiusce
1154 1398 1269 1439 modi
1310 1400 1510 1452 portento

164 1474 230 1500 res
262 1458 368 1499 1111111
400 1459 493 1499 fuit.
888 1509 896 1513 ἱ

117 1527 138 1557 4
254 1516 336 1557 Sed
371 1516 421 1557 de
455 1516 529 1557 illo
565 1516 687 1570 plura
723 1529 881 1570 coram,
918 1529 1049 1569 nunc,
1082 1515 1195 1569 quod
1227 1517 1377 1569 restat,
1409 1514 1513 1569 quid

163 1590 230 1616 me
257 1575 397 1616 velit-is
429 1576 576 1628 facere,
610 1574 867 1615 constituite.
930 1573 1025 1614 Tris
1050 1574 1240 1629 legiones
1272 1574 1416 1614 firmas
1439 1573 1512 1614 ha-

163 1634 261 1688 beo,
300 1648 478 1688 quarum
517 1648 660 1687 unam,
698 1632 904 1686 XXVIII,
943 1647 1038 1673 cum
1076 1633 1128 1673 ad
1166 1648 1208 1673 se
1247 1632 1371 1673 initio
1410 1632 1511 1673 belli
1531 1643 1566 1668 25

164 1693 404 1734 arcessisset
423 1692 637 1733 Antonius
662 1692 740 1732 hac
765 1691 1088 1745 pollicitatione,
1115 1706 1198 1746 quo
1220 1691 1286 1732 die
1306 1691 1350 1731 in
1377 1693 1513 1732 castra

164 1752 366 1806 venisset,
411 1751 604 1792 denarios
647 1751 883 1806 quingenos
924 1750 1104 1806 singulis
1144 1750 1354 1791 militibus
1396 1749 1513 1790 datu-

165 1825 278 1865 rum,
311 1811 354 1851 in
386 1811 566 1851 victoria
597 1823 697 1850 vero
730 1809 874 1850 eadem
906 1809 1094 1863 praemia
1127 1823 1232 1863 quae
1265 1809 1351 1849 suis
1382 1808 1514 1864 legio—

164 1869 290 1910 nibus
323 1868 524 1923 (quorum
557 1869 651 1922 quis
683 1867 814 1908 ullam
847 1869 975 1909 finem
1007 1871 1080 1908 aut
1114 1867 1288 1908 modum
1320 1867 1513 1907 futurum

164 1927 400 1984 putabit?)‚
432 1927 771 1968 incitatissimam
805 1927 960 1967 retinui
994 1942 1117 1982 aegre
1150 1926 1410 1967 mehercules
1435 1939 1512 1966 nec
1532 1937 1566 1962 30

165 1987 446 2041 retinuissem,
479 1987 513 2027 si
546 2000 630 2027 uno
662 1986 756 2026 loco
787 1986 1042 2039 habuissem,
1074 1988 1222 2039 utpote
1249 1998 1344 2025 cum
1371 1984 1513 2039 singu-

164 2046 228 2086 lae
274 2021 479 2100 quaedam
524 2045 718 2086 cohortes
762 2044 1013 2085 seditionem
1057 2044 1243 2085 fecerint.
1311 2042 1514 2096 Reliquas

166 2119 334 2158 quoque
383 2104 573 2160 legiones
615 2117 702 2144 non
753 2103 916 2144 destitit
959 2103 1115 2143 litteris
1165 2105 1289 2155 atque
1334 2101 1514 2142 infinitis

165 2163 552 2217 pollicitationibus
597 2162 784 2203 incitare.
856 2161 947 2203 Nec
990 2176 1089 2202 vero
1139 2161 1279 2202 minus
1328 2159 1514 2214 Lepidus
1645 2174 1653 2201 1

168 2222 274 2261 ursit
306 2236 373 2262 me
406 2225 447 2262 et
479 2222 565 2262 suis
597 2224 639 2262 et
670 2220 833 2261 Antoni
863 2220 1039 2274 litteris,
1071 2222 1118 2261 ut
1148 2219 1361 2275 legionem
1392 2217 1513 2259 XXX
1532 2229 1566 2254 35

122 2290 140 2319 5
168 2280 382 2320 mitterem
415 2280 507 2321 sibi.
570 2279 730 2334 Itaque,
763 2293 888 2333 quem
915 2254 1147 2320 exercitum
1171 2292 1307 2331 neque
1332 2277 1512 2318 vendere

169 2338 266 2378 ullis
292 2339 491 2392 praemiis
518 2339 633 2379 volui
659 2352 734 2378 nec
762 2352 907 2378 eorum
932 2337 1217 2392 periculorum
1248 2338 1376 2390 metu,
1408 2349 1514 2390 quae
