1659 2552
573 69 717 103 LIBER
741 68 826 103 xm
852 72 1001 104 28—29.
1376 69 1461 110 393

116 178 249 219 egere.
310 163 460 218 Itaque
493 164 552 205 sic
584 164 711 205 velim
744 164 976 219 existimes,
1007 179 1074 205 me
1108 164 1244 205 omnis
1275 163 1460 205 Achaiae
1487 176 1507 206 2

117 223 308 264 civitates
340 223 539 264 arbitrari
571 237 649 277 pro
680 223 834 264 horum
869 226 1109 277 temporum
1140 223 1460 277 perturbatione

115 282 267 335 felic-is,
309 282 423 336 quod
460 282 513 322 iis
550 284 598 323 tu
637 282 813 336 praesis,
855 282 1116 336 eundemque
1154 296 1221 322 me
1259 282 1319 322 ita
1356 281 1461 322 iudi-

117 354 226 395 care,
259 344 318 395 te,
360 340 474 394 quod
512 355 620 381 unus
652 341 810 395 optime
841 355 986 382 nosses
1016 355 1103 381 non
1134 343 1281 381 nostra
1312 340 1460 394 solum,

81 410 97 435 5
117 399 190 440 sed
215 399 343 440 etiam
371 398 568 440 Graeciae
594 402 869 440 monumenta
895 399 1047 454 omnia,
1079 402 1153 440 tua
1184 402 1334 453 sponte
1360 399 1460 439 ami-

117 472 212 498 cum
242 457 586 499 Lacedaemoniis
625 460 665 498 et
703 472 791 499 esse
831 461 872 499 et
906 459 1006 499 fore.
1069 457 1206 507 Quare
1238 460 1405 498 tantum
1438 472 1461 497 a

116 520 157 556 te
189 519 306 570 peto,
344 519 408 570 ut,
448 530 576 570 quom
614 530 662 557 ea
698 517 826 557 facies
856 516 1286 557 Lacedaemoniorum
1326 530 1461 569 causa,

117 589 223 628 quae
254 578 328 616 tua
358 575 479 629 fides,
517 575 770 629 amplitudo,
809 575 972 616 iustitia
1002 575 1208 629 postulat,
1246 578 1292 615 ut
1324 575 1394 629 iis,
1426 574 1461 615 si

116 633 198 674 tibi
234 634 466 687 videbitur,
508 634 720 689 significes
757 637 798 675 te
836 648 921 674 non
962 634 1139 675 moleste
1179 634 1306 688 ferre,
1348 632 1461 687 quod

64 705 97 729 10
117 692 339 748 intellegas
383 706 448 746 ea,
493 707 598 746 quae
642 693 790 746 facias,
834 693 940 733 mihi
985 707 1153 746 quoque
1196 694 1318 748 grata
1361 706 1461 732 esse.

115 750 307 792 Pertinet
339 751 452 791 enim
484 751 536 791 ad
568 752 756 792 officium
788 766 929 792 meum
961 766 1032 792 eos
1064 751 1306 792 existimare
1338 765 1461 791 curae

116 810 224 850 mihi
261 824 356 850 suas
397 824 462 851 res
500 824 600 850 esse.
676 809 769 850 Hoc
812 812 854 850 te
897 813 1114 851 vementer
1158 809 1285 851 etiam
1335 812 1461 864 atque

118 869 246 909 etiam
280 882 397 924 rogo.

714 972 866 1014 XXIX.

64 1067 97 1091 15
232 1053 305 1089 Ser.
333 1053 470 1089 Romae
494 1055 548 1088 rel
573 1064 625 1088 ex.
653 1065 685 1088 α.
715 1056 788 1088 ’707
814 1056 892 1097 (47)
928 1055 982 1088 vel
1013 1054 1063 1088 in.
1091 1065 1124 1088 α.
1153 1056 1226 1088 708
1256 1056 1346 1097 (46).

496 1135 544 1169 Μ.
573 1134 740 1169 CICERO
767 1135 806 1170 L.
832 1134 1021 1169 PLANCO
1050 1134 1083 1170 S.

206 1217 306 1260 Non
338 1218 505 1272 dubito,
547 1219 650 1271 quin
683 1218 788 1258 scias
820 1218 864 1258 in
896 1219 948 1258 iis
979 1218 1243 1273 necessariis,
1277 1218 1349 1272 qui
1381 1218 1462 1259 tibi
1490 1229 1506 1261 1

119 1292 142 1318 a
172 1280 293 1332 patre
324 1277 462 1318 relicti
494 1277 596 1331 sint,
633 1292 700 1317 me
738 1277 818 1317 tibi
851 1291 939 1317 esse
971 1277 1038 1318 vel
1070 1277 1463 1318 coniunctissimum

117 1350 204 1377 non
240 1336 293 1376 iis
329 1336 456 1376 modo
496 1335 651 1390 causis,
693 1349 799 1389 quae
840 1336 1022 1389 speciem
1061 1335 1246 1376 habeant
1285 1350 1464 1391 magnae

65 1407 99 1432 20
119 1394 440 1447 coniunctionis,
474 1395 547 1434 sed
577 1394 629 1435 iis
662 1394 802 1448 etiam,
834 1409 940 1448 quae
971 1394 1261 1434 familiaritate
1294 1397 1336 1435 et
1367 1408 1462 1435 con—

119 1453 341 1494 suetudine
365 1455 575 1507 tenentur,
605 1467 731 1506 quam
757 1453 837 1493 scis
862 1453 969 1493 mihi
995 1453 1341 1493 iucundissimam
1368 1467 1463 1493 cum

118 1515 238 1566 patre
269 1514 343 1552 tuo
376 1514 417 1552 et
449 1526 657 1552 summam
688 1511 828 1552 fuisse.
890 1510 959 1551 Ab
990 1512 1058 1552 his
1089 1512 1224 1552 initiis
1249 1514 1394 1552 noster
1419 1512 1463 1551 in

118 1573 160 1610 te
193 1584 312 1610 amor
347 1570 563 1624 profectus
601 1570 719 1610 auxit
755 1572 976 1623 paternam
1012 1570 1384 1624 necessitudinem,
1423 1573 1464 1610 et

121 1643 169 1669 eo
195 1628 349 1683 magis,
382 1628 496 1682 quod
520 1628 724 1681 intellexi,
755 1631 803 1669 ut
833 1629 1020 1681 primum
1050 1643 1126 1682 per
1151 1631 1333 1669 aetatem
1358 1628 1464 1669 iudi-

68 1698 100 1723 25
121 1687 233 1727 cium
275 1687 411 1727 facere
454 1686 665 1740 potueris,
709 1687 857 1740 quanti
902 1687 1079 1740 quisque
1123 1687 1204 1727 tibi
1247 1687 1464 1727 faciendus

120 1748 240 1799 esset,
271 1759 337 1785 me
370 1759 393 1784 a
424 1747 466 1785 te
497 1744 541 1784 in
572 1745 722 1798 primis
754 1747 950 1798 coeptum
982 1759 1070 1785 esse
1103 1746 1338 1798 opservari,
1370 1745 1464 1798 coli,

121 1803 253 1859 diligi.
315 1802 554 1843 Accedebat
596 1817 682 1843 non
724 1803 936 1843 mediocre
979 1803 1195 1843 vinculum
1241 1817 1335 1843 cum
1379 1806 1463 1843 stu-

121 1863 304 1915 diorum,
347 1861 460 1915 quod
504 1861 643 1914 ipsum
687 1864 750 1901 est
792 1876 868 1914 per
912 1875 954 1901 se
997 1876 1143 1917 grave,
1186 1864 1279 1901 tum
1317 1875 1464 1902 eorum

121 1920 358 1962 studiorum
399 1934 625 1973 earumque
667 1919 838 1973 artium,
881 1933 986 1972 quae
1026 1934 1102 1973 per
1143 1934 1185 1960 se
1225 1920 1342 1973 ipsae
1381 1934 1463 1974 eOS,

67 1991 101 2016 30
121 1980 193 2034 qui
231 1979 449 2019 voluntate
488 1978 632 2018 eadem
670 1980 788 2032 sunt,
829 1977 957 2018 etiam
995 1978 1284 2018 familiaritate
1324 1978 1465 2018 devin-

121 2038 250 2079 ciunt.

208 2096 465 2149 Exspectare
505 2097 547 2135 te
591 2094 794 2148 arbitror,
837 2094 940 2135 haec
984 2097 1071 2134 tam
1114 2094 1241 2149 longe
1284 2094 1465 2148 repetita
1490 2105 1510 2135 2

119 2155 329 2209 principia
360 2168 443 2207 quo
476 2155 676 2206 spectent.
737 2151 788 2193 Id
818 2153 1004 2206 primum
1036 2167 1137 2208 ergo
1169 2153 1346 2206 habeto,
1379 2168 1465 2194 non

120 2213 209 2254 sine
240 2227 395 2268 magna
425 2212 619 2265 iustaque
653 2225 776 2252 causa
806 2211 915 2252 hanc
947 2226 971 2251 a
1001 2225 1068 2252 me
1101 2212 1465 2252 commemoratio-

67 2282 100 2307 35
119 2286 216 2313 nem
249 2286 337 2312 esse
370 2272 535 2311 factam.
