1659 2552
137 2070 156 2099 Ν)

182 87 270 129 420
685 87 1025 123 EPISTULARUM

183 182 319 224 facere
350 183 487 237 possis
525 181 641 239 (nam
675 183 777 238 quin
811 183 932 237 velis,
964 197 1050 224 non
1083 182 1270 239 dubito),
1308 183 1453 238 velim,
1491 183 1528 225 si

182 242 264 282 tibi
295 257 423 298 grave
454 256 540 283 non
573 243 670 297 erit,
704 242 928 283 certiorem
958 257 1025 283 me
1058 242 1196 284 facias.

758 369 949 412 LXXIV.

450 451 524 486 Ser.
551 451 688 485 Romae
716 451 791 486 eod.
817 455 920 495 temp.
948 461 1016 496 (1110
1041 462 1093 495 ep.
1124 451 1269 486 XLIV.

430 532 478 567 M.
507 532 676 570 CICERO
704 531 744 573 Q.
772 532 993 567 PHILIPPO
1020 532 1214 568 PROCOS.
1243 532 1276 567 S.
1566 546 1582 571 5

271 628 365 669 Etsi
397 642 484 669 non
517 628 666 668 dubito
697 642 775 682 pro
807 630 881 668 tua
906 628 950 668 in
975 643 1042 668 me
1069 628 1337 682 opservantia
1367 642 1529 683 proque

183 690 327 728 nostra
360 687 680 741 necessitudine,
713 687 816 741 quin
849 687 1258 728 commendationem
1283 702 1421 728 meam
1446 702 1529 728 me-

183 747 319 787 moria
350 749 505 800 teneas,
537 749 678 786 tamen
705 746 833 786 etiam
866 748 992 799 atque
1019 746 1146 786 etiam
1173 746 1351 787 eundem
1376 746 1457 787 tibi
1482 745 1528 787 L.

184 804 388 859 Oppium,
427 805 680 845 familiarem
712 819 870 858 meum,
911 807 1176 859 praesentem
1208 807 1250 845 et
1280 805 1326 846 L.
1358 804 1529 860 Egnati,

183 863 505 904 familiarissimi
537 863 638 918 mei,
671 863 856 918 apsentis
887 863 1059 919 negotia
1085 863 1344 905 commendo.
1394 863 1531 904 Tanta
1549 877 1582 902 10

183 923 290 963 mihi
336 937 431 963 cum
475 936 524 963 eo
568 922 833 963 necessitudo
878 925 940 963 est
977 922 1345 977 familiaritasque,
1388 925 1452 977 ut,
1495 923 1530 963 si

183 996 277 1022 mea
308 996 374 1022 res
400 984 520 1035 esset,
551 996 637 1022 non
669 981 805 1037 inagis
835 981 1083 1022 laborarem.
1147 981 1413 1036 Quapropter
1437 996 1530 1037 gra-

183 1040 397 1081 tissimum
428 1040 535 1080 mihi
573 1040 740 1093 feceris,
779 1040 813 1080 si
846 1040 1026 1094 curaris,
1065 1042 1111 1080 ut
1144 1040 1179 1081 is
1211 1040 1432 1096 intellegat
1461 1055 1529 1081 me

184 1114 207 1139 a
238 1101 280 1139 te
312 1102 479 1139 tantum
512 1099 657 1153 amari,
689 1101 895 1152 quantum
928 1099 1016 1152 ipse
1050 1099 1258 1140 existimo.
1303 1098 1397 1140 Hoc
1422 1099 1526 1140 mihi

183 1158 347 1213 gratius
388 1158 524 1198 facere
568 1157 677 1198 nihil
719 1161 864 1212 potes,
914 1158 1041 1211 idque
1085 1160 1132 1198 ut
1176 1158 1328 1212 facias,
1377 1160 1420 1198 te
1462 1171 1529 1199 ve-
1549 1170 1582 1196 15

183 1219 349 1257 menter
381 1230 499 1272 rogo.

773 1321 942 1363 LXXV.

313 1400 388 1436 Ser.
416 1401 553 1437 Romae
578 1403 632 1437 vel
657 1413 710 1437 ex.
737 1413 770 1436 α.
800 1403 872 1436 702
899 1404 978 1444 (52)
1001 1402 1056 1437 vel
1080 1402 1130 1436 in.
1157 1413 1191 1437 a.
1219 1402 1290 1436 703
1319 1403 1408 1444 (51).

425 1494 473 1530 M.
501 1494 669 1529 CICERO
697 1494 736 1529 T.
764 1493 891 1529 TITIO
917 1494 957 1529 T.
983 1494 1021 1529 F.
1050 1494 1152 1529 LEG.
1181 1494 1214 1530 S.
1241 1493 1284 1529 D.

274 1589 366 1630 Etsi
401 1604 485 1630 11011
520 1590 686 1643 dubito,
725 1590 827 1643 quin
865 1590 976 1644 apud
1014 1592 1055 1631 te
1092 1604 1186 1631 mea
1217 1589 1528 1631 commendatio
1547 1604 1581 1630 20

184 1649 322 1703 prima-
354 1649 456 1689 satis
488 1649 642 1702 valeat,
680 1652 822 1689 tamen
855 1663 1066 1703 opsequor
1095 1649 1259 1689 homini
1292 1649 1530 1689 familiaris-

185 1708 304 1761 simo,
339 1707 381 1747 (ζῖ.
408 1706 590 1748 Avianio
617 1707 779 1761 Flacco,
812 1708 930 1748 cuius
956 1723 1079 1748 causa
1105 1708 1247 1748 omnia
1279 1721 1373 1748 cum
1405 1707 1529 1761 cupio

183 1769 276 1807 tum
308 1766 547 1807 mehercule
586 1767 714 1807 etiam
747 1767 890 1807 debeo.
952 1767 1015 1807 De
1049 1780 1132 1821 quo
1165 1770 1206 1807 et
1242 1780 1439 1820 praesens
1471 1769 1530 1807 te-

185 1839 280 1865 cum
307 1825 374 1880 egi
403 1825 648 1881 diligenter,
681 1839 777 1866 cum
808 1828 855 1866 tu
887 1825 993 1866 mihi
1024 1825 1328 1866 humanissime
1360 1838 1529 1878 respon-

185 1883 297 1938 disti,
329 1886 371 1924 et
403 1884 551 1938 scripsi
585 1884 637 1924 ad
667 1886 709 1925 te
742 1887 933 1924 accurate
966 1887 1105 1939 antea,
1145 1884 1218 1925 sed
1248 1886 1371 1938 putat
1401 1883 1528 1923 inter·
1547 1896 1580 1922 25

184 1956 273 1983 esse
310 1956 385 1983 sua
422 1957 489 1983 me
527 1942 579 1982 ad
615 1945 657 1983 te
690 1957 816 1996 quam
854 1943 1096 1997 saepissime
1134 1942 1328 1983 scribere.
1390 1940 1527 1990 Quare

183 2001 311 2041 velim
352 2001 457 2041 mihi
501 2001 713 2056 ignoscas,
756 2001 790 2042 si
832 2001 946 2042 illius
983 2001 1194 2042 voluntati
1233 2003 1528 2055 optemperans

183 2059 324 2100 minus
356 2059 533 2100 videbor
563 2059 804 2100 meminisse
836 2060 1096 2100 constantiae
1127 2063 1235 2100 tuae.
1284 2058 1323 2099 A
1348 2061 1389 2098 te
1415 2058 1526 2099 idem

184 2117 291 2158 illud
326 2121 443 2172 peto,
488 2121 535 2158 ut
574 2118 623 2158 de
661 2118 775 2172 loco,
818 2133 901 2172 quo
941 2118 1135 2172 deportet
1166 2118 1447 2171 frumentum,
1486 2120 1527 2158 et

184 2176 233 2216 de
265 2179 455 2230 tempore
481 2176 663 2217 Avianio
697 2177 948 2230 commodes,
981 2191 1163 2231 quorum
1194 2178 1420 2228 utrumque
1451 2190 1527 2229 per
1546 2189 1579 2213 30

183 2235 360 2275 eundem
405 2249 471 2275 me
517 2235 702 2289 optinuit
746 2236 995 2289 triennium,
1040 2235 1138 2275 dum
1182 2233 1409 2287 Pompeius
1454 2234 1525 2276 isti

182 2294 354 2347 negotio
381 2294 576 2347 praefuit.
623 2293 795 2335 Summa
817 2297 890 2348 est,
923 2294 967 2334 in
993 2308 1076 2348 quo
1102 2292 1208 2334 mihi
1233 2292 1524 2347 gratissimum
1556 2292 1559 2293 ⁷
