1659 2552
126 1194 146 1223 10

170 88 258 129 534
672 87 1009 122 EPISTULARUM

169 184 323 224 fiducia
362 183 655 237 conturbaret,
695 183 861 237 lusique
898 183 942 223 in
980 197 1028 224 eo
1068 197 1222 238 genere
1259 184 1301 224 et
1332 181 1509 223 familia-

170 243 272 283 riter
313 244 355 283 et
395 257 490 283 cum
532 242 749 297 dignitate.
812 241 946 282 Amor
986 245 1126 282 autem
1167 241 1256 282 eius
1295 255 1396 297 erga
1431 254 1509 282 nos

168 303 380 356 perfertur
411 301 599 342 omnium
631 301 793 341 nuntiis
824 300 1060 356 singularis.
1121 299 1307 341 Litterae
1339 299 1509 354 quidem

169 360 222 401 ad
252 360 307 414 id,
339 360 453 414 quod
484 362 711 413 exspectas,
746 360 832 400 fere
865 374 959 399 cum
990 362 1065 400 tuo
1098 359 1237 400 reditu
1268 359 1509 415 iungentur.

168 418 349 473 Reliqua
387 419 652 473 singulorum
689 418 850 458 dierum
883 418 1114 459 scribemus
1149 418 1201 458 ad
1231 420 1284 471 te,
1317 418 1351 458 si
1382 417 1509 459 modo

168 477 413 519 tabellarios
444 482 491 518 tu
522 477 754 531 praebebis.
817 476 1082 531 Quamquam
1108 477 1196 517 eius
1227 476 1342 517 modi
1374 476 1510 532 frigus

169 537 459 590 impendebat,
500 539 546 576 ut
587 550 798 576 summum
838 536 1074 590 periculum
1114 538 1239 589 esset,
1279 549 1330 576 ne
1367 534 1509 590 Appio

169 610 267 636 suae
299 595 420 636 aedes
452 598 684 635 urerentur.

710 710 781 752 XI.
815 710 967 766 [xm]

331 792 404 828 Ser.
431 792 568 827 Romae
596 804 628 827 α.
656 792 689 827 d.
719 791 822 826 XVI
843 791 890 825 K.
918 791 1081 826 Martias
1105 803 1137 826 α.
1167 794 1238 826 700
1265 793 1355 835 (54).

406 861 600 896 MARCUS
627 860 808 903 QUINTO
833 860 1012 895 FRATRI
1043 861 1276 896 SALUTEM.

260 946 351 987 Risi
396 946 561 987 enivem
605 946 773 999 atram',
817 948 942 1000 teque
984 945 1110 986 hilari
1154 945 1295 986 animo
1338 959 1426 986 esse
1469 947 1512 986 et

171 1008 370 1060 prompto
409 1005 460 1046 ad
499 1005 721 1046 iocandum
759 1004 879 1045 valde
917 1019 983 1045 me
1024 1005 1151 1045 iuvat.
1213 1004 1276 1045 De
1307 1003 1510 1058 Pompeio

173 1064 388 1105 adsentior
418 1063 499 1104 tibi
531 1064 598 1104 vel
629 1066 676 1104 tu
707 1064 850 1117 potius
880 1063 997 1103 mihi.
1058 1063 1187 1117 Nam,
1220 1066 1267 1103 ut
1299 1063 1395 1117 scis,
1427 1063 1511 1103 iam

171 1123 335 1177 pridem
376 1123 505 1163 istum
547 1125 668 1162 canto
711 1122 940 1162 Caesarem.
1002 1121 1109 1162 Mihi
1151 1121 1290 1175 crede,
1331 1121 1376 1162 in
1416 1121 1510 1162 sinu

174 1185 256 1235 est,
287 1196 423 1235 neque
449 1196 528 1236 ego
556 1181 779 1236 discingor.
843 1180 1059 1235 Cognosce
1089 1194 1201 1221 nunc
1231 1178 1341 1220 Idus.
1391 1179 1512 1221 Deci—

172 1255 266 1281 mus
305 1243 393 1281 erat
427 1240 568 1280 CaeHO
607 1240 704 1280 dies.
766 1239 981 1280 Domitius
1017 1239 1176 1280 iudices
1206 1239 1259 1279 ad
1288 1252 1512 1279 numerum

173 1314 257 1340 non
295 1299 456 1339 habuit.
517 1297 696 1352 Vereor,
733 1312 785 1338 ne
821 1298 948 1338 homo
986 1300 1120 1338 taeter
1157 1300 1198 1338 et
1234 1297 1365 1351 ferus,
1407 1296 1512 1338 Pola

174 1357 361 1411 Servius,
400 1357 452 1397 ad
489 1357 797 1397 accusationem
835 1356 992 1409 veniat3
1030 1371 1128 1396 nam
1164 1359 1308 1396 noster
1346 1355 1511 1396 Caelius

173 1416 293 1456 valde
326 1418 597 1470 oppugnatur
628 1430 650 1455 u
682 1418 807 1470 gente
841 1413 997 1455 Clodia.
1061 1414 1174 1455 Certi
1209 1414 1317 1454 nihil
1349 1417 1411 1454 est
1443 1413 1511 1454 ad-
1531 1429 1546 1452 2

172 1474 273 1528 huc,
306 1475 378 1514 sed
408 1488 612 1514 veremur.
675 1473 835 1513 Eodem
871 1473 1002 1528 igitur
1035 1473 1099 1513 die
1132 1472 1272 1526 Tyriis
1304 1476 1365 1513 est
1397 1486 1512 1513 sena-

173 1536 242 1573 tus
269 1533 390 1572 datus
415 1532 628 1585 frequens3
660 1532 900 1585 frequentes
926 1534 1071 1572 contra
1098 1530 1258 1584 Syriaci
1285 1531 1511 1585 publica-ni.

174 1590 458 1632 Vehementer
496 1593 670 1631 vexatus
704 1589 927 1643 Gabinius3
968 1590 1170 1645 exagitati
1202 1593 1344 1630 tamen
1375 1604 1398 1630 a
1428 1589 1513 1631 Do-

174 1650 296 1690 mitio
328 1649 555 1704 publicani,
588 1648 700 1702 quod
732 1663 827 1689 eum
853 1652 990 1689 essent
1019 1663 1114 1689 cum
1139 1649 1258 1703 equis
1288 1648 1512 1703 prosecuti.

173 1708 218 1748 L.
244 1711 389 1749 noster
406 1707 552 1748 Lamia
579 1707 704 1761 paulo
731 1707 923 1761 ferocius,
956 1721 1050 1748 cum
1076 1707 1292 1748 Domitius
1319 1707 1513 1748 dixisset:

175 1766 373 1807 ‘Vestra
399 1767 543 1820 culpa
575 1766 694 1806 haec
721 1766 1030 1820 acciderunt,
1063 1766 1258 1820 equites
1285 1765 1514 1821 Romani3

176 1825 425 1866 dissolute
464 1825 593 1866 enim
626 1825 905 1879 iudicatis’,
944 1824 1066 1865 ‘Nos
1098 1825 1394 1878 iudicamus,
1427 1838 1514 1865 vos

174 1884 254 1924 1111
266 1884 417 1924 datis
425 1884 616 1937 ,inquit
650 1883 804 1923 Actum
825 1887 887 1923 est
907 1897 955 1923 eo
977 1883 1042 1923 die
1067 1883 1308 1936 nihj13nox
1334 1882 1513 1923 diremit.

177 1942 474 1983 Comitialibus
507 1942 671 1995 diebus,
704 1942 775 1995 qui
803 1941 1036 1990 Quiiinalia
1068 1917 1318 1995 sequuntur,
1349 1941 1514 2006 Appius

176 2001 479 2055 iuterpretatur
509 2015 594 2041 non
632 1975 826 2054 impediri
860 2015 902 2041 se
938 2000 1031 2055 lege
1061 2000 1214 2054 Pupia,
1255 2013 1338 2054 quo
1374 2000 1515 2040 minus

174 2059 328 2100 habeat
361 2062 570 2113 senatum,
608 2062 665 2112 et,
699 2059 811 2112 quod
845 2057 1024 2099 Gabinia
1055 2061 1246 2099 sanctum
1278 2058 1350 2112 sit,
1387 2058 1515 2098 etiam

177 2118 271 2173 cogi
299 2133 350 2159 ex
375 2117 425 2158 K.
457 2117 579 2158 Febr.
612 2131 743 2171 usque
775 2116 827 2157 ad
858 2116 908 2157 K.
936 2117 1110 2157 Martias
1141 2116 1292 2171 legatis
1323 2119 1515 2157 senatum

177 2177 331 2217 cotidie
365 2176 472 2216 dare..
522 2175 587 2217 Ita
618 2178 823 2229 putantur
854 2175 1020 2216 detrudi
1053 2176 1223 2216 comitia
1255 2175 1299 2214 in
1328 2189 1515 2216 mensem

1531 807 1564 832 10

1532 1134 1563 1160 15

1533 1719 1567 1745 25

177 2234 390 2275 Martium.
454 2234 536 2274 Sed
573 2237 713 2274 tamen
748 2233 816 2274 his
853 2234 1138 2275 comitialibus
1173 2233 1334 2274 tribuni
1372 2233 1426 2287 pl.
1466 2233 1516 2274 de
1553 2279 1557 2283 ⁴

180 2291 360 2333 Gabinio
393 2307 436 2333 se
468 2296 635 2333 acturos
667 2307 754 2333 esse
788 2292 943 2333 dicunt.

1534 2302 1569 2327 85
