1659 2552
679 114 822 150 LIBER
846 115 897 150 Vl
923 119 954 150 6.
1419 115 1501 156 149

156 214 230 253 est.
293 211 405 261 Quid
442 226 520 268 ego
559 210 824 266 praetermisi
856 213 928 252 aut
959 210 1222 251 monitorum
1254 212 1326 251 aut
1359 225 1503 265 quere-

156 271 313 325 larum,
351 284 446 311 cum
484 270 551 311 vel
589 270 899 324 iniquissimam
935 283 1083 324 pacem
1124 269 1357 310 iustissimo
1389 269 1501 310 bello

157 330 440 371 anteferrem?
490 328 615 370 Victa
641 332 703 370 est
729 329 958 370 auctoritas
983 342 1077 369 mea
1101 342 1187 369 non
1219 331 1306 369 tam
1333 343 1356 368 a
1380 327 1503 369 Pom-

156 388 252 443 peio
285 386 403 443 (nam
434 388 470 429 is
501 386 770 443 movebatur)
804 402 931 441 quam
962 387 1015 428 ab
1042 386 1106 441 iis,
1139 387 1212 441 qui
1245 387 1348 427 duce
1379 386 1503 427 Pom-

121 462 137 485 5
157 447 254 502 peio
285 447 384 488 freti
414 449 776 501 peropportunam
809 449 850 487 et
882 446 1007 487 rebus
1043 446 1285 486 domesticis
1317 447 1358 486 et
1390 446 1503 499 cupi—

158 505 363 547 ditatibus
395 506 481 546 suis
512 506 627 546 illius
656 505 758 546 belli
783 505 1006 546 victoriam
1031 504 1121 545 fore
1146 504 1366 558 putabant.
1406 503 1503 545 Sus—

158 567 328 619 ceptum
358 564 519 605 bellum
551 567 613 605 est
645 564 885 619 quiescente
916 578 1001 618 me,
1043 563 1266 618 depulsum
1298 578 1350 604 ex
1379 561 1504 603 Italia

157 626 355 664 manente
392 638 476 678 me,
517 623 657 677 quoad
693 623 832 678 potui3
873 623 946 663 sed
982 621 1117 663 valuit
1155 622 1267 676 apud
1303 637 1370 663 me
1407 622 1504 676 plus

158 682 297 736 pudor
326 696 445 723 meus
477 696 604 736 quam
641 682 787 736 timor3
825 681 985 722 veritus
1023 695 1116 722 sum
1155 681 1295 722 deesse
1325 680 1503 735 Pompei

107 755 140 780 10
160 741 299 794 saluti,
331 754 426 781 cum
458 740 529 781 ille
562 740 788 795 aliquando
819 754 906 781 non
939 740 1140 780 defuisset
1171 754 1299 781 meae.
1353 738 1503 794 Itaque

159 800 227 840 vel
259 800 400 840 officio
432 799 499 840 vel
536 800 648 840 fama
678 798 988 843 bonorum.vel
1018 798 1180 852 pudore
1212 798 1350 839 victus
1381 801 1429 839 ut
1459 799 1504 839 in

159 858 316 899 fabulis
346 857 632 912 Amphiaraus
669 858 728 898 sic
766 872 844 913 ego
884 857 1122 911 eprudens
1160 859 1207 898 et
1245 857 1408 898 sciens
1447 857 1505 898 ad

159 919 349 971 pestem
381 919 494 957 ante
527 917 698 958 oculos
730 916 968 971 positam'
1003 930 1096 957 sum
1125 916 1353 970 profectus.
1411 915 1503 965 Quo

159 977 204 1016 in
247 975 360 1016 bello
409 975 518 1015 nihil
567 975 730 1017 adversi
780 975 932 1015 accidit
980 989 1066 1015 non
1114 975 1383 1028 praedicente
1425 989 1503 1015 me.

107 1049 141 1074 15
161 1034 316 1089 Quare,
355 1034 573 1088 quoniam,
611 1036 659 1074 ut
697 1048 878 1090 augures
916 1036 957 1074 et
995 1033 1201 1089 astrologi
1233 1034 1387 1089 solent,
1425 1048 1504 1089 ego

161 1107 329 1148 quoque
378 1107 514 1149 augur
560 1093 757 1147 publicus
801 1107 852 1133 ex
894 1092 1000 1133 meis
1050 1092 1340 1146 superioribus
1388 1107 1506 1146 prae—

162 1152 286 1192 dictis
323 1152 524 1192 constitui
562 1152 674 1206 apud
709 1154 751 1192 te
788 1151 1085 1192 auctoritatem
1123 1151 1291 1206 augurii
1324 1153 1364 1191 et
1403 1151 1506 1191 divi-

161 1210 346 1251 nationis
377 1225 505 1264 meae,
538 1210 709 1251 debebit
740 1210 896 1251 habere
926 1210 1054 1250 fidem
1085 1212 1231 1251 nostra
1261 1209 1506 1264 praedictio.

161 1268 261 1310 Non
293 1269 426 1324 igitur
457 1283 509 1310 ex
540 1269 653 1310 alitis
679 1269 870 1310 involatu
896 1283 973 1310 nec
998 1283 1019 1310 e
1046 1271 1172 1309 cantu
1204 1269 1377 1309 sinistro
1404 1268 1507 1309 osci-
1545 1314 1548 1317 ,

110 1342 143 1367 20
162 1328 245 1383 nis,
278 1330 324 1368 ut
355 1328 400 1368 in
431 1330 577 1368 nostra
609 1328 832 1382 disciplina
869 1330 949 1382 est,
987 1342 1064 1368 nec
1095 1342 1147 1368 ex
1177 1327 1378 1381 tripudiis
1410 1326 1506 1367 soli-

162 1386 300 1427 stimis
331 1389 404 1427 aut
436 1387 611 1428 soniviis
642 1387 724 1427 tibi
755 1401 952 1442 auguror,
985 1386 1058 1427 sed
1088 1385 1225 1427 habeo
1259 1386 1341 1427 alia
1373 1386 1505 1441 signa,

163 1460 269 1499 quae
307 1445 545 1500 observem3
587 1460 693 1500 quae
731 1446 810 1486 etsi
840 1459 927 1486 non
959 1447 1058 1486 sunt
1090 1444 1270 1486 certiora
1302 1445 1399 1499 illis,
1430 1445 1506 1485 mi—

162 1518 241 1544 nus
265 1506 407 1545 tamen
432 1504 591 1545 habent
616 1504 683 1545 vel
709 1504 981 1545 obscuritatis
999 1503 1068 1545 vel
1087 1503 1252 1544 erroris.
1290 1502 1507 1545 Notantur

164 1564 305 1603 autem
335 1562 442 1603 mihi
474 1563 527 1603 ad
558 1563 833 1604 divinandum
865 1563 986 1618 signa
1019 1562 1177 1616 duplici
1209 1562 1391 1616 quadam
1422 1562 1507 1616 via3

112 1629 145 1656 25
165 1635 344 1675 quarum
381 1621 556 1662 alteram
594 1621 700 1662 duco
733 1636 754 1662 e
787 1620 962 1662 Caesare
993 1621 1104 1676 ipso,
1144 1621 1320 1662 alteram
1352 1636 1373 1662 e
1404 1623 1509 1661 tem-

164 1693 318 1733 porum
349 1679 538 1720 civilium
568 1682 720 1721 natura
745 1682 871 1734 atque
898 1680 1072 1720 ratione.
1127 1678 1178 1720 In
1205 1678 1381 1720 Caesare
1405 1679 1509 1720 haec

166 1739 280 1778 sunt:
312 1737 429 1778 mitis
461 1738 726 1792 clemensque
756 1741 919 1793 natura,
952 1738 1089 1792 qualis
1115 1738 1369 1792 exprimitur
1392 1752 1510 1792 prae-

167 1796 279 1836 claro
317 1795 392 1836 illo
428 1795 540 1836 libro
579 1796 885 1845 ‘Querelarum’
922 1799 1102 1837 tuarum.
1164 1797 1357 1851 Accedit,
1396 1796 1510 1850 quod

165 1854 343 1895 mirifice
375 1854 558 1909 ingeniis
590 1855 910 1909 excellentibus,
949 1855 1071 1909 quale
1104 1857 1167 1895 est
1197 1857 1336 1908 tuum,
1379 1855 1510 1895 delec-

113 1924 147 1948 30
165 1915 292 1953 tatur.
352 1911 576 1954 Praeterea
613 1913 723 1954 cedit
762 1913 997 1953 multorum
1034 1913 1158 1954 iustis
1196 1915 1238 1961 et
1276 1913 1417 1955 officio
1450 1913 1512 1953 in-

167 1972 318 2025 censis,
362 1985 449 2012 non
487 1971 686 2012 inanibus
724 1973 796 2012 aut
836 1971 1074 2012 ambitiosis
1111 1971 1423 2026 voluntatibus3
1466 1971 1511 2011 in

167 2045 251 2084 quo
300 2029 572 2071 vehementer
620 2044 716 2071 eum
766 2030 1031 2070 consentiens
1080 2029 1256 2070 Etruria
1310 2029 1510 2071 movebit.

167 2087 270 2129 ‘Cur
311 2088 416 2129 haec
458 2088 592 2144 igitur
632 2088 768 2129 adhuc
816 2103 968 2142 parum
1020 2088 1341 2142 profece1·unt?'
1403 2087 1511 2136 Quia

165 2161 252 2188 non
283 2149 406 2201 putat
431 2161 473 2188 se
500 2147 707 2188 sustinere
739 2161 884 2187 causas
915 2161 1038 2201 posse
1068 2147 1321 2200 multorum,
1353 2146 1388 2187 si
1419 2146 1511 2201 tibi,

113 2215 148 2241 35
167 2206 235 2246 0111
265 2205 418 2246 iustius
449 2206 618 2247 videtur
649 2205 773 2246 irasci
798 2219 933 2259 posse,
967 2205 1230 2246 concesserit.
1293 2204 1423 2254 ‘Quae
1450 2208 1512 2246 est

165 2264 325 2320 igitur',
357 2264 536 2319 inquies,
569 2265 678 2318 ‘spes
705 2264 756 2304 ab
783 2264 944 2305 irato?'
1005 2263 1169 2304 Eodem
1200 2264 1318 2304 fonte
1344 2278 1387 2305 se
1411 2263 1514 2304 hau-

166 2325 331 2364 sturum
363 2323 583 2379 intelleget
614 2322 758 2363 laudes
791 2336 904 2378 suas,
937 2337 958 2363 e
990 2336 1074 2376 quo
1107 2322 1162 2363 sit
1192 2322 1344 2363 leviter
1375 2337 1513 2377 asper-
