1659 2552
601 103 756 136 *LIBER
781 102 848 137 v11
876 105 1024 137 12—15.
1400 99 1482 141 183

760 244 874 286 XIV.

381 326 456 362 Ser.
484 326 620 361 Romae
647 327 727 361 circ.
755 337 799 360 m.
831 325 972 370 Quinc&
999 336 1032 358 α.
1062 326 1129 358 701
1160 325 1249 366 (53).

592 407 760 442 CICERO
788 404 1039 440 TREBATIO.

234 491 496 547 Chrysippus
529 491 718 546 Vettius,
752 490 852 545 Cyri
890 488 1111 531 architecti
1141 488 1338 542 libertus,
1376 487 1488 540 fecit,
1517 500 1532 528 1

111 554 194 592 5ut
235 554 276 592 te
317 565 402 592 non
450 551 726 591 inmemorem
772 552 966 604 putarem
1007 548 1111 602 mei3
1155 547 1334 588 salutem
1376 546 1488 587 enim

146 609 287 651 verbis
318 610 403 650 tuis
434 609 541 650 mihi
571 609 798 650 nuntiarat.
860 607 995 648 Valde
1030 607 1114 647 iam
1150 606 1291 647 lautus
1324 619 1383 659 es,
1416 605 1489 658 qui

146 683 321 724 gravere
358 668 522 709 litteras
560 668 613 708 ad
643 682 710 708 me
749 667 845 708 dare
882 666 1046 707 homini
1077 665 1326 719 praesertim
1357 677 1489 717 prope

148 727 389 768 domestico.
452 726 611 775 Quodsi
656 726 839 767 scribere
880 725 1039 766 oblitus
1080 738 1140 778 es,
1183 723 1324 764 minus
1364 722 1489 763 multi

147 786 231 826 iam
274 789 316 827 te
353 785 557 826 advocato
602 800 726 826 causa
769 785 935 839 cadent3
978 784 1014 824 si
1057 782 1193 823 nostri
1235 781 1394 823 oblitus
1435 795 1489 835 es,

95 858 127 882 10
149 844 256 885 dabo
301 859 492 898 operam,
537 846 584 885 ut
627 844 736 884 istuc
776 843 962 897 veniam,
1006 844 1232 895 antequam
1274 841 1398 894 plane
1439 854 1490 880 ex

147 903 288 944 animo
326 906 401 943 tuo
440 903 586 957 effluo3
630 903 695 943 sin
736 902 993 943 aestivorum
1035 901 1164 941 timor
1203 902 1245 940 te
1284 899 1490 952 debilitat⁷

147 961 310 1015 aliquid
342 961 548 1017 excogita,
580 963 627 1001 ut
658 961 797 1002 fecisti
824 961 873 1001 de
899 959 1131 1000 Britannia.
1181 957 1294 998 Illud
1319 957 1489 1011 quidem
1516 968 1535 998 2

146 1020 407 1074 perlibenter
433 1019 576 1060 audivi
602 1034 653 1060 ex
679 1020 826 1060 eodem
854 1018 1105 1072 Chrysippo,
1137 1019 1179 1058 te
1206 1031 1295 1058 esse
1322 1015 1490 1057 Caesari

147 1079 417 1133 familiarem3
459 1079 531 1119 sed
567 1078 806 1119 mehercule
844 1078 1031 1131 mallem,
1070 1076 1113 1117 id
1151 1075 1265 1129 quod
1302 1077 1391 1116 erat
1428 1089 1492 1115 ae-

96 1150 129 1175 15
149 1137 290 1191 quius,
330 1138 379 1178 de
417 1137 502 1178 tuis
541 1137 666 1178 rebus
699 1152 750 1178 ex
780 1137 865 1177 tuis
903 1136 1058 1176 litteris
1091 1149 1217 1189 quam
1249 1133 1492 1187 saepissime

149 1210 456 1252 cognoscerem.
519 1194 643 1245 Quod
680 1198 791 1236 certe
831 1196 892 1236 ita
931 1196 1072 1247 fieret,
1117 1193 1151 1234 si
1189 1195 1236 1233 tu
1273 1192 1493 1233 maluisses

148 1255 459 1296 benivolentiae
497 1269 623 1308 quam
660 1254 803 1295 litium
835 1254 927 1295 iura
966 1253 1213 1307 perdiscere.
1278 1250 1361 1292 Sed
1391 1251 1493 1291 haec

148 1314 277 1355 iocati
313 1328 457 1354 sumus
495 1316 537 1354 et
573 1316 648 1354 tuo
685 1327 803 1354 more
842 1315 883 1354 et
913 1326 1000 1352 non
1034 1311 1143 1352 nihil
1175 1310 1303 1351 etiam
1334 1312 1492 1349 nostro.

149 1372 208 1413 Te
233 1372 353 1413 valde
379 1386 567 1413 amamus
598 1386 759 1426 nosque
785 1386 809 1412 a
834 1374 875 1412 te
901 1370 1034 1411 amari
1060 1384 1156 1411 cum
1181 1369 1377 1409 volumus
1402 1370 1494 1408 tum

98 1442 131 1467 20
151 1431 278 1472 etiam
311 1431 573 1472 confidimus.

778 1533 870 1576 XV.

476 1615 550 1650 Ser.
579 1615 716 1650 Romae
740 1627 785 1649 m.
811 1615 896 1649 Iun.
924 1627 957 1650 a.
986 1616 1055 1649 701
1084 1616 1176 1658 (53).

600 1695 768 1731 CICERO
795 1695 1047 1731 TREBATIO.

243 1779 377 1829 Quam
409 1780 494 1821 sint
524 1780 695 1833 morosi,
728 1780 801 1834 qui
832 1782 986 1833 amant,
1017 1779 1085 1820 vel
1111 1793 1162 1819 ex
1192 1778 1274 1818 hoc
1304 1776 1497 1831 intellegi
1526 1787 1542 1816 1

101 1851 135 1875 25
155 1841 312 1893 potest:
353 1838 532 1880 Moleste
570 1838 758 1879 ferebam
798 1841 921 1878 antea
957 1840 999 1878 te
1038 1837 1219 1878 invitum
1258 1835 1353 1876 istic
1391 1849 1497 1888 esse3

154 1898 308 1953 pungit
327 1912 394 1938 me
414 1911 576 1950 rursus,
603 1897 716 1950 quod
736 1896 886 1937 scribis
906 1910 994 1937 esse
1013 1898 1055 1936 te
1076 1895 1172 1935 istic
1190 1894 1383 1934 libenter.
1415 1891 1498 1933 Ne-

155 1971 236 2010 que
274 1956 386 1997 enim
423 1970 517 1996 mea
558 1955 922 1996 commendatione
953 1957 995 1994 te
1027 1968 1113 1994 non
1145 1951 1348 1993 delectari
1375 1950 1498 1991 facile

154 2014 347 2069 patiebar
385 2017 426 2055 et
465 2028 578 2054 nunc
618 2028 752 2069 angor
792 2013 1018 2066 quicquam
1059 2011 1140 2052 tibi
1178 2011 1267 2051 sine
1304 2024 1371 2050 me
1410 2023 1498 2049 esse

155 2073 395 2114 iucundum.
459 2071 543 2113 Sed
565 2072 647 2113 hoc
672 2075 814 2112 tamen
845 2071 957 2111 malo
989 2070 1098 2111 ferre
1129 2084 1206 2110 nos
1233 2067 1498 2121 desiderium,

101 2144 136 2168 30
156 2147 282 2185 quam
320 2135 362 2172 te
399 2146 484 2172 non
517 2146 581 2184 ea,
623 2145 729 2184 quae
767 2144 910 2183 spero,
949 2128 1160 2182 consequi.
1223 2126 1360 2176 Quom
1398 2140 1498 2166 vero
1525 2136 1544 2166 2

154 2190 200 2231 in
232 2189 275 2231 C.
307 2189 431 2244 Mati,
465 2189 704 2230 suavissimi
737 2188 1055 2241 doctissimique
1085 2186 1289 2239 hominis,
1322 2184 1499 2225 familia-

155 2248 327 2290 ritatem
358 2248 523 2302 venisti,
555 2262 641 2288 non
674 2247 756 2287 dici
787 2248 940 2301 potest,
973 2260 1098 2300 quam
1130 2244 1250 2285 valde
1281 2243 1498 2299 gaudeam.

156 2306 238 2356 Qui
268 2307 335 2348 fac
360 2310 406 2348 ut
431 2310 473 2348 te
500 2321 627 2361 quam
653 2305 836 2347 maxime
867 2305 1027 2360 diligat.
1089 2303 1197 2344 Mihi
1229 2302 1361 2357 crede,
1391 2301 1502 2342 nihil
