<?xml version="1.0" encoding="UTF-8"?>
<!DOCTYPE html PUBLIC "-//W3C//DTD XHTML 1.0 Transitional//EN"
    "http://www.w3.org/TR/xhtml1/DTD/xhtml1-transitional.dtd">
<html xmlns="http://www.w3.org/1999/xhtml" xml:lang="en" lang="en">
 <head>
  <title>
</title>
<meta http-equiv="Content-Type" content="text/html;charset=utf-8" />
  <meta name='ocr-system' content='tesseract 3.04.00' />
  <meta name='ocr-capabilities' content='ocr_page ocr_carea ocr_par ocr_line ocrx_word'/>
</head>
<body>
  <div class='ocr_page' id='page_1' title='image "./p1scriptaquaemanse03ciceuoft_0488.png"; bbox 0 0 1659 2552; ppageno 0'>
   <div class='ocr_carea' id='block_1_1' title="bbox 166 2256 179 2286">
    <p class='ocr_par' dir='ltr' id='par_1_1' title="bbox 166 2256 179 2286">
     <span class='ocr_line' id='line_1_1' title="bbox 166 2256 179 2286; baseline 0 0"><span class='ocrx_word' id='word_1_1' title='bbox 166 2256 179 2286; x_wconf 79' lang='lat'>1</span> 
     </span>
    </p>
   </div>
   <div class='ocr_carea' id='block_1_2' title="bbox 199 92 1049 137">
    <p class='ocr_par' dir='ltr' id='par_1_2' title="bbox 199 92 1049 137">
     <span class='ocr_line' id='line_1_2' title="bbox 199 92 1049 137; baseline -0.005 -7"><span class='ocrx_word' id='word_1_2' title='bbox 199 95 287 137; x_wconf 74' lang='lat'>384</span> <span class='ocrx_word' id='word_1_3' title='bbox 710 92 1049 128; x_wconf 80' lang='lat' dir='ltr'><strong>EPISTULARUM</strong></span> 
     </span>
    </p>
   </div>
   <div class='ocr_carea' id='block_1_3' title="bbox 481 232 1261 431">
    <p class='ocr_par' dir='ltr' id='par_1_3' title="bbox 481 232 1261 431">
     <span class='ocr_line' id='line_1_3' title="bbox 791 232 948 274; baseline 0 0"><span class='ocrx_word' id='word_1_4' title='bbox 791 232 948 274; x_wconf 81' lang='lat' dir='ltr'>XVIII.</span> 
     </span>
     <span class='ocr_line' id='line_1_4' title="bbox 481 315 1261 358; baseline -0.003 -7"><span class='ocrx_word' id='word_1_5' title='bbox 481 316 554 351; x_wconf 83' lang='lat' dir='ltr'>Ser.</span> <span class='ocrx_word' id='word_1_6' title='bbox 584 316 730 357; x_wconf 79' lang='lat' dir='ltr'>Romae,</span> <span class='ocrx_word' id='word_1_7' title='bbox 756 319 798 349; x_wconf 77' lang='lat' dir='ltr'>ut</span> <span class='ocrx_word' id='word_1_8' title='bbox 822 315 977 357; x_wconf 66' lang='lat' dir='ltr'>videtur,</span> <span class='ocrx_word' id='word_1_9' title='bbox 1005 326 1039 349; x_wconf 82' lang='lat' dir='ltr'>a.</span> <span class='ocrx_word' id='word_1_10' title='bbox 1067 316 1141 349; x_wconf 79' lang='lat'>708</span> <span class='ocrx_word' id='word_1_11' title='bbox 1168 316 1261 358; x_wconf 77' lang='lat'><em>(46).</em></span> 
     </span>
     <span class='ocr_line' id='line_1_5' title="bbox 657 395 1088 431; baseline 0 -1"><span class='ocrx_word' id='word_1_12' title='bbox 657 395 826 431; x_wconf 85' lang='lat' dir='ltr'>CICERO</span> <span class='ocrx_word' id='word_1_13' title='bbox 854 395 1026 431; x_wconf 80' lang='lat' dir='ltr'>SERVIO</span> <span class='ocrx_word' id='word_1_14' title='bbox 1054 396 1088 431; x_wconf 83' lang='lat' dir='ltr'>S.</span> 
     </span>
    </p>
   </div>
   <div class='ocr_carea' id='block_1_4' title="bbox 200 479 1553 1712">
    <p class='ocr_par' dir='ltr' id='par_1_4' title="bbox 200 479 1553 1712">
     <span class='ocr_line' id='line_1_6' title="bbox 287 479 1547 535; baseline -0.003 -11"><span class='ocrx_word' id='word_1_15' title='bbox 287 482 387 524; x_wconf 90' lang='lat' dir='ltr'>Non</span> <span class='ocrx_word' id='word_1_16' title='bbox 420 481 658 534; x_wconf 81' lang='lat' dir='ltr'>concedam,</span> <span class='ocrx_word' id='word_1_17' title='bbox 690 483 737 521; x_wconf 85' lang='lat' dir='ltr'>ut</span> <span class='ocrx_word' id='word_1_18' title='bbox 763 479 909 522; x_wconf 88' lang='lat' dir='ltr'>Attico</span> <span class='ocrx_word' id='word_1_19' title='bbox 938 483 1098 535; x_wconf 90' lang='lat' dir='ltr'>nostro,</span> <span class='ocrx_word' id='word_1_20' title='bbox 1130 495 1256 535; x_wconf 88' lang='lat' dir='ltr'>quem</span> <span class='ocrx_word' id='word_1_21' title='bbox 1282 480 1440 521; x_wconf 89' lang='lat' dir='ltr'>elatum</span> <span class='ocrx_word' id='word_1_22' title='bbox 1465 479 1547 520; x_wconf 92' lang='lat' dir='ltr'>lae-</span> 
     </span>
     <span class='ocr_line' id='line_1_7' title="bbox 200 538 1545 595; baseline -0.002 -12"><span class='ocrx_word' id='word_1_23' title='bbox 200 542 297 584; x_wconf 87' lang='lat' dir='ltr'>titia</span> <span class='ocrx_word' id='word_1_24' title='bbox 327 541 436 595; x_wconf 74' lang='lat' dir='ltr'>vidi,</span> <span class='ocrx_word' id='word_1_25' title='bbox 469 540 739 581; x_wconf 86' lang='lat' dir='ltr'>iucundiores</span> <span class='ocrx_word' id='word_1_26' title='bbox 771 542 868 580; x_wconf 88' lang='lat' dir='ltr'>tuae</span> <span class='ocrx_word' id='word_1_27' title='bbox 901 540 1148 580; x_wconf 82' lang='lat' dir='ltr'>suavissime</span> <span class='ocrx_word' id='word_1_28' title='bbox 1180 539 1233 580; x_wconf 90' lang='lat' dir='ltr'>ad</span> <span class='ocrx_word' id='word_1_29' title='bbox 1265 553 1361 580; x_wconf 92' lang='lat' dir='ltr'>eum</span> <span class='ocrx_word' id='word_1_30' title='bbox 1393 541 1435 580; x_wconf 90' lang='lat' dir='ltr'>et</span> <span class='ocrx_word' id='word_1_31' title='bbox 1471 538 1545 579; x_wconf 90' lang='lat' dir='ltr'>hu-</span> 
     </span>
     <span class='ocr_line' id='line_1_8' title="bbox 200 596 1547 653; baseline -0.003 -11"><span class='ocrx_word' id='word_1_32' title='bbox 200 601 443 642; x_wconf 71' lang='lat' dir='ltr'>manissime</span> <span class='ocrx_word' id='word_1_33' title='bbox 477 599 657 653; x_wconf 79' lang='lat' dir='ltr'>scriptae</span> <span class='ocrx_word' id='word_1_34' title='bbox 694 598 862 639; x_wconf 76' lang='lat' dir='ltr'>litterae</span> <span class='ocrx_word' id='word_1_35' title='bbox 894 599 1053 640; x_wconf 88' lang='lat' dir='ltr'>fuerint</span> <span class='ocrx_word' id='word_1_36' title='bbox 1085 613 1212 653; x_wconf 86' lang='lat' dir='ltr'>quam</span> <span class='ocrx_word' id='word_1_37' title='bbox 1244 598 1361 639; x_wconf 90' lang='lat' dir='ltr'>mihi.</span> <span class='ocrx_word' id='word_1_38' title='bbox 1422 596 1547 651; x_wconf 89' lang='lat' dir='ltr'>Nam,</span> 
     </span>
     <span class='ocr_line' id='line_1_9' title="bbox 202 659 1547 713; baseline -0.002 -13"><span class='ocrx_word' id='word_1_39' title='bbox 202 660 281 701; x_wconf 90' lang='lat' dir='ltr'>etsi</span> <span class='ocrx_word' id='word_1_40' title='bbox 312 659 482 712; x_wconf 80' lang='lat' dir='ltr'>utrique</span> <span class='ocrx_word' id='word_1_41' title='bbox 513 661 709 698; x_wconf 90' lang='lat' dir='ltr'>nostrum</span> <span class='ocrx_word' id='word_1_42' title='bbox 739 672 872 712; x_wconf 81' lang='lat' dir='ltr'>prope</span> <span class='ocrx_word' id='word_1_43' title='bbox 904 672 1035 712; x_wconf 88' lang='lat' dir='ltr'>aeque</span> <span class='ocrx_word' id='word_1_44' title='bbox 1065 660 1211 713; x_wconf 86' lang='lat' dir='ltr'>gratae</span> <span class='ocrx_word' id='word_1_45' title='bbox 1243 659 1374 711; x_wconf 85' lang='lat' dir='ltr'>erant,</span> <span class='ocrx_word' id='word_1_46' title='bbox 1405 659 1547 697; x_wconf 86' lang='lat' dir='ltr'>tamen</span> 
     </span>
     <span class='ocr_line' id='line_1_10' title="bbox 202 714 1548 774; baseline -0.002 -15"><span class='ocrx_word' id='word_1_47' title='bbox 202 733 281 774; x_wconf 85' lang='lat' dir='ltr'>ego</span> <span class='ocrx_word' id='word_1_48' title='bbox 315 717 555 767; x_wconf 84' lang='lat' dir='ltr'>admirabar</span> <span class='ocrx_word' id='word_1_49' title='bbox 585 716 722 772; x_wconf 86' lang='lat' dir='ltr'>magis</span> <span class='ocrx_word' id='word_1_50' title='bbox 754 719 807 771; x_wconf 88' lang='lat' dir='ltr'>te,</span> <span class='ocrx_word' id='word_1_51' title='bbox 841 716 925 771; x_wconf 91' lang='lat' dir='ltr'>qui,</span> <span class='ocrx_word' id='word_1_52' title='bbox 958 716 993 756; x_wconf 89' lang='lat' dir='ltr'>si</span> <span class='ocrx_word' id='word_1_53' title='bbox 1024 719 1199 772; x_wconf 87' lang='lat' dir='ltr'>rogatus</span> <span class='ocrx_word' id='word_1_54' title='bbox 1231 718 1304 756; x_wconf 87' lang='lat' dir='ltr'>aut</span> <span class='ocrx_word' id='word_1_55' title='bbox 1336 717 1448 756; x_wconf 82' lang='lat' dir='ltr'>certe</span> <span class='ocrx_word' id='word_1_56' title='bbox 1480 714 1548 755; x_wconf 88' lang='lat' dir='ltr'>ad-</span> 
     </span>
     <span class='ocr_line' id='line_1_11' title="bbox 202 773 1548 830; baseline -0.002 -12"><span class='ocrx_word' id='word_1_57' title='bbox 202 777 390 818; x_wconf 83' lang='lat' dir='ltr'>monitus</span> <span class='ocrx_word' id='word_1_58' title='bbox 421 776 656 817; x_wconf 74' lang='lat' dir='ltr'>liberaliter</span> <span class='ocrx_word' id='word_1_59' title='bbox 687 774 834 816; x_wconf 85' lang='lat' dir='ltr'>Attico</span> <span class='ocrx_word' id='word_1_60' title='bbox 868 775 1155 830; x_wconf 86' lang='lat' dir='ltr'>respondisses</span> <span class='ocrx_word' id='word_1_61' title='bbox 1177 776 1207 829; x_wconf 88' lang='lat'>†</span> <span class='ocrx_word' id='word_1_62' title='bbox 1239 773 1374 830; x_wconf 88' lang='lat' dir='ltr'>(quod</span> <span class='ocrx_word' id='word_1_63' title='bbox 1405 776 1548 815; x_wconf 87' lang='lat' dir='ltr'>tamen</span> 
     </span>
     <span class='ocr_line' id='line_1_12' title="bbox 204 831 1548 889; baseline -0.002 -12"><span class='ocrx_word' id='word_1_64' title='bbox 204 837 382 877; x_wconf 89' lang='lat' dir='ltr'>dubium</span> <span class='ocrx_word' id='word_1_65' title='bbox 412 834 537 876; x_wconf 88' lang='lat' dir='ltr'>nobis</span> <span class='ocrx_word' id='word_1_66' title='bbox 570 834 673 888; x_wconf 88' lang='lat' dir='ltr'>quin</span> <span class='ocrx_word' id='word_1_67' title='bbox 705 834 766 874; x_wconf 86' lang='lat' dir='ltr'>ita</span> <span class='ocrx_word' id='word_1_68' title='bbox 790 834 984 875; x_wconf 89' lang='lat' dir='ltr'>futurum</span> <span class='ocrx_word' id='word_1_69' title='bbox 1010 834 1139 875; x_wconf 88' lang='lat' dir='ltr'>fuerit</span> <span class='ocrx_word' id='word_1_70' title='bbox 1162 848 1249 875; x_wconf 91' lang='lat' dir='ltr'>non</span> <span class='ocrx_word' id='word_1_71' title='bbox 1275 831 1401 889; x_wconf 85' lang='lat' dir='ltr'>erat),</span> <span class='ocrx_word' id='word_1_72' title='bbox 1434 833 1548 874; x_wconf 80' lang='lat' dir='ltr'>ultro</span> 
     </span>
     <span class='ocr_line' id='line_1_13' title="bbox 203 893 1549 948; baseline -0.001 -13"><span class='ocrx_word' id='word_1_73' title='bbox 203 896 256 936; x_wconf 90' lang='lat' dir='ltr'>ad</span> <span class='ocrx_word' id='word_1_74' title='bbox 288 909 384 935; x_wconf 89' lang='lat' dir='ltr'>eum</span> <span class='ocrx_word' id='word_1_75' title='bbox 416 894 631 948; x_wconf 78' lang='lat' dir='ltr'>scripsisse</span> <span class='ocrx_word' id='word_1_76' title='bbox 664 893 785 947; x_wconf 89' lang='lat' dir='ltr'>eique</span> <span class='ocrx_word' id='word_1_77' title='bbox 817 907 894 933; x_wconf 88' lang='lat' dir='ltr'>nec</span> <span class='ocrx_word' id='word_1_78' title='bbox 919 893 1111 947; x_wconf 79' lang='lat' dir='ltr'>opinanti</span> <span class='ocrx_word' id='word_1_79' title='bbox 1137 893 1401 934; x_wconf 83' lang='lat' dir='ltr'>voluntatem</span> <span class='ocrx_word' id='word_1_80' title='bbox 1431 894 1549 933; x_wconf 78' lang='lat' dir='ltr'>tuam</span> 
     </span>
     <span class='ocr_line' id='line_1_14' title="bbox 204 950 1549 1007; baseline -0.001 -13"><span class='ocrx_word' id='word_1_81' title='bbox 204 957 367 995; x_wconf 86' lang='lat' dir='ltr'>tantam</span> <span class='ocrx_word' id='word_1_82' title='bbox 404 967 480 1007; x_wconf 88' lang='lat' dir='ltr'>per</span> <span class='ocrx_word' id='word_1_83' title='bbox 515 953 680 993; x_wconf 82' lang='lat' dir='ltr'>litteras</span> <span class='ocrx_word' id='word_1_84' title='bbox 719 952 928 993; x_wconf 84' lang='lat' dir='ltr'>detulisse.</span> <span class='ocrx_word' id='word_1_85' title='bbox 991 951 1055 993; x_wconf 83' lang='lat' dir='ltr'>De</span> <span class='ocrx_word' id='word_1_86' title='bbox 1088 966 1171 1006; x_wconf 88' lang='lat' dir='ltr'>quo</span> <span class='ocrx_word' id='word_1_87' title='bbox 1208 966 1295 992; x_wconf 88' lang='lat' dir='ltr'>non</span> <span class='ocrx_word' id='word_1_88' title='bbox 1325 950 1452 992; x_wconf 89' lang='lat' dir='ltr'>modo</span> <span class='ocrx_word' id='word_1_89' title='bbox 1486 964 1549 992; x_wconf 91' lang='lat' dir='ltr'>ro-</span> 
     </span>
     <span class='ocr_line' id='line_1_15' title="bbox 204 1010 1549 1069; baseline -0.002 -16"><span class='ocrx_word' id='word_1_90' title='bbox 204 1027 305 1069; x_wconf 86' lang='lat' dir='ltr'>gare</span> <span class='ocrx_word' id='word_1_91' title='bbox 337 1015 390 1066; x_wconf 91' lang='lat' dir='ltr'>te,</span> <span class='ocrx_word' id='word_1_92' title='bbox 423 1014 471 1052; x_wconf 88' lang='lat' dir='ltr'>ut</span> <span class='ocrx_word' id='word_1_93' title='bbox 497 1026 544 1052; x_wconf 91' lang='lat' dir='ltr'>eo</span> <span class='ocrx_word' id='word_1_94' title='bbox 572 1010 802 1052; x_wconf 82' lang='lat' dir='ltr'>studiosius</span> <span class='ocrx_word' id='word_1_95' title='bbox 828 1026 922 1051; x_wconf 90' lang='lat' dir='ltr'>mea</span> <span class='ocrx_word' id='word_1_96' title='bbox 948 1025 1116 1065; x_wconf 91' lang='lat' dir='ltr'>quoque</span> <span class='ocrx_word' id='word_1_97' title='bbox 1143 1025 1267 1051; x_wconf 84' lang='lat' dir='ltr'>causa</span> <span class='ocrx_word' id='word_1_98' title='bbox 1292 1010 1432 1064; x_wconf 87' lang='lat' dir='ltr'>facias,</span> <span class='ocrx_word' id='word_1_99' title='bbox 1463 1023 1549 1051; x_wconf 90' lang='lat' dir='ltr'>non</span> 
     </span>
     <span class='ocr_line' id='line_1_16' title="bbox 206 1068 1551 1127; baseline -0.001 -15"><span class='ocrx_word' id='word_1_100' title='bbox 206 1072 338 1112; x_wconf 88' lang='lat' dir='ltr'>debeo</span> <span class='ocrx_word' id='word_1_101' title='bbox 371 1070 499 1127; x_wconf 86' lang='lat' dir='ltr'>(nihil</span> <span class='ocrx_word' id='word_1_102' title='bbox 531 1070 643 1111; x_wconf 90' lang='lat' dir='ltr'>enim</span> <span class='ocrx_word' id='word_1_103' title='bbox 675 1070 930 1110; x_wconf 79' lang='lat' dir='ltr'>cumulatius</span> <span class='ocrx_word' id='word_1_104' title='bbox 961 1070 1054 1110; x_wconf 88' lang='lat' dir='ltr'>fieri</span> <span class='ocrx_word' id='word_1_105' title='bbox 1085 1072 1239 1124; x_wconf 86' lang='lat' dir='ltr'>potest,</span> <span class='ocrx_word' id='word_1_106' title='bbox 1272 1084 1398 1124; x_wconf 91' lang='lat' dir='ltr'>quam</span> <span class='ocrx_word' id='word_1_107' title='bbox 1429 1068 1551 1123; x_wconf 87' lang='lat' dir='ltr'>polli-</span> 
     </span>
     <span class='ocr_line' id='line_1_17' title="bbox 206 1127 1550 1186; baseline -0.002 -15"><span class='ocrx_word' id='word_1_108' title='bbox 206 1129 344 1186; x_wconf 82' lang='lat' dir='ltr'>ceris),</span> <span class='ocrx_word' id='word_1_109' title='bbox 377 1130 449 1171; x_wconf 91' lang='lat' dir='ltr'>sed</span> <span class='ocrx_word' id='word_1_110' title='bbox 480 1144 532 1170; x_wconf 92' lang='lat' dir='ltr'>ne</span> <span class='ocrx_word' id='word_1_111' title='bbox 563 1128 723 1185; x_wconf 83' lang='lat' dir='ltr'>gratias</span> <span class='ocrx_word' id='word_1_112' title='bbox 749 1129 920 1183; x_wconf 87' lang='lat' dir='ltr'>quidem</span> <span class='ocrx_word' id='word_1_113' title='bbox 952 1143 1088 1184; x_wconf 86' lang='lat' dir='ltr'>agere,</span> <span class='ocrx_word' id='word_1_114' title='bbox 1121 1128 1235 1183; x_wconf 91' lang='lat' dir='ltr'>quod</span> <span class='ocrx_word' id='word_1_115' title='bbox 1265 1131 1313 1169; x_wconf 86' lang='lat' dir='ltr'>tu</span> <span class='ocrx_word' id='word_1_116' title='bbox 1345 1130 1386 1168; x_wconf 86' lang='lat' dir='ltr'>et</span> <span class='ocrx_word' id='word_1_117' title='bbox 1417 1127 1550 1182; x_wconf 89' lang='lat' dir='ltr'>ipsius</span> 
     </span>
     <span class='ocr_line' id='line_1_18' title="bbox 207 1186 1551 1243; baseline -0.002 -13"><span class='ocrx_word' id='word_1_118' title='bbox 207 1204 331 1230; x_wconf 86' lang='lat' dir='ltr'>causa</span> <span class='ocrx_word' id='word_1_119' title='bbox 363 1191 403 1230; x_wconf 91' lang='lat' dir='ltr'>et</span> <span class='ocrx_word' id='word_1_120' title='bbox 435 1191 509 1229; x_wconf 90' lang='lat' dir='ltr'>tua</span> <span class='ocrx_word' id='word_1_121' title='bbox 546 1190 696 1242; x_wconf 86' lang='lat' dir='ltr'>sponte</span> <span class='ocrx_word' id='word_1_122' title='bbox 733 1188 900 1243; x_wconf 64' lang='lat' dir='ltr'>feceris,</span> <span class='ocrx_word' id='word_1_123' title='bbox 937 1188 1044 1228; x_wconf 87' lang='lat' dir='ltr'>illud</span> <span class='ocrx_word' id='word_1_124' title='bbox 1080 1191 1223 1228; x_wconf 88' lang='lat' dir='ltr'>tamen</span> <span class='ocrx_word' id='word_1_125' title='bbox 1254 1186 1407 1241; x_wconf 79' lang='lat' dir='ltr'>dicam,</span> <span class='ocrx_word' id='word_1_126' title='bbox 1444 1186 1551 1227; x_wconf 92' lang='lat' dir='ltr'>mihi</span> 
     </span>
     <span class='ocr_line' id='line_1_19' title="bbox 207 1245 1551 1302; baseline -0.002 -13"><span class='ocrx_word' id='word_1_127' title='bbox 207 1248 261 1302; x_wconf 89' lang='lat' dir='ltr'>id,</span> <span class='ocrx_word' id='word_1_128' title='bbox 294 1248 409 1302; x_wconf 92' lang='lat' dir='ltr'>quod</span> <span class='ocrx_word' id='word_1_129' title='bbox 433 1247 584 1301; x_wconf 76' lang='lat' dir='ltr'>fecisti,</span> <span class='ocrx_word' id='word_1_130' title='bbox 616 1261 705 1288; x_wconf 90' lang='lat' dir='ltr'>esse</span> <span class='ocrx_word' id='word_1_131' title='bbox 735 1247 1037 1302; x_wconf 85' lang='lat' dir='ltr'>gratissimum.</span> <span class='ocrx_word' id='word_1_132' title='bbox 1079 1246 1180 1287; x_wconf 86' lang='lat' dir='ltr'>Tale</span> <span class='ocrx_word' id='word_1_133' title='bbox 1206 1246 1318 1287; x_wconf 91' lang='lat' dir='ltr'>enim</span> <span class='ocrx_word' id='word_1_134' title='bbox 1343 1248 1466 1286; x_wconf 91' lang='lat' dir='ltr'>tuum</span> <span class='ocrx_word' id='word_1_135' title='bbox 1491 1245 1551 1286; x_wconf 93' lang='lat' dir='ltr'>iu—</span> 
     </span>
     <span class='ocr_line' id='line_1_20' title="bbox 206 1305 1551 1361; baseline -0.002 -14"><span class='ocrx_word' id='word_1_136' title='bbox 206 1307 364 1347; x_wconf 91' lang='lat' dir='ltr'>dicium</span> <span class='ocrx_word' id='word_1_137' title='bbox 386 1306 436 1347; x_wconf 90' lang='lat' dir='ltr'>de</span> <span class='ocrx_word' id='word_1_138' title='bbox 454 1306 628 1347; x_wconf 87' lang='lat' dir='ltr'>homine</span> <span class='ocrx_word' id='word_1_139' title='bbox 648 1320 708 1359; x_wconf 90' lang='lat' dir='ltr'>eo,</span> <span class='ocrx_word' id='word_1_140' title='bbox 736 1320 861 1359; x_wconf 89' lang='lat' dir='ltr'>quem</span> <span class='ocrx_word' id='word_1_141' title='bbox 882 1319 961 1360; x_wconf 85' lang='lat' dir='ltr'>ego</span> <span class='ocrx_word' id='word_1_142' title='bbox 982 1305 1103 1346; x_wconf 91' lang='lat' dir='ltr'>unice</span> <span class='ocrx_word' id='word_1_143' title='bbox 1124 1305 1268 1361; x_wconf 82' lang='lat' dir='ltr'>diligo,</span> <span class='ocrx_word' id='word_1_144' title='bbox 1300 1319 1386 1345; x_wconf 89' lang='lat' dir='ltr'>non</span> <span class='ocrx_word' id='word_1_145' title='bbox 1411 1306 1551 1359; x_wconf 90' lang='lat' dir='ltr'>potest</span> 
     </span>
     <span class='ocr_line' id='line_1_21' title="bbox 205 1362 1551 1418; baseline -0.002 -12"><span class='ocrx_word' id='word_1_146' title='bbox 205 1366 313 1406; x_wconf 90' lang='lat' dir='ltr'>mihi</span> <span class='ocrx_word' id='word_1_147' title='bbox 350 1379 436 1406; x_wconf 89' lang='lat' dir='ltr'>non</span> <span class='ocrx_word' id='word_1_148' title='bbox 474 1378 636 1405; x_wconf 89' lang='lat' dir='ltr'>summe</span> <span class='ocrx_word' id='word_1_149' title='bbox 678 1378 766 1405; x_wconf 87' lang='lat' dir='ltr'>esse</span> <span class='ocrx_word' id='word_1_150' title='bbox 808 1364 1055 1417; x_wconf 80' lang='lat' dir='ltr'>iucundum3</span> <span class='ocrx_word' id='word_1_151' title='bbox 1097 1363 1211 1418; x_wconf 88' lang='lat' dir='ltr'>quod</span> <span class='ocrx_word' id='word_1_152' title='bbox 1251 1378 1346 1404; x_wconf 88' lang='lat' dir='ltr'>cum</span> <span class='ocrx_word' id='word_1_153' title='bbox 1385 1363 1444 1403; x_wconf 83' lang='lat' dir='ltr'>ita</span> <span class='ocrx_word' id='word_1_154' title='bbox 1484 1362 1551 1415; x_wconf 92' lang='lat' dir='ltr'>sit,</span> 
     </span>
     <span class='ocr_line' id='line_1_22' title="bbox 207 1421 1550 1480; baseline -0.002 -15"><span class='ocrx_word' id='word_1_155' title='bbox 207 1439 295 1465; x_wconf 90' lang='lat' dir='ltr'>esse</span> <span class='ocrx_word' id='word_1_156' title='bbox 320 1427 491 1480; x_wconf 86' lang='lat' dir='ltr'>gratum</span> <span class='ocrx_word' id='word_1_157' title='bbox 516 1436 684 1464; x_wconf 86' lang='lat' dir='ltr'>necesse</span> <span class='ocrx_word' id='word_1_158' title='bbox 710 1425 782 1463; x_wconf 88' lang='lat' dir='ltr'>est.</span> <span class='ocrx_word' id='word_1_159' title='bbox 828 1421 911 1463; x_wconf 79' lang='lat' dir='ltr'>Sed</span> <span class='ocrx_word' id='word_1_160' title='bbox 930 1425 1082 1476; x_wconf 85' lang='lat' dir='ltr'>tamen,</span> <span class='ocrx_word' id='word_1_161' title='bbox 1115 1422 1316 1476; x_wconf 89' lang='lat' dir='ltr'>quoniam</span> <span class='ocrx_word' id='word_1_162' title='bbox 1342 1421 1448 1462; x_wconf 91' lang='lat' dir='ltr'>mihi</span> <span class='ocrx_word' id='word_1_163' title='bbox 1472 1435 1550 1475; x_wconf 85' lang='lat' dir='ltr'>pro</span> 
     </span>
     <span class='ocr_line' id='line_1_23' title="bbox 207 1479 1551 1535; baseline -0.002 -11"><span class='ocrx_word' id='word_1_164' title='bbox 207 1483 504 1524; x_wconf 87' lang='lat' dir='ltr'>coniunctione</span> <span class='ocrx_word' id='word_1_165' title='bbox 542 1484 689 1522; x_wconf 85' lang='lat' dir='ltr'>nostra</span> <span class='ocrx_word' id='word_1_166' title='bbox 726 1481 794 1522; x_wconf 86' lang='lat' dir='ltr'>vel</span> <span class='ocrx_word' id='word_1_167' title='bbox 829 1495 1001 1535; x_wconf 83' lang='lat' dir='ltr'>peccare</span> <span class='ocrx_word' id='word_1_168' title='bbox 1034 1484 1135 1535; x_wconf 86' lang='lat' dir='ltr'>aput</span> <span class='ocrx_word' id='word_1_169' title='bbox 1172 1484 1214 1522; x_wconf 86' lang='lat' dir='ltr'>te</span> <span class='ocrx_word' id='word_1_170' title='bbox 1253 1481 1297 1521; x_wconf 91' lang='lat' dir='ltr'>in</span> <span class='ocrx_word' id='word_1_171' title='bbox 1329 1479 1551 1521; x_wconf 88' lang='lat' dir='ltr'>scribendo</span> 
     </span>
     <span class='ocr_line' id='line_1_24' title="bbox 206 1539 1552 1596; baseline -0.002 -14"><span class='ocrx_word' id='word_1_172' title='bbox 206 1542 317 1596; x_wconf 88' lang='lat' dir='ltr'>licet,</span> <span class='ocrx_word' id='word_1_173' title='bbox 349 1545 577 1595; x_wconf 87' lang='lat' dir='ltr'>utrumque</span> <span class='ocrx_word' id='word_1_174' title='bbox 604 1554 761 1595; x_wconf 88' lang='lat' dir='ltr'>eorum,</span> <span class='ocrx_word' id='word_1_175' title='bbox 789 1554 895 1594; x_wconf 91' lang='lat' dir='ltr'>quae</span> <span class='ocrx_word' id='word_1_176' title='bbox 920 1540 1073 1595; x_wconf 80' lang='lat' dir='ltr'>negavi</span> <span class='ocrx_word' id='word_1_177' title='bbox 1098 1539 1205 1580; x_wconf 85' lang='lat' dir='ltr'>mihi</span> <span class='ocrx_word' id='word_1_178' title='bbox 1231 1539 1427 1580; x_wconf 85' lang='lat' dir='ltr'>faciunda</span> <span class='ocrx_word' id='word_1_179' title='bbox 1453 1553 1552 1592; x_wconf 86' lang='lat' dir='ltr'>esse,</span> 
     </span>
     <span class='ocr_line' id='line_1_25' title="bbox 207 1597 1551 1654; baseline -0.002 -13"><span class='ocrx_word' id='word_1_180' title='bbox 207 1600 376 1654; x_wconf 65' lang='lat' dir='ltr'>faciam,</span> <span class='ocrx_word' id='word_1_181' title='bbox 408 1615 507 1640; x_wconf 90' lang='lat' dir='ltr'>nam</span> <span class='ocrx_word' id='word_1_182' title='bbox 539 1602 580 1640; x_wconf 88' lang='lat' dir='ltr'>et</span> <span class='ocrx_word' id='word_1_183' title='bbox 612 1599 664 1639; x_wconf 87' lang='lat' dir='ltr'>ad</span> <span class='ocrx_word' id='word_1_184' title='bbox 696 1599 755 1653; x_wconf 92' lang='lat' dir='ltr'>id,</span> <span class='ocrx_word' id='word_1_185' title='bbox 789 1599 903 1652; x_wconf 88' lang='lat' dir='ltr'>quod</span> <span class='ocrx_word' id='word_1_186' title='bbox 934 1598 1069 1640; x_wconf 86' lang='lat' dir='ltr'>Attici</span> <span class='ocrx_word' id='word_1_187' title='bbox 1102 1613 1226 1639; x_wconf 85' lang='lat' dir='ltr'>causa</span> <span class='ocrx_word' id='word_1_188' title='bbox 1257 1601 1298 1639; x_wconf 86' lang='lat' dir='ltr'>te</span> <span class='ocrx_word' id='word_1_189' title='bbox 1331 1597 1551 1639; x_wconf 83' lang='lat' dir='ltr'>ostendisti</span> 
     </span>
     <span class='ocr_line' id='line_1_26' title="bbox 208 1657 1553 1712; baseline -0.002 -12"><span class='ocrx_word' id='word_1_190' title='bbox 208 1674 295 1700; x_wconf 92' lang='lat' dir='ltr'>esse</span> <span class='ocrx_word' id='word_1_191' title='bbox 321 1660 545 1708; x_wconf 84' lang='lat' dir='ltr'>facturum,</span> <span class='ocrx_word' id='word_1_192' title='bbox 577 1660 745 1698; x_wconf 89' lang='lat' dir='ltr'>tantum</span> <span class='ocrx_word' id='word_1_193' title='bbox 771 1658 899 1698; x_wconf 80' lang='lat' dir='ltr'>velim</span> <span class='ocrx_word' id='word_1_194' title='bbox 927 1657 1064 1712; x_wconf 82' lang='lat' dir='ltr'>addas,</span> <span class='ocrx_word' id='word_1_195' title='bbox 1098 1659 1304 1711; x_wconf 87' lang='lat' dir='ltr'>quantum</span> <span class='ocrx_word' id='word_1_196' title='bbox 1330 1671 1381 1698; x_wconf 86' lang='lat' dir='ltr'>ex</span> <span class='ocrx_word' id='word_1_197' title='bbox 1405 1659 1553 1698; x_wconf 87' lang='lat' dir='ltr'>nostro</span> 
     </span>
    </p>
   </div>
   <div class='ocr_carea' id='block_1_5' title="bbox 207 1715 1587 1771">
    <p class='ocr_par' dir='ltr' id='par_1_5' title="bbox 207 1715 1587 1771">
     <span class='ocr_line' id='line_1_27' title="bbox 207 1715 1587 1771; baseline -0.002 -12"><span class='ocrx_word' id='word_1_198' title='bbox 207 1732 349 1759; x_wconf 86' lang='lat' dir='ltr'>amore</span> <span class='ocrx_word' id='word_1_199' title='bbox 382 1716 632 1758; x_wconf 85' lang='lat' dir='ltr'>accessionis</span> <span class='ocrx_word' id='word_1_200' title='bbox 664 1716 756 1757; x_wconf 88' lang='lat' dir='ltr'>fieri</span> <span class='ocrx_word' id='word_1_201' title='bbox 787 1719 940 1771; x_wconf 87' lang='lat' dir='ltr'>potest,</span> <span class='ocrx_word' id='word_1_202' title='bbox 973 1719 1030 1770; x_wconf 91' lang='lat' dir='ltr'>et,</span> <span class='ocrx_word' id='word_1_203' title='bbox 1063 1716 1177 1770; x_wconf 87' lang='lat' dir='ltr'>quod</span> <span class='ocrx_word' id='word_1_204' title='bbox 1207 1716 1334 1757; x_wconf 90' lang='lat' dir='ltr'>modo</span> <span class='ocrx_word' id='word_1_205' title='bbox 1367 1715 1553 1769; x_wconf 85' lang='lat' dir='ltr'>verebar,</span> <span class='ocrx_word' id='word_1_206' title='bbox 1574 1744 1587 1752; x_wconf 80' lang='grc'>-</span> 
     </span>
    </p>
   </div>
   <div class='ocr_carea' id='block_1_6' title="bbox 206 1774 1554 2195">
    <p class='ocr_par' dir='ltr' id='par_1_6' title="bbox 206 1774 1554 2195">
     <span class='ocr_line' id='line_1_28' title="bbox 206 1774 1553 1833; baseline -0.001 -16"><span class='ocrx_word' id='word_1_207' title='bbox 206 1777 288 1817; x_wconf 88' lang='lat' dir='ltr'>tibi</span> <span class='ocrx_word' id='word_1_208' title='bbox 312 1777 473 1833; x_wconf 82' lang='lat' dir='ltr'>gratias</span> <span class='ocrx_word' id='word_1_209' title='bbox 499 1790 634 1832; x_wconf 87' lang='lat' dir='ltr'>agere,</span> <span class='ocrx_word' id='word_1_210' title='bbox 667 1789 779 1816; x_wconf 91' lang='lat' dir='ltr'>nunc</span> <span class='ocrx_word' id='word_1_211' title='bbox 806 1775 930 1829; x_wconf 89' lang='lat' dir='ltr'>plane</span> <span class='ocrx_word' id='word_1_212' title='bbox 957 1789 1036 1831; x_wconf 89' lang='lat' dir='ltr'>ago</span> <span class='ocrx_word' id='word_1_213' title='bbox 1063 1778 1188 1829; x_wconf 85' lang='lat' dir='ltr'>teque</span> <span class='ocrx_word' id='word_1_214' title='bbox 1219 1775 1278 1815; x_wconf 89' lang='lat' dir='ltr'>ita</span> <span class='ocrx_word' id='word_1_215' title='bbox 1311 1774 1553 1815; x_wconf 80' lang='lat' dir='ltr'>existimare</span> 
     </span>
     <span class='ocr_line' id='line_1_29' title="bbox 206 1833 1554 1889; baseline -0.001 -13"><span class='ocrx_word' id='word_1_216' title='bbox 206 1836 316 1889; x_wconf 86' lang='lat' dir='ltr'>volo,</span> <span class='ocrx_word' id='word_1_217' title='bbox 332 1836 669 1889; x_wconf 87' lang='lat' dir='ltr'>quibuscumque</span> <span class='ocrx_word' id='word_1_218' title='bbox 685 1834 838 1875; x_wconf 88' lang='lat' dir='ltr'>officiis</span> <span class='ocrx_word' id='word_1_219' title='bbox 852 1834 896 1874; x_wconf 87' lang='lat' dir='ltr'>in</span> <span class='ocrx_word' id='word_1_220' title='bbox 910 1834 1142 1888; x_wconf 87' lang='lat' dir='ltr'>Epiroticis</span> <span class='ocrx_word' id='word_1_221' title='bbox 1156 1833 1414 1887; x_wconf 89' lang='lat' dir='ltr'>reliquisque</span> <span class='ocrx_word' id='word_1_222' title='bbox 1429 1833 1554 1874; x_wconf 87' lang='lat' dir='ltr'>rebus</span> 
     </span>
     <span class='ocr_line' id='line_1_30' title="bbox 206 1892 1523 1949; baseline -0.002 -14"><span class='ocrx_word' id='word_1_223' title='bbox 206 1893 400 1935; x_wconf 87' lang='lat' dir='ltr'>Atticum</span> <span class='ocrx_word' id='word_1_224' title='bbox 433 1893 723 1949; x_wconf 82' lang='lat' dir='ltr'>opstrinxeris,</span> <span class='ocrx_word' id='word_1_225' title='bbox 755 1893 904 1934; x_wconf 87' lang='lat' dir='ltr'>iisdem</span> <span class='ocrx_word' id='word_1_226' title='bbox 936 1907 1003 1933; x_wconf 93' lang='lat' dir='ltr'>me</span> <span class='ocrx_word' id='word_1_227' title='bbox 1039 1893 1120 1933; x_wconf 84' lang='lat' dir='ltr'>tibi</span> <span class='ocrx_word' id='word_1_228' title='bbox 1154 1892 1391 1948; x_wconf 88' lang='lat' dir='ltr'>obligatum</span> <span class='ocrx_word' id='word_1_229' title='bbox 1422 1892 1523 1932; x_wconf 83' lang='lat' dir='ltr'>fore.</span> 
     </span>
     <span class='ocr_line' id='line_1_31' title="bbox 826 1997 938 2039; baseline -0.009 0"><span class='ocrx_word' id='word_1_230' title='bbox 826 1997 938 2039; x_wconf 78' lang='lat' dir='ltr'>XIX.</span> 
     </span>
     <span class='ocr_line' id='line_1_32' title="bbox 489 2079 1263 2122; baseline -0.004 -7"><span class='ocrx_word' id='word_1_231' title='bbox 489 2079 563 2115; x_wconf 81' lang='lat' dir='ltr'>Ser.</span> <span class='ocrx_word' id='word_1_232' title='bbox 591 2080 739 2122; x_wconf 81' lang='lat' dir='ltr'>Romae,</span> <span class='ocrx_word' id='word_1_233' title='bbox 763 2084 804 2113; x_wconf 76' lang='lat' dir='ltr'>ut</span> <span class='ocrx_word' id='word_1_234' title='bbox 829 2079 981 2121; x_wconf 69' lang='lat' dir='ltr'>videtur,</span> <span class='ocrx_word' id='word_1_235' title='bbox 1010 2091 1042 2113; x_wconf 76' lang='grc' dir='ltr'>(ι.</span> <span class='ocrx_word' id='word_1_236' title='bbox 1072 2080 1094 2112; x_wconf 80' lang='lat'><em>7</em></span> <span class='ocrx_word' id='word_1_237' title='bbox 1096 2080 1144 2113; x_wconf 85' lang='grc'>08</span> <span class='ocrx_word' id='word_1_238' title='bbox 1173 2080 1263 2121; x_wconf 73' lang='lat'><em>(46).</em></span> 
     </span>
     <span class='ocr_line' id='line_1_33' title="bbox 668 2160 1102 2195; baseline -0.002 0"><span class='ocrx_word' id='word_1_239' title='bbox 668 2160 836 2195; x_wconf 86' lang='lat' dir='ltr'>CICERO</span> <span class='ocrx_word' id='word_1_240' title='bbox 870 2160 1041 2195; x_wconf 77' lang='lat' dir='ltr'>SERVIO</span> <span class='ocrx_word' id='word_1_241' title='bbox 1069 2160 1102 2194; x_wconf 81' lang='lat' dir='ltr'>S.</span> 
     </span>
    </p>
   </div>
   <div class='ocr_carea' id='block_1_7' title="bbox 208 2242 1556 2359">
    <p class='ocr_par' dir='ltr' id='par_1_7' title="bbox 208 2242 1556 2359">
     <span class='ocr_line' id='line_1_34' title="bbox 297 2242 1556 2299; baseline -0.002 -13"><span class='ocrx_word' id='word_1_242' title='bbox 297 2244 404 2286; x_wconf 85' lang='lat' dir='ltr'>Cum</span> <span class='ocrx_word' id='word_1_243' title='bbox 435 2245 603 2299; x_wconf 74' lang='lat' dir='ltr'>Lysone</span> <span class='ocrx_word' id='word_1_244' title='bbox 636 2244 831 2286; x_wconf 86' lang='lat' dir='ltr'>Patrensi</span> <span class='ocrx_word' id='word_1_245' title='bbox 871 2246 935 2287; x_wconf 70' lang='lat' dir='ltr'>est,</span> <span class='ocrx_word' id='word_1_246' title='bbox 970 2244 1077 2284; x_wconf 90' lang='lat' dir='ltr'>mihi</span> <span class='ocrx_word' id='word_1_247' title='bbox 1115 2243 1284 2298; x_wconf 87' lang='lat' dir='ltr'>quidem</span> <span class='ocrx_word' id='word_1_248' title='bbox 1322 2242 1556 2297; x_wconf 86' lang='lat' dir='ltr'>hospitium</span> 
     </span>
     <span class='ocr_line' id='line_1_35' title="bbox 208 2301 1556 2359; baseline -0.001 -15"><span class='ocrx_word' id='word_1_249' title='bbox 208 2307 339 2358; x_wconf 87' lang='lat' dir='ltr'>vetus,</span> <span class='ocrx_word' id='word_1_250' title='bbox 374 2319 500 2358; x_wconf 90' lang='lat' dir='ltr'>quam</span> <span class='ocrx_word' id='word_1_251' title='bbox 527 2319 606 2359; x_wconf 87' lang='lat' dir='ltr'>ego</span> <span class='ocrx_word' id='word_1_252' title='bbox 633 2303 987 2345; x_wconf 78' lang='lat' dir='ltr'>necessitudinem</span> <span class='ocrx_word' id='word_1_253' title='bbox 1014 2305 1154 2343; x_wconf 86' lang='lat' dir='ltr'>sancte</span> <span class='ocrx_word' id='word_1_254' title='bbox 1181 2301 1399 2342; x_wconf 87' lang='lat' dir='ltr'>colendam</span> <span class='ocrx_word' id='word_1_255' title='bbox 1430 2304 1556 2356; x_wconf 80' lang='lat' dir='ltr'>put03</span> 
     </span>
    </p>
   </div>
   <div class='ocr_carea' id='block_1_8' title="bbox 1584 552 1600 576">
    <p class='ocr_par' dir='ltr' id='par_1_8' title="bbox 1584 552 1600 576">
     <span class='ocr_line' id='line_1_36' title="bbox 1584 552 1600 576; baseline 0 0"><span class='ocrx_word' id='word_1_256' title='bbox 1584 552 1600 576; x_wconf 80' lang='lat'>5</span> 
     </span>
    </p>
   </div>
   <div class='ocr_carea' id='block_1_9' title="bbox 1569 847 1601 871">
    <p class='ocr_par' dir='ltr' id='par_1_9' title="bbox 1569 847 1601 871">
     <span class='ocr_line' id='line_1_37' title="bbox 1569 847 1601 871; baseline 0.031 -1"><span class='ocrx_word' id='word_1_257' title='bbox 1569 847 1601 871; x_wconf 89' lang='lat'>10</span> 
     </span>
    </p>
   </div>
   <div class='ocr_carea' id='block_1_10' title="bbox 1571 1140 1604 1165">
    <p class='ocr_par' dir='ltr' id='par_1_10' title="bbox 1571 1140 1604 1165">
     <span class='ocr_line' id='line_1_38' title="bbox 1571 1140 1604 1165; baseline 0 0"><span class='ocrx_word' id='word_1_258' title='bbox 1571 1140 1604 1165; x_wconf 85' lang='lat'>15</span> 
     </span>
    </p>
   </div>
   <div class='ocr_carea' id='block_1_11' title="bbox 1571 1436 1605 1459">
    <p class='ocr_par' dir='ltr' id='par_1_11' title="bbox 1571 1436 1605 1459">
     <span class='ocr_line' id='line_1_39' title="bbox 1571 1436 1605 1459; baseline -0.059 0"><span class='ocrx_word' id='word_1_259' title='bbox 1571 1436 1605 1459; x_wconf 72' lang='lat'>:³0</span> 
     </span>
    </p>
   </div>
   <div class='ocr_carea' id='block_1_12' title="bbox 1574 2091 1608 2116">
    <p class='ocr_par' dir='ltr' id='par_1_12' title="bbox 1574 2091 1608 2116">
     <span class='ocr_line' id='line_1_40' title="bbox 1574 2091 1608 2116; baseline 0 0"><span class='ocrx_word' id='word_1_260' title='bbox 1574 2091 1608 2116; x_wconf 86' lang='lat'>30</span> 
     </span>
    </p>
   </div>
  </div>
 </body>
</html>
