1659 2552
644 88 786 122 LLBER
810 88 843 122 11
869 92 901 133 5,
928 92 959 123 6
1411 90 1467 132 35

124 188 248 227 tunas
280 199 376 226 suas
407 187 550 226 tantae
583 198 705 226 curae
737 184 865 225 fuisse
897 198 1099 239 umquam
1130 187 1253 239 puto,
1286 188 1467 240 quantae

124 243 229 285 mihi
267 243 322 285 sit
359 243 496 285 honos
536 243 645 298 eius,
686 244 730 284 in
772 257 855 298 quo
897 243 1039 284 omnia
1077 257 1171 284 mea
1207 244 1347 298 posita
1379 259 1467 286 esse

125 303 299 344 decrevi
361 301 475 343 Huic
510 305 552 343 te
590 277 722 343 ulium
754 304 873 343 tanto
906 302 1149 343 adiumento
1182 316 1288 357 esse,
1330 303 1365 344 si
1395 318 1467 345 vo-

122 361 264 416 lueris,
294 375 417 416 posse
449 361 664 417 intellego,
699 363 746 402 ut
777 361 886 402 nihil
917 361 972 401 sit
1002 363 1219 416 praeterea
1249 361 1374 403 nobis
1406 377 1467 403 re-

88 433 103 459 5
125 420 388 475 quirendum.
450 419 668 460 Habemus
699 420 802 461 haec
834 420 997 474 omnia,
1036 420 1247 461 bonorum
1279 420 1467 462 studium

123 479 395 521 conciliatum
426 493 478 519 ex
502 479 724 520 tribunatu
755 481 929 533 propter
959 481 1160 534 nostram,
1192 482 1240 520 ut
1271 493 1394 534 spero
1425 482 1467 520 te

122 538 379 594 intellegere,
406 551 584 592 causam,
604 538 722 593 vulgi
743 552 789 578 ac
808 537 1094 579 multitudinis
1112 540 1288 593 propter
1306 538 1468 594 magni-

122 597 335 639 ficentiam
358 611 583 638 munerum
608 596 991 651 liberalitatemque
1015 599 1202 651 naturae,
1233 597 1467 638 iuventutis

123 659 165 698 et
195 656 482 713 gratiosorum
519 655 564 696 in
601 656 814 711 suffragiis
851 655 991 696 studia
1027 658 1203 710 propter
1233 656 1366 710 ipsius
1399 671 1466 697 ex-

72 728 104 754 10
124 715 344 756 cellentem
384 714 429 755 in
470 728 518 756 eo
559 729 712 770 genere
753 714 820 756 vel
859 715 1040 770 gratiam
1079 714 1147 756 vel
1188 714 1466 771 diligentiam,

122 777 312 815 nostram
343 773 706 829 suffragationem,
740 774 774 814 si
805 772 945 814 minus
975 775 1209 828 potentem,
1242 777 1285 814 at
1315 773 1467 828 proba-

123 837 211 874 tam
240 835 383 874 tamen
415 835 456 873 et
493 832 648 873 iustam
680 835 721 873 et
760 832 946 873 debitam
978 835 1019 873 et
1055 835 1255 887 proptera
1286 833 1465 874 fortasse

123 892 249 933 etiam
281 891 523 948 gratiosam.
584 890 683 932 Dux
714 891 838 932 nobis
869 894 910 932 et
942 894 1090 932 auctor
1114 905 1219 946 opus
1245 894 1307 932 est
1333 894 1374 932 et
1400 906 1465 933 eo-

123 965 218 992 rum
254 953 496 1005 ventorum,
538 964 643 1005 quos
679 950 899 1005 proposui,
940 950 1183 991 moderator
1220 950 1391 1005 quidam
1424 953 1465 992 et

71 1023 104 1049 15
124 1009 243 1064 quasi
279 1009 549 1066 gubernator.
612 1008 694 1058 Qui
732 1010 766 1049 si
804 1023 855 1050 ex
888 1009 1085 1050 omnibus
1115 1023 1224 1050 unus
1257 1009 1465 1064 optandus

124 1071 243 1123 esset,
275 1083 400 1122 quem
431 1070 571 1109 tecum
604 1068 792 1109 conferre
823 1082 1053 1123 possemus,
1084 1082 1171 1109 non
1201 1068 1464 1109 haberemus.

125 1127 259 1177 Quam
292 1127 345 1167 ob
378 1141 479 1181 rem,
511 1127 546 1167 si
578 1141 644 1167 me
676 1141 918 1181 memorem,
951 1127 985 1167 si
1017 1129 1205 1182 gratum,
1238 1127 1273 1168 si
1304 1127 1465 1168 bonum

124 1186 263 1227 virum
294 1185 361 1226 vel
392 1200 444 1226 ex
472 1185 555 1227 hoc
585 1185 695 1240 ipso,
734 1185 846 1240 quod
883 1188 971 1226 tam
1002 1185 1273 1227 vehementer
1306 1186 1355 1226 de
1386 1185 1465 1226 Mi-

122 1245 219 1286 lone
261 1244 470 1299 laborem,
515 1244 756 1285 existimare
799 1247 940 1299 potes,
985 1244 1019 1285 si
1064 1244 1240 1300 dignum
1285 1244 1464 1298 denique

72 1318 105 1343 20
123 1304 208 1345 tuis
247 1303 462 1344 beneficiis
502 1303 681 1358 iudicas,
722 1303 803 1344 hoc·
843 1318 866 1344 a
905 1305 947 1344 te
987 1306 1108 1358 peto,
1152 1306 1199 1344 ut
1240 1303 1464 1344 subvenias

122 1363 223 1403 huic
252 1377 369 1403 meae
400 1362 677 1403 sollicitudini
708 1365 749 1403 et
779 1362 879 1403 huic
909 1376 1026 1403 meae
1056 1361 1172 1403 laudi
1202 1362 1287 1416 vel,
1319 1364 1367 1402 ut
1398 1376 1465 1403 ve-

122 1422 209 1462 rius
254 1421 408 1475 dicam,
457 1435 589 1476 prope
640 1420 765 1462 saluti
814 1424 935 1462 tuum
985 1421 1172 1462 studium
1218 1420 1339 1462 dices.
1400 1420 1465 1461 De

98 1498 110 1510 -·
122 1481 214 1535 ipso
246 1479 290 1521 T.
322 1479 464 1521 Annio
495 1482 662 1521 tantum
693 1480 773 1520 tibi
803 1480 1024 1534 polliceor,
1056 1483 1097 1521 te
1122 1479 1296 1520 maioris
1322 1479 1464 1534 animi,

123 1539 355 1594 gravitatis,
381 1538 640 1580 constantiae
665 1538 1058 1593 benivolentiaeque
1085 1553 1185 1594 erga
1209 1541 1262 1593 te,
1295 1538 1331 1579 si
1356 1552 1466 1579 com-

73 1607 105 1632 25
125 1597 253 1651 plecti
294 1597 511 1638 hominem
554 1597 758 1651 volueris,
807 1597 1056 1638 habiturum
1100 1612 1188 1638 esse
1231 1597 1465 1652 neminem,

124 1655 231 1696 1111111
261 1670 360 1696 vero
391 1659 558 1697 tantum
591 1656 768 1711 decoris,
807 1658 974 1697 tantum
1014 1656 1234 1712 dignitatis
1267 1656 1466 1696 adiunxe-

125 1714 202 1768 ris,
243 1716 289 1753 ut
329 1714 507 1755 eundem
545 1717 588 1755 te
627 1715 749 1756 fac-ile
790 1715 1044 1770 adgnoscam
1084 1715 1213 1755 fuisse
1254 1714 1298 1755 in
1338 1714 1462 1755 laude

124 1787 233 1827 mea,
273 1771 345 1825 qui
381 1772 511 1813 fueris
549 1773 593 1813 in
631 1773 774 1814 salute.
836 1773 931 1829 Ego
968 1773 1013 1814 ni
1044 1776 1086 1814 te
1117 1774 1260 1815 videre
1298 1773 1461 1827 scirem,

125 1845 207 1886 qua
244 1832 384 1871 mente
427 1829 530 1871 11300
572 1831 815 1886 scriberem,
861 1834 1067 1886 quantum
1112 1831 1243 1873 officii
1288 1831 1465 1872 sustine-

72 1900 230 1944 8010111,
273 1891 430 1943 quanto
464 1903 588 1943 opere
618 1889 724 1930 mihi
757 1893 864 1930 esset
902 1890 946 1930 in
983 1890 1062 1931 hac
1097 1891 1304 1944 petitione
1341 1889 1465 1929 Milo-

124 1948 189 1989 nis
221 1948 336 1989 omni
367 1962 453 1988 non
477 1947 604 1988 modo
631 1948 910 2003 contentione,
943 1948 1015 1988 sed
1040 1948 1167 1989 etiam
1194 1948 1464 1988 dimicatione

125 2006 442 2061 elaborandum,
479 2006 602 2061 plura
640 2006 883 2061 scriberem,
918 2020 1031 2046 nunc
1062 2007 1143 2047 tibi
1176 2021 1343 2047 omnem
1375 2020 1463 2047 rem

125 2068 250 2120 atque
291 2079 458 2106 causam
498 2079 648 2118 meque
691 2067 830 2106 totum
874 2064 1121 2105 commendo
1163 2068 1289 2118 atque
1329 2064 1462 2106 trado.

123 2123 267 2166 Unum
306 2123 388 2165 1100
428 2123 488 2164 sic
526 2123 699 2178 habeto,
741 2123 776 2164 si
815 2138 839 2164 3
875 2126 917 2164 10
954 2123 1063 2164 113110
1100 2138 1189 2164 10111
1219 2124 1462 2178 impetrar,o

73 2192 191 2224 351110
221 2197 352 2237 paene
382 2182 478 2237 plus
509 2182 590 2223 tibi
622 2197 747 2236 quam
779 2182 861 2236 ipsi
891 2180 1043 2222 Miloni
1077 2181 1336 2237 debiturum3
1375 2196 1462 2223 11011

125 2241 237 2282 0111111
275 2241 382 2282 mihi
421 2244 510 2282 tam
549 2255 643 2282 mea
682 2241 794 2281 salus
832 2255 926 2281 0313
963 2240 1062 2295 fuit,
1103 2241 1147 2281 in
1186 2255 1268 2295 qua
1304 2216 1463 2295 1113001-

122 2314 204 2354 pue
236 2313 328 2341 sum
360 2299 411 2340 ab
444 2300 518 2341 illo
546 2299 725 2354 adiutus,
758 2313 882 2354 quam
908 2299 1043 2354 pietas
1069 2300 1149 2340 erit
1174 2299 1219 2340 in
1244 2299 1462 2341 referenda

1181 2372 1197 2382 n
1208 2369 1223 2385 ῖς

1179 2387 1198 2401 ι)
