1659 2552
598 137 740 170 LIBER.
765 136 831 171 VII
857 140 1010 171 29—31.
1393 136 1472 177 197

134 232 405 274 contulissem
447 234 489 272 et
529 232 609 272 nisi
650 232 850 273 haberem
891 231 1052 272 socium
1091 230 1327 272 studiorum
1363 246 1476 273 meo-

133 305 227 332 rum
264 290 457 332 Atticum
495 293 699 331 nostrum.
769 289 898 331 Cuius
937 289 1137 344 quoniam
1174 290 1395 344 proprium
1433 293 1475 331 te

133 364 221 391 esse
262 349 411 390 scribis
452 349 663 403 mancipio
705 352 746 389 et
783 363 912 403 nexo,
952 362 1093 389 meum
1134 350 1274 389 autem
1315 363 1392 389 usu
1433 351 1475 389 et

132 409 285 463 fructu,
317 410 540 449 contentus
566 408 648 448 isto
676 422 778 448 sum.
828 406 878 447 Id
909 407 1020 447 enim
1053 409 1116 447 est
1148 407 1349 461 cuiusque
1380 422 1475 462 pro-

97 467 293 522 5prium‚
336 481 418 521 quo
461 466 638 520 quisque
680 466 836 506 fruitur
876 468 1001 520 atque
1041 466 1188 507 utitur.
1251 465 1334 507 Sed
1372 466 1476 506 haec

133 526 237 566 alias
268 525 473 579 pluribus.

221 584 395 638 Acilius,
422 583 494 637 qui
521 583 564 623 in
592 582 809 624 Graeciam
837 597 931 623 cum
956 582 1198 637 legionibus
1222 582 1376 623 missus
1401 584 1475 636 est,

133 643 319 683 maximo
360 656 455 682 meo
496 641 743 682 beneficiost
784 641 870 697 (bis
908 641 1019 682 enim
1057 644 1120 682 est
1158 655 1182 681 a
1218 655 1285 681 me
1318 641 1475 681 iudicio

134 701 283 756 capitis
320 701 446 741 rebus
478 700 604 740 salvis
637 698 850 755 defensus)
889 703 930 740 et
961 702 1024 740 est
1060 699 1190 740 homo
1220 714 1307 740 non
1338 699 1478 754 ingra—

81 773 115 797 10
134 762 203 800 tus
242 773 392 813 meque
430 758 702 799 vehementer
734 761 939 813 opservat.
1002 757 1071 799 Ad
1101 772 1197 799 eum
1230 758 1279 799 de
1311 760 1352 799 te
1385 758 1477 798 dili-

133 818 380 874 gentissime
413 817 561 871 scripsi
594 831 768 871 eamque
804 817 1028 871 epistulam
1061 831 1155 857 cum
1186 816 1266 857 hac
1297 816 1478 870 epistula

134 877 343 918 coniunxi.
406 875 541 924 Quam
573 875 644 916 ille
677 890 760 929 quo
792 875 919 916 modo
951 875 1158 929 acceperit
1189 877 1232 916 et
1263 875 1365 929 quid
1395 875 1477 916 tibi

131 935 349 990 pollicitus
380 935 452 989 sit,
484 934 612 975 velim
644 934 695 974 ad
726 948 793 974 me
825 934 994 975 scribas.

726 1084 878 1128 XXXI.

80 1169 113 1195 15
439 1166 514 1202 Ser.
541 1167 678 1202 Romae
708 1177 752 1201 m.
781 1165 887 1200 Febr.
920 1177 953 1201 a.
982 1168 1053 1201 710
1080 1168 1169 1210 (44).

569 1247 737 1282 CICERO
767 1247 908 1282 CURIO
936 1247 970 1282 S.
996 1247 1040 1282 D.

221 1343 361 1385 Facile
398 1343 595 1398 perspexi
633 1358 683 1384 ex
714 1343 800 1383 tuis
836 1342 1009 1397 litteris,
1051 1342 1165 1396 quod
1196 1356 1360 1396 semper
1392 1344 1476 1383 stu-

135 1402 225 1457 dui,
262 1406 304 1443 et
334 1417 401 1443 me
434 1417 457 1443 a
487 1405 529 1443 te
561 1401 736 1456 plurimi
773 1401 865 1442 fieri
898 1404 940 1442 et
970 1404 1012 1441 te
1044 1401 1311 1456 intellegere,
1350 1415 1476 1455 quam

134 1461 240 1502 mihi
267 1475 387 1502 carus
413 1475 533 1502 esses.
585 1460 708 1509 Quod
733 1460 933 1514 quoniam
960 1462 1137 1513 uterque
1162 1462 1356 1500 nostrum
1383 1473 1478 1500 con-

83 1532 116 1556 20
136 1522 302 1560 secutus
327 1522 401 1574 est,
427 1519 638 1573 reliquum
664 1522 738 1573 est,
764 1522 811 1560 ut
837 1518 990 1560 officiis
1016 1521 1222 1559 certemus
1248 1518 1359 1559 inter
1382 1532 1478 1573 nos3

137 1577 292 1632 quibus
332 1592 466 1632 aequo
504 1578 645 1618 animo
677 1578 745 1618 vel
775 1577 941 1618 vincam
972 1579 1014 1618 te
1045 1577 1113 1618 vel
1142 1577 1288 1618 vincar
1319 1591 1393 1631 aps
1424 1579 1476 1617 te.

136 1636 275 1676 Acilio
305 1650 391 1677 non
423 1636 551 1676 fuisse
582 1650 749 1677 necesse
779 1650 894 1676 meas
926 1635 1016 1676 dari
1053 1635 1217 1676 litteras
1254 1635 1377 1676 facile
1408 1650 1478 1690 pa-

135 1694 237 1748 tior3
270 1693 431 1748 Sulpici
461 1694 544 1734 tibi
575 1708 746 1748 operam
778 1694 979 1749 intellego
1012 1708 1064 1734 ex
1094 1694 1180 1735 tuis
1210 1694 1365 1735 litteris
1391 1708 1477 1734 non

136 1752 318 1793 multum
351 1766 456 1806 opus
486 1752 615 1793 fuisse
645 1754 820 1806 propter
844 1755 938 1793 tuas
963 1766 1030 1793 res
1054 1752 1115 1792 ita
1140 1754 1388 1806 contractae,
1419 1755 1478 1806 ut,

83 1823 117 1848 25
137 1825 262 1865 quem
294 1810 347 1851 ad
375 1810 550 1851 modum
581 1810 742 1865 scribis,
773 1811 865 1851 ‘nec
896 1813 1021 1864 caput
1045 1825 1122 1851 nec
1146 1810 1298 1864 pedes'.
1349 1810 1479 1864 Equi-

138 1870 232 1910 dem
263 1869 427 1923 veHem,
459 1869 523 1909 uti
554 1869 680 1922 pedes
710 1868 932 1923 haberent,
970 1871 1018 1909 ut
1049 1869 1275 1922 aliquando
1309 1869 1476 1909 redires,

137 1927 267 1969 Vides
287 1927 399 1968 enim
420 1927 632 1967 exaruisse
652 1927 735 1967 iam
755 1929 940 1968 veterem
960 1927 1256 1981 urbanitatem,
1283 1929 1330 1967 ut
1348 1926 1479 1967 -Pom-

136 1986 290 2041 ponius
319 1988 464 2027 noster
495 1999 571 2026 suo
603 1985 693 2025 iure
724 1985 859 2039 possit
891 1985 1045 2026 dicere:

197 2068 331 2109 ‘Nisi
357 2082 446 2108 nos
471 2067 619 2121 pauci
646 2066 952 2107 retineamus
978 2067 1193 2165 gloriZm
1220 2066 1478 2120 antiquam

85 2139 118 2164 30
1160 2125 1370 2166 tticam'.

137 2208 252 2264 Ergo
286 2208 321 2249 is
352 2208 445 2262 tibi,
476 2222 553 2248 nos
585 2207 622 2248 ei
657 2206 926 2247 succedimus.
989 2205 1099 2247 Veni
1130 2206 1280 2262 igitur,
1312 2221 1478 2262 quaeso,

136 2282 188 2308 ne
219 2271 361 2308 tamen
393 2281 535 2308 semen
566 2265 821 2306 urba-nitatis
853 2280 936 2305 una
961 2279 1056 2306 cum
1088 2279 1131 2305 re
1163 2280 1201 2320 p.
1229 2265 1418 2306 intereat.

1504 1705 1523 1735 Ν)
