1659 2552
126 986 165 1015 11

192 116 246 156 74
690 115 1031 151 EPISTULARUM

189 225 285 252 cum
311 211 573 266 auctoritate,
607 226 701 253 oum
728 212 856 252 armis
883 211 1062 264 denique
1087 210 1196 251 texit
1221 210 1336 251 suis?
1368 209 1531 260 Quibus

190 270 361 324 quidem
397 271 661 325 temporibus
699 271 801 311 haec
839 270 882 310 in
923 283 973 310 eo
1013 269 1219 324 gravitas,
1260 269 1363 310 haec
1402 269 1532 310 animi

189 329 370 370 altitudo
402 329 495 384 fuit,
527 344 612 370 non
643 330 770 370 modo
803 332 849 369 ut
880 327 1043 384 Phrygi
1075 327 1200 368 alicui
1232 330 1304 368 aut
1334 327 1533 382 Lycaoni,

191 387 306 442 quod
343 390 390 428 tu
427 388 472 428 in
503 388 655 443 legatis
687 388 841 441 fecisti,
882 387 955 427 sed
985 401 1038 428 ne
1069 400 1331 427 summorum
1364 386 1533 441 quidem

190 446 411 487 hominum
443 447 662 488 malevolis
696 447 744 487 de
770 461 836 487 me
864 445 1129 486 sermonibus
1155 445 1352 486 crederet.
1395 444 1534 486 Huius
1571 457 1588 483 5
1622 478 1625 480 v

191 505 325 560 igitur
355 505 468 546 filius
501 520 595 546 cum
621 505 676 546 sit
701 519 831 561 gener
861 507 976 560 tuus,
1009 518 1199 558 cumque,
1231 507 1398 559 praeter
1427 503 1536 545 hanc

191 564 531 605 coniunctionem
564 564 795 605 adfinitatis
834 578 960 617 quam
997 563 1054 604 sis
1087 562 1160 604 Cn.
1185 562 1389 617 Pompeio
1416 576 1536 604 carus

192 637 402 677 quamque
435 622 659 677 iucundus,
698 622 962 678 intellegam,
1001 636 1084 677 quo
1116 621 1287 663 tandem
1319 621 1460 663 animo
1491 621 1536 662 in

190 683 232 722 te
265 696 353 722 esse
392 682 552 722 debeo?
592 696 687 722 eum
718 681 967 736 praesertim
1004 695 1072 722 eas
1111 681 1164 721 ad
1201 694 1268 722 me
1305 680 1469 721 litteras
1500 680 1537 721 is

191 740 375 794 miserit,
426 741 600 795 quibus,
645 740 811 781 etiamsi
855 740 956 794 tibi,
1001 740 1067 780 cui
1112 754 1204 780 sum
1245 739 1535 794 amicissimus,
1556 752 1590 777 10

191 798 327 839 hostis
368 813 521 853 essem,
565 800 755 853 placarer
794 801 936 839 tamen
976 800 1199 853 totumque
1242 812 1309 839 me
1353 797 1405 839 ad
1447 798 1536 839 eius

192 857 274 898 viri
313 857 372 898 ita
411 858 460 898 de
498 872 566 899 me
606 858 749 899 meriti
789 858 1053 899 voluntatem
1093 860 1328 911 nutumque
1369 871 1538 898 conver-

193 919 340 957 terem.

285 974 366 1015 Sed
401 975 506 1016 haec
541 975 762 1032 hactenus3
806 975 1001 1029 pluribus
1042 975 1154 1016 enim
1195 974 1322 1015 etiam
1360 974 1539 1015 fortasse

194 1033 354 1088 verbis,
396 1048 522 1087 quam
571 1049 737 1075 necesse
786 1034 888 1089 fuit,
937 1034 1093 1088 scripta
1136 1036 1244 1074 sunt.
1315 1032 1442 1074 Nunc
1478 1047 1537 1088 ea,
1557 1045 1591 1071 15

194 1107 299 1146 quae
337 1107 361 1133 a
397 1107 464 1134 me
501 1094 692 1147 profecta
724 1107 913 1147 quaeque
945 1093 1141 1134 instituta
1179 1092 1281 1147 sint,
1320 1106 1536 1157 cognosce.

193 1176 1025 1182 -------------------------
1064 1151 1206 1206 Atque
1238 1151 1341 1192 haec
1373 1151 1538 1207 agimus

194 1213 235 1250 et
267 1224 440 1265 agemus
471 1211 607 1266 magis
639 1226 716 1265 pio
750 1211 956 1265 dignitate
983 1225 1109 1265 quam
1134 1224 1212 1265 pro
1237 1209 1425 1264 periculo
1451 1212 1537 1250 tuo.

194 1268 252 1309 Te
280 1269 403 1322 enim,
430 1271 477 1309 ut
503 1284 637 1323 spero,
663 1270 910 1324 propediem
930 1284 1144 1310 censorem
1166 1269 1394 1322 audiemus,
1421 1268 1540 1309 cuius

193 1327 468 1382 magistratus
507 1329 663 1381 officia,
706 1342 811 1381 quae
852 1331 949 1368 sunt
986 1328 1161 1368 maximi
1200 1327 1329 1368 animi
1368 1327 1539 1367 summi-
1559 1340 1592 1364 20

195 1400 275 1439 que
308 1386 491 1439 consilii,
530 1387 610 1427 tibi
649 1386 896 1441 diligentius
927 1389 969 1427 et
1000 1386 1235 1427 accuratius
1267 1400 1393 1439 quam
1424 1385 1538 1440 haec,

195 1458 301 1498 quae
332 1458 410 1485 nos
443 1445 492 1485 de
524 1447 565 1486 te
598 1445 775 1501 agimus,
808 1445 1032 1500 cogitanda
1063 1459 1151 1485 esse
1184 1458 1343 1485 censeo.

832 1595 904 1638 XI.

315 1676 388 1712 Ser.
416 1679 457 1712 in
482 1678 610 1712 castris
636 1678 685 1712 acl
710 1677 910 1722 Pyramum
932 1682 1013 1722 post
1038 1678 1095 1712 Id.
1122 1677 1208 1711 Iun.
1237 1679 1308 1712 '704
1341 1679 1432 1721 (50).

243 1758 411 1793 CICERO
438 1758 578 1794 APPIO
605 1758 844 1803 PULCHRO,
872 1759 935 1793 UT
963 1758 1130 1802 SPERO,
1159 1758 1363 1793 CENSORI
1389 1758 1422 1794 S.
1448 1758 1491 1793 D.
1561 1772 1594 1798 25

286 1854 392 1895 Cum
425 1869 557 1896 essem
590 1855 633 1896 in
666 1855 814 1896 castris
846 1855 899 1895 ad
929 1855 1106 1896 fluvium
1132 1854 1373 1909 Pyramum,
1405 1853 1539 1895 reddi-

197 1916 263 1954 tae
296 1913 402 1954 mihi
435 1917 532 1954 sunt
565 1928 648 1955 uno
681 1917 871 1968 tempore
904 1929 927 1954 a
958 1916 999 1954 te
1041 1913 1243 1968 epistolae
1276 1913 1398 1967 duae,
1436 1927 1539 1966 quas

197 1972 250 2012 ad
286 1987 352 2013 me
386 1972 432 2021 Q.
467 1972 670 2013 Servilius
709 1972 840 2013 Tarso
878 1972 1061 2013 miserat.
1130 1972 1288 2013 Earum
1326 1972 1369 2012 in
1408 1971 1540 2012 altera

199 2031 286 2071 dies
318 2033 408 2072 erat
440 2031 623 2086 ascripta
653 2031 875 2072 Nonarum
906 2031 1138 2085 Aprilium,
1178 2031 1222 2071 in
1253 2030 1400 2083 altera,
1433 2044 1539 2083 quae

196 2089 302 2129 mihi
335 2091 545 2131 recentior
576 2090 817 2144 videbatur,
862 2090 949 2130 dies
980 2104 1066 2130 non
1098 2091 1197 2130 erat.
1259 2087 1540 2142 Respondebo
1560 2101 1594 2126 30

198 2148 331 2199 igitur
362 2149 570 2202 superiori
602 2149 738 2203 prius,
776 2149 820 2189 in
859 2164 941 2203 qua
979 2144 1128 2189 scribis
1160 2147 1213 2188 ad
1243 2160 1309 2187 me
1342 2147 1391 2187 de
1423 2161 1542 2201 apso-

198 2200 358 2247 lutione
390 2208 634 2249 maiestatis.
696 2207 760 2248 De
793 2222 875 2261 qua
906 2207 985 2248 etsi
1015 2206 1226 2260 permulto
1259 2207 1355 2245 ant-e
1387 2206 1542 2247 certior

198 2265 333 2304 fictus
372 2280 417 2305 er
420 2281 486 2306 im
519 2266 693 2321 litteris,
726 2266 905 2320 nuntiis,
937 2266 1049 2306 fama
1081 2264 1260 2318 denique
1292 2264 1383 2317 ipsa
1415 2263 1541 2319 (nihil

199 2323 310 2362 enim
350 2324 431 2364 fuit
470 2324 640 2380 clarius3
681 2339 766 2365 non
805 2338 888 2378 quo
928 2323 1150 2377 quisquam
1188 2322 1310 2363 aliter
1340 2325 1542 2377 putasset,
