1659 2552
618 107 760 141 LIBER
784 106 835 141 IV
862 110 891 142 7.
1374 106 1429 147 93

88 218 171 259 quo
204 203 306 258 quid
337 203 533 258 sentiam,
570 202 680 244 nihil
710 202 862 244 attinet
895 202 1048 256 dicere,
1091 216 1187 242 cum
1218 204 1429 257 appareat,

86 263 176 317 ipse
202 262 305 316 quid
329 262 510 303 fecerim.
574 260 656 303 Sed
680 264 832 316 tamen,
865 260 899 301 si
926 261 1010 301 iam
1036 261 1096 301 ita
1127 260 1429 315 constituisses,
1458 283 1462 289 f

86 324 135 362 ut
175 321 319 362 abesse
349 323 553 375 perpetuo
591 320 738 361 malles
770 335 896 374 quam
934 334 1000 373 ea,
1042 333 1148 373 quae
1179 319 1331 374 nolles,
1370 319 1429 360 vi-

88 380 201 435 dere,
240 383 381 420 tamen
418 379 462 420 id
499 379 685 435 cogitare
719 378 902 433 deberes,
933 378 1190 432 ubicumque
1222 392 1349 432 esses,
1386 380 1428 418 te

52 439 180 480 5fore
217 438 261 479 in
300 438 387 479 eius
427 437 575 492 ipsius,
614 452 739 492 quem
771 438 956 493 fugereS,
996 439 1217 491 potestate.
1280 436 1363 485 Qui
1394 437 1429 477 si

87 497 211 538 facile
253 511 451 551 passurus
492 499 600 537 esset
643 499 685 537 te
726 499 936 537 carentem
979 495 1118 550 patria
1161 498 1202 536 et
1245 495 1429 537 fortunis

87 556 173 596 tuis
214 556 354 610 quiete
395 558 436 596 et
475 555 608 596 libere
647 555 808 609 vivere,
853 554 1126 610 cogitandum
1166 554 1248 595 tibi
1288 557 1429 595 tamen

88 617 213 668 esset,
257 613 471 655 Romaene
512 617 554 654 et
595 614 709 654 domi
749 615 862 668 tuae,
908 613 1163 654 cuicuimodi
1202 627 1268 654 res
1309 615 1429 666 esset,

88 688 141 714 an
172 672 390 726 Mitylenis
428 675 500 713 aut
538 671 680 713 Rhodi
717 672 864 713 malles
895 672 1046 713 vivere.
1110 671 1210 726 Sed,
1243 686 1339 712 cum
1370 671 1429 712 ita

37 745 70 770 10
87 732 172 772 late
202 734 345 786 pateat
377 731 465 772 eius
496 734 700 785 potestas,
743 745 868 784 quem
899 745 1110 786 veremur,
1141 733 1189 770 ut
1219 732 1429 771 terrarum

89 790 236 831 orbem
274 790 477 843 conplexa
514 790 586 844 sit,
632 804 771 830 nonne
815 789 948 830 ma'vis
986 789 1076 830 sine
1112 789 1300 843 periculo
1332 791 1429 829 tuae

89 849 204 890 domi
236 862 324 889 esse
356 863 483 902 quam
515 863 610 889 cum
640 847 828 902 periculo
861 848 1052 889 alienae?
1101 847 1323 902 Equidem,
1356 847 1430 888 eti—

89 907 195 948 amsi
215 907 450 962 oppetenda
468 921 583 948 mors
603 909 722 961 esset,
749 907 864 947 domi
890 910 1015 960 atque
1041 907 1085 947 in
1104 906 1241 961 patria
1260 906 1430 947 mallem

90 981 217 1020 quam
247 967 291 1007 in
323 966 507 1007 externis
545 968 670 1020 atque
709 965 856 1006 alienis
887 965 1002 1006 locis.
1063 964 1158 1006 Hoc
1195 965 1307 1006 idem
1345 980 1430 1006 om—

37 1037 70 1062 15
89 1039 174 1079 nes,
207 1024 279 1079 qui
310 1027 352 1065 te
385 1024 585 1080 diligunt,
617 1024 823 1079 sentiunt3
862 1038 1043 1078 quorum
1075 1026 1137 1065 est
1167 1039 1321 1079 magna
1351 1038 1429 1078 pro

89 1083 174 1124 tuis
205 1083 401 1124 maximis
433 1082 760 1137 clarissimisque
790 1083 1022 1123 virtutibus
1053 1082 1294 1123 multitudo.
1347 1081 1431 1122 Ha-
1459 1098 1471 1113 -·

89 1142 238 1183 bemus
264 1142 391 1183 etiam
423 1142 631 1183 rationem
662 1141 723 1183 rei
754 1141 975 1182 familiaris
1006 1144 1115 1196 tuae,
1148 1156 1274 1195 quam
1300 1141 1431 1181 dissu-

89 1201 183 1255 pari
213 1201 421 1242 nolumus.
481 1200 611 1255 Nam,
644 1200 723 1241 etsi
753 1201 914 1241 nullam
944 1202 1086 1254 potest
1111 1200 1298 1254 accipere
1324 1199 1431 1240 iniu-

91 1260 209 1314 riam,
242 1273 348 1313 quae
378 1259 522 1300 futura
552 1261 755 1314 perpetua
786 1259 857 1314 sit,
895 1261 1119 1313 propterea
1151 1259 1265 1313 quod
1294 1273 1430 1312 neque

38 1330 72 1355 20
92 1318 144 1372 is,
186 1318 259 1372 qui
295 1320 411 1359 tenet
451 1333 540 1359 rem
576 1318 806 1372 publicam,
847 1318 1033 1372 patietur
1068 1331 1204 1371 neque
1244 1317 1335 1371 ipsa
1366 1332 1431 1358 res

90 1376 278 1431 publica,
315 1379 457 1417 tamen
494 1377 700 1431 impetum
735 1377 996 1431 praedonum
1034 1376 1078 1416 in
1102 1378 1208 1416 ¹tuas
1240 1376 1432 1417 fortunas

91 1435 184 1476 fieri
214 1435 332 1490 nolo,
370 1435 401 1475 ii
432 1438 572 1476 autem
605 1435 678 1489 qui
709 1438 864 1490 essent,
896 1435 1092 1476 auderem
1124 1434 1319 1489 scribere,
1350 1434 1433 1475 nisi

92 1496 134 1534 te
165 1494 410 1549 intellegere
443 1494 707 1535 confiderem.

180 1551 264 1593 Hic
293 1555 335 1593 te
366 1552 490 1593 unius
522 1552 844 1606 sollicitudines,
884 1552 1009 1593 unius
1042 1552 1170 1593 etiam
1200 1551 1360 1592 multae
1392 1554 1433 1592 et
1468 1568 1476 1576 ³

41 1621 75 1646 25
95 1610 284 1651 assiduae
315 1611 529 1665 lacrimae,
572 1610 614 1652 C.
646 1610 853 1666 Marcelli,
894 1611 1038 1652 fratris
1077 1610 1248 1665 optimi,
1290 1610 1434 1664 depre-

96 1671 253 1709 cantur.
314 1668 404 1710 Nos
437 1683 536 1710 cura
567 1671 608 1711 et
641 1669 785 1711 dolore
815 1670 1001 1724 proximi
1038 1683 1199 1723 sumus,
1236 1669 1432 1723 precibus

94 1726 320 1780 tardiores,
365 1728 479 1781 quod
521 1728 586 1768 ius
631 1728 830 1783 adeundi,
875 1742 970 1769 cum
1014 1727 1096 1782 ipsi
1140 1727 1433 1782 deprecatione

96 1785 354 1841 eguerimUS,
403 1800 488 1826 non
536 1785 760 1841 habemus3
809 1787 947 1842 gratia
995 1789 1162 1827 tantum
1210 1800 1433 1840 possumus

96 1846 301 1898 quantum
325 1843 443 1898 victi3
475 1844 548 1884 sed
571 1847 712 1884 tamen
738 1845 926 1899 consilio,
957 1845 1097 1885 studio
1123 1844 1323 1885 Marcello
1348 1858 1433 1885 non

43 1914 77 1939 30
97 1903 303 1943 desumus.
364 1902 404 1942 A
434 1901 519 1942 tuis
559 1902 732 1956 reliquis
769 1917 856 1944 non
892 1903 1163 1959 adhibemur3
1203 1903 1257 1943 ad
1294 1902 1434 1943 omnia

95 1961 234 2016 parati
264 1975 419 2002 sumus.
