1659 2552
594 88 734 123 LIBER
759 89 810 123 XI
835 92 890 134 28,
917 93 971 125 29.
1374 92 1460 134 329

119 196 188 223 me
225 197 375 237 parum
412 184 573 237 patriae
612 187 822 225 amantem
862 199 950 226 esse
982 185 1242 239 existimant,
1285 188 1460 242 rogandi

121 240 293 295 quidem
331 241 493 296 aliquid
530 245 603 283 aut
643 243 859 284 auferendi
900 258 1024 285 causa
1060 244 1293 298 frequentis
1330 246 1460 286 venti-

120 302 210 340 tare
251 301 444 354 reperies.
508 299 591 341 Sed
634 315 739 354 quae
783 301 886 342 haec
929 305 993 343 est
1036 303 1304 358 adrogantia,
1349 304 1461 357 quod

122 357 274 399 Caesar
313 373 545 413 numquam
590 359 893 414 interpellavit,
937 360 1060 416 quin,
1105 361 1258 415 quibus
1299 362 1461 417 vellem,

85 428 101 454 5
121 419 247 470 atque
278 417 406 458 etiam
439 432 544 472 quos
576 417 664 472 ipse
696 432 782 459 non
814 419 1030 474 diligebat,
1062 422 1203 460 tamen
1233 420 1284 460 iis
1310 423 1462 475 uterer,

121 489 203 529 eos,
236 476 308 529 qui
333 476 440 516 mihi
472 476 653 517 amicum
679 477 938 532 eripuerunt,
971 479 1178 533 carpendo
1204 493 1271 519 me
1298 479 1462 520 efficere

121 535 276 588 conari,
307 549 370 588 ne,
403 549 508 588 quos
539 535 678 589 velim,
711 535 913 591 diligam?

209 591 292 633 Sed
322 607 407 634 non
432 608 590 647 vereor,
621 608 673 634 ne
699 596 771 634 aut
795 609 912 636 meae
938 595 1049 635 vitae
1074 595 1282 636 modestia
1312 611 1462 650 parum
1488 608 1509 639 8

120 650 304 692 valitura
334 652 390 692 sit
422 651 465 692 111
496 655 713 706 posterum
740 656 886 693 contra
917 653 1046 694 falsos
1078 668 1279 708 rumores,
1311 657 1384 694 aut
1409 669 1461 695 ne

68 723 101 747 10
122 709 250 750 etiam
282 710 330 764 ii,
369 710 441 764 qui
472 725 540 751 me
570 724 656 751 11011
688 713 831 751 amant
861 714 1036 766 propter
1071 727 1208 753 meam
1240 713 1284 753 in
1317 712 1462 753 Caesa-

121 782 210 808 rem
252 769 552 822 constantiam,
594 783 679 809 non
718 769 870 810 malint
913 770 996 811 mei
1038 785 1163 824 quam
1204 771 1270 811 sui
1310 771 1461 813 similis

120 826 278 867 amicos
297 827 462 868 habere.
512 827 620 868 Mihi
641 828 810 881 quidem
831 828 865 868 si
893 831 1036 883 optata
1063 829 1322 885 contingent,
1348 830 1462 884 quod

120 885 331 939 reliquum
373 888 435 926 est
474 885 607 940 vitae,
645 886 688 926 in
727 887 814 927 otio
852 886 994 928 Rhodi
1035 887 1201 943 degam,
1245 888 1310 929 sin
1343 902 1460 929 casus

120 943 273 998 aliquis
305 944 598 999 interpellarit,
631 944 690 985 ita
722 960 792 985 ero
819 944 990 1000 Romae,
1022 949 1069 986 ut
1096 949 1207 987 recte
1232 946 1325 987 fieri
1356 961 1461 987 sem-

66 1014 100 1040 15
118 1016 195 1056 per
221 1003 398 1057 cupiam.
447 1002 647 1044 Trebatio
674 1006 819 1044 nostro
845 1019 1020 1059 magnas
1046 1019 1125 1059 ago
1151 1005 1321 1059 gratias,
1348 1005 1462 1059 quod

120 1064 242 1102 tuum
275 1076 375 1117 erga
405 1076 472 1102 me
511 1062 698 1102 animum
730 1062 964 1116 simplicem
996 1065 1122 1117 atque
1155 1063 1335 1104 amicum
1367 1078 1461 1117 ape-

120 1120 208 1160 ruit
239 1122 281 1161 et
313 1120 437 1174 quod,
469 1134 582 1174 eum,
615 1135 739 1174 quem
771 1135 936 1175 semper
965 1121 1161 1162 lubenter
1193 1122 1338 1176 dilexi,
1376 1136 1459 1176 quo

119 1178 257 1234 magis
283 1178 373 1219 iure
399 1178 534 1219 colere
560 1181 687 1233 atque
713 1179 935 1220 observare
962 1179 1168 1234 deberem,
1195 1180 1305 1221 fecit.
1346 1180 1460 1221 Bene

121 1237 213 1278 vale
246 1239 287 1278 et
317 1251 385 1278 me
417 1237 556 1293 dilige.

64 1354 98 1379 20
709 1341 862 1383 XXIX.

282 1421 359 1457 Ser.
390 1422 444 1457 vel
468 1433 521 1457 em.
547 1433 592 1456 m.
618 1422 703 1457 Iun.
729 1421 784 1457 vel
808 1423 858 1457 in.
890 1422 1011 1468 Quint.
1044 1434 1076 1457 α.
1106 1425 1177 1458 710
1204 1424 1293 1467 (44).

552 1502 720 1538 CICERO
747 1502 885 1538 OPPIO
913 1504 946 1539 S.
979 1504 1022 1539 D.

209 1585 437 1627 Dubitanti
473 1586 598 1640 mihi,
640 1586 754 1640 quod
790 1587 869 1628 scit
899 1585 1068 1628 Atticus
1099 1588 1260 1642 noster,
1299 1587 1347 1628 de
1379 1587 1459 1629 hoc
1487 1598 1504 1629 1

120 1647 214 1686 toto
254 1645 429 1685 consilio
466 1645 759 1699 profectionis,
800 1645 914 1698 quod
952 1645 996 1685 in
1033 1648 1256 1699 utramque
1295 1649 1458 1700 partem

65 1715 98 1741 25
118 1703 163 1744 in
193 1705 380 1743 mentem
411 1703 546 1743 multa
576 1703 818 1757 veniebant,
857 1718 1060 1758 magnum
1090 1704 1255 1758 pondus
1287 1705 1460 1745 accessit

118 1762 171 1802 ad
196 1761 429 1802 tollendam
450 1761 759 1802 dubitationem
785 1761 989 1802 iudicium
1009 1764 1050 1802 et
1071 1762 1293 1802 consilium
1318 1765 1458 1817 tuum3

117 1835 216 1861 nam
242 1822 283 1861 et
315 1819 520 1874 scripsisti
546 1822 700 1873 aperte,
732 1819 835 1873 quid
859 1819 941 1860 tibi
966 1819 1190 1874 videretur,
1222 1822 1264 1860 et
1289 1819 1458 1861 Atticus

118 1879 172 1920 ad
202 1893 270 1919 me
308 1892 545 1919 sermonem
585 1880 707 1918 tuum
746 1877 933 1931 pertulit.
996 1877 1170 1932 Semper
1200 1878 1382 1918 iudicavi
1414 1878 1458 1918 in

117 1940 160 1979 te
198 1939 240 1978 et
278 1937 322 1977 in
361 1935 562 1990 capiendo
602 1935 777 1976 consilio
818 1936 1087 1989 prudentiam
1125 1950 1346 1976 summam·
1370 1950 1458 1977 esse

64 2008 98 2033 30
118 1999 161 2037 et
191 1996 236 2036 in
269 1995 406 2036 dando
437 1995 564 2035 fidem
595 1993 861 2047 maximeque
893 2008 986 2034 sum
1017 1997 1225 2048 expertus,
1261 2008 1356 2035 cum
1382 1994 1458 2035 1111-

117 2054 179 2096 tio
212 2054 348 2095 civilis
379 2053 481 2094 belli
511 2067 587 2107 per
616 2053 780 2093 litteras
805 2054 847 2093 te
873 2052 1186 2106 consuluissem,
1219 2053 1322 2106 quid
1351 2052 1459 2093 mihi

116 2112 356 2154 faciendum
395 2126 483 2152 esse
520 2125 726 2164 censeres,
764 2110 1001 2151 eundumne
1040 2111 1091 2151 ad
1121 2110 1373 2165 Pompeium
1405 2125 1458 2151 311

116 2171 372 2212 manendum
398 2171 442 2211 in
466 2169 600 2211 Italia.
664 2168 854 2223 Suasisti,
886 2171 934 2209 ut
965 2169 1226 2209 consulerem
1259 2169 1458 2224 dignitati

114 2244 249 2285 meae3
281 2244 332 2271 ex
364 2243 464 2284 quo,
497 2228 599 2282 quid
631 2227 827 2281 sentires,
859 2227 1050 2268 intellexi
1083 2230 1124 2268 et
1156 2241 1248 2267 sum
1281 2227 1458 2268 admira-

63 2298 96 2324 35
116 2290 184 2330 tus
215 2288 342 2329 fidem
374 2291 491 2329 tuam
523 2290 564 2328 et
595 2286 639 2326 in
672 2285 848 2327 consilio
876 2285 1011 2326 dando
1038 2285 1299 2341 religionem,
1332 2285 1457 2340 quod,
