1659 2552
137 189 156 218 3

146 2124 164 2152 13

183 80 269 123 320
678 80 1016 115 EPISTULARUM

184 179 258 217 tua
283 177 389 218 mihi
416 176 503 217 vita
534 179 675 230 potest
702 191 789 217 esse
815 175 1038 216 iucundius
1064 189 1199 229 neque
1225 175 1373 216 carius.
1415 174 1527 216 Illud

183 235 291 290 vide,
323 250 374 276 ne
407 235 596 276 timendo
622 235 757 289 magis
784 234 933 275 timere
960 248 1110 289 cogare
1137 236 1189 287 et,
1221 234 1375 288 quibus
1401 234 1527 275 rebus

183 296 324 348 potest
357 294 519 335 occurri
553 294 773 346 veteranis,
807 307 1018 347 occurraS,
1050 292 1246 347 primum,
1279 292 1392 347 quod
1424 292 1528 334 desi-

185 353 333 394 derant
360 353 408 393 de
431 353 572 393 decem
592 352 705 405 viris,
732 352 872 405 facias,
899 351 1047 392 deinde
1075 351 1123 392 de
1149 352 1359 405 praemiis,
1386 351 1421 392 si
1446 351 1527 392 tibi

183 412 363 466 videtur,
396 426 520 467 agros
552 426 697 451 eorum
730 410 933 464 militum,
966 411 1038 464 qui
1071 424 1165 451 cum
1196 409 1386 452 Antonio
1418 413 1528 452 vete-

184 470 277 511 rani
309 471 491 523 fuerunt,
524 470 576 510 iis
609 469 767 510 dandos
800 483 966 510 censeas
998 469 1050 509 ab
1083 469 1274 523 utrisque
1305 469 1446 524 nobis3
1478 468 1528 510 de

184 529 369 570 nummis
407 529 519 569 lente
558 542 603 568 ac
643 528 806 569 ratione
837 527 984 568 habita
1021 527 1222 582 pecuniae
1253 531 1445 569 senatum
1479 527 1529 568 de

185 602 232 628 ea
264 603 307 628 re
340 587 682 628 constituturum.
745 586 955 635 Quattuor
985 586 1226 642 legionibus
1258 587 1330 641 iis,
1375 586 1529 641 quibus

185 660 310 701 agros
343 646 500 686 dandos
532 645 765 700 censuistis,
797 645 919 686 video
946 646 1190 686 facultatem
1222 646 1312 687 fore
1339 660 1390 687 ex
1415 645 1529 701 agris

186 704 318 746 Silani
361 707 401 745 et
443 719 545 759 agro
588 704 823 759 Campano3
864 704 1097 758 aequaliter
1137 706 1209 745 aut
1249 707 1362 745 sorte
1403 718 1528 760 agros
1549 716 1581 741 10

184 763 426 818 legionibus
459 763 673 817 adsignari
703 766 807 817 puto
841 766 1046 817 oportere.

274 822 389 862 Haec
426 836 492 862 me
530 822 610 862 tibi
649 822 831 862 scribere
872 836 957 862 non
996 821 1222 876 prudentia
1258 836 1352 862 mea
1388 821 1529 862 horta—

187 883 275 934 tur,
317 880 389 921 sed
426 894 545 921 amor
582 881 625 921 in
663 883 705 921 te
743 883 785 921 et
826 880 1033 935 cupiditas
1072 881 1169 934 otii,
1211 880 1324 934 quod
1361 880 1450 921 sine
1487 882 1529 921 te

187 939 414 980 consistere
446 953 528 980 omn
559 942 710 993 potest.
773 939 884 994 Ego,
926 939 1007 980 nisi
1040 939 1159 980 valde
1190 953 1357 980 necesse
1389 938 1529 992 fuerit,

187 1012 238 1039 ex
269 997 393 1038 ltalia
424 1012 509 1038 non
541 998 749 1039 excedam.
811 998 1019 1053 Legiones
1052 1012 1186 1052 armo,
1218 1012 1332 1052 paro.
1395 997 1528 1052 Spero
1550 1010 1581 1034 15

186 1071 253 1097 me
284 1071 369 1097 non
409 1056 639 1110 pessimum
672 1057 904 1098 exercitum
934 1056 1183 1098 habiturum
1215 1057 1266 1097 ad
1298 1056 1435 1097 omnis
1467 1070 1530 1097 ca-

187 1130 257 1156 sus
296 1118 337 1156 et
375 1115 557 1169 impetus
594 1115 827 1156 hominum.
889 1115 953 1156 De
992 1116 1196 1169 exercitu,
1238 1130 1364 1170 quem
1394 1115 1530 1156 Pansa

187 1174 354 1228 habuit,
393 1174 605 1229 legionem
642 1174 749 1215 mihi
788 1174 940 1215 Caesar
979 1189 1064 1215 non
1102 1174 1294 1215 remittit.
1356 1173 1424 1215 Ad
1454 1174 1530 1215 has

186 1233 350 1273 litteras
383 1233 527 1273 statim
559 1233 665 1274 mihi
691 1233 873 1274 rescribe
899 1235 1155 1287 tuorumque
1181 1233 1364 1287 aliquem
1395 1233 1530 1286 mitte,

188 1291 222 1332 si
256 1292 358 1345 quid
395 1292 660 1333 reconditum
698 1292 834 1345 magis
866 1292 947 1332 erit
982 1306 1134 1346 meque
1166 1292 1271 1332 scire
1304 1306 1409 1346 opus
1441 1306 1529 1333 esse
1550 1304 1583 1329 20

187 1350 361 1405 putaris.
423 1362 522 1391 VIIII
554 1350 604 1391 K.
636 1349 726 1391 Iun.
759 1350 982 1404 Eporedia.

1565 422 1581 448 2⁹!

797 1500 910 1542 XXI:

400 1584 474 1619 Ser.
499 1582 636 1617 Romae
656 1583 754 1626 prid.
782 1582 879 1617 Non.
906 1583 991 1616 Iun.
1021 1593 1054 1616 α.
1083 1584 1151 1616 711
1180 1584 1270 1626 (43).

331 1665 378 1699 Μ.
407 1664 574 1699 CICERO
606 1663 639 1698 S.
666 1663 708 1698 D.
735 1663 777 1698 D.
805 1663 965 1698 BRUTO
992 1663 1086 1698 IMP.
1115 1663 1210 1698 COS.
1237 1662 1388 1699 DESIG.

278 1760 360 1801 Dei
393 1760 464 1801 isti
498 1758 671 1815 Segulio
710 1759 819 1800 male
856 1759 1030 1812 faciant,
1067 1759 1232 1800 homini
1270 1759 1530 1814 nequissimo
1550 1772 1584 1798 25

191 1819 392 1872 omnium,
425 1819 496 1872 qui
525 1820 639 1872 sunt,
673 1818 745 1871 qui
771 1818 954 1872 fuerunt,
987 1818 1059 1871 qui
1084 1818 1218 1858 futuri
1244 1819 1358 1858 sunt!
1392 1817 1532 1867 Quid?

190 1882 237 1919 tu
270 1878 391 1919 illum
423 1880 563 1918 tecum
595 1877 731 1917 solum
759 1880 831 1917 aut
858 1891 952 1918 cum
980 1876 1184 1917 Caesare?
1217 1876 1289 1930 qui
1320 1877 1531 1917 neminem

189 1936 539 1992 praetermiserit,
579 1936 749 1990 quicum
780 1936 899 1990 loqui
930 1935 1135 1989 potuerit,
1174 1935 1240 1976 cui
1271 1949 1356 1976 non
1387 1935 1532 1976 eadem

191 1997 272 2037 ista
305 1995 470 2035 dixerit.
533 1993 591 2035 Te
623 1997 782 2048 tamen,
814 1994 873 2034 mi
905 1993 1048 2048 Brute,
1080 1994 1139 2034 sic
1171 2007 1278 2047 amo,
1309 1995 1356 2034 ut
1389 1993 1532 2048 debeo,

192 2054 306 2108 quod
337 2054 467 2107 istud,
501 2053 702 2107 quicquid
734 2056 842 2094 esset
866 2067 1087 2108 nugarum,
1119 2067 1186 2093 me
1211 2052 1315 2092 scire
1340 2052 1532 2107 voluisti3
1552 2066 1585 2089 30

193 2114 361 2167 signum
389 2113 499 2153 enim
526 2127 728 2167 magnum
755 2111 910 2152 amoris
932 2111 1094 2152 dedisti.
1143 2110 1254 2152 Nam
1281 2110 1394 2164 quod
1421 2111 1532 2152 idem

193 2171 402 2227 SeguliUS,
433 2173 654 2211 veteranos
680 2170 811 2224 queri,
844 2170 957 2224 quod
987 2173 1034 2210 tu
1067 2172 1107 2210 et
1131 2169 1284 2216 ‚Caesar
1315 2169 1357 2209 in
1391 2170 1532 2211 decem

193 2230 295 2270 viris
331 2244 417 2270 non
457 2229 618 2283 essetis,
651 2229 815 2270 utinam
846 2243 898 2269 ne
931 2243 1008 2284 ego
1042 2228 1211 2282 quidem
1244 2229 1392 2269 essem!
1431 2228 1533 2283 quid

193 2289 304 2328 enim
342 2288 590 2329 molestius?
653 2287 736 2330 Sed
775 2290 933 2341 tamen,
975 2301 1069 2328 cum
1108 2300 1185 2342 ego
1223 2287 1445 2328 sensissem
1483 2287 1532 2328 de
