1659 2552
594 707 735 742 LIBER
770 706 999 742 OCTAVUS.

409 792 465 834 M.
509 790 727 833 CAELI
770 788 1187 840 EPISTULAE

770 870 835 904 AD

433 943 489 985 M.
522 942 781 985 TULLIUM
816 940 1164 983 CICERONEM.

93 1075 109 1101 5
780 1058 812 1101 I.

244 1142 318 1178 Ser.
347 1142 483 1176 Romae
508 1141 574 1175 IX
598 1140 645 1175 K.
672 1140 757 1173 Iun.
785 1144 850 1174 aut
871 1140 986 1184 paulo
1006 1143 1089 1183 post
1114 1150 1147 1174 a.
1178 1140 1248 1174 703
1276 1140 1352 1183 (51)

548 1221 746 1257 CAELIUS
773 1220 997 1256 CICERONI
1023 1220 1056 1255 S.

220 1306 343 1356 Quod
380 1306 462 1347 tibi
500 1306 715 1347 discedens
752 1305 969 1359 pollicitus
1007 1318 1100 1345 sum
1131 1318 1199 1345 me
1232 1318 1376 1345 omnes
1408 1318 1474 1345 res
1501 1316 1518 1345 1

131 1366 314 1407 urbanas
354 1365 676 1421 diligentissime
713 1364 795 1405 tibi
825 1363 1178 1418 perscripturum,
1218 1362 1314 1403 data
1347 1377 1474 1417 opera

81 1439 114 1464 ιο
133 1425 290 1480 paravi,
323 1424 395 1479 qui
428 1424 487 1465 sic
513 1423 655 1464 omnia
679 1424 1015 1477 persequeretur,
1047 1424 1095 1462 ut
1126 1436 1283 1476 verear,
1314 1436 1367 1462 ne
1392 1422 1474 1462 tibi

131 1484 311 1524 nimium
343 1485 494 1538 arguta
523 1482 627 1523 haec
653 1481 854 1523 sedulitas
879 1481 1089 1536 videatur3
1120 1480 1290 1521 tametsi
1314 1482 1361 1521 tu
1387 1480 1474 1521 scio

135 1556 261 1596 quam
293 1542 348 1582 sis
381 1541 590 1595 curiosus,
631 1543 673 1582 et
710 1555 836 1594 quam
869 1539 1066 1580 omnibus
1102 1539 1474 1595 peregrinantibus

134 1603 304 1656 gratum
335 1600 390 1640 sit
419 1599 693 1640 minimarum
725 1613 892 1653 quoque
925 1613 1083 1652 rerum,
1122 1612 1227 1652 quae
1261 1597 1375 1638 domi
1406 1612 1475 1653 ge-

135 1661 301 1712 rantur,
333 1658 426 1699 fieri
458 1658 667 1699 certiores.
729 1657 887 1698 Tamen
918 1657 963 1697 in
992 1656 1075 1697 hoc
1104 1658 1147 1697 te
1180 1656 1391 1710 deprecor,
1422 1670 1475 1696 ne

82 1730 115 1755 15
135 1731 276 1758 meum
301 1716 382 1757 hoc
408 1716 596 1757 officium
625 1715 897 1771 adrogantiae
924 1715 1186 1769 condemnes,
1219 1715 1333 1769 quod
1362 1715 1476 1755 1111116

135 1775 324 1816 laborem
363 1774 484 1815 alteri
523 1774 730 1829 delegavi,
770 1788 855 1814 non
894 1773 997 1827 quin
1033 1773 1140 1813 mihi
1178 1772 1475 1814 suavissimum

136 1834 192 1875 sit
224 1836 265 1874 et
304 1836 506 1887 occupato
539 1835 580 1873 et
612 1832 664 1872 ad
700 1832 864 1872 litteras
896 1831 1155 1885 scribendas,
1192 1834 1240 1872 ut
1271 1834 1318 1871 tu
1349 1831 1475 1885 nosti,

135 1892 367 1948 pigerrimo
399 1895 496 1932 tuae
527 1891 756 1932 memoriae
788 1890 885 1930 dare
918 1904 1100 1944 operam,
1132 1889 1205 1930 sed
1235 1889 1374 1943 ipsum
1405 1904 1476 1930 vo-

136 1951 291 2004 lumen,
324 1950 438 2004 quod
468 1949 549 1990 tibi
580 1949 689 2003 misi,
720 1948 860 2002 facile,
891 1951 938 1988 ut
971 1962 1049 2003 ego
1082 1948 1278 2001 arbitror,
1309 1951 1376 1988 me
1409 1962 1476 1988 ex-

85 2021 118 2046 20
137 2012 264 2050 cusat.
325 2008 479 2050 Nescio
513 2007 664 2062 quoius
696 2007 773 2047 otii
805 2009 913 2047 esset
942 2021 1028 2047 non
1059 2006 1185 2047 modo
1216 2006 1476 2060 perscribere

136 2067 250 2122 haec,
282 2067 355 2108 sed
387 2066 559 2108 omnino
591 2065 943 2118 animadvertere3
976 2065 1117 2105 omnia
1148 2064 1260 2105 enim
1292 2067 1390 2105 sunt
1414 2064 1477 2105 ibi

138 2129 307 2166 senatus
333 2125 541 2179 consulta,
574 2124 720 2177 edicta,
746 2123 924 2177 fabulae,
950 2137 1150 2163 rumores.
1193 2122 1315 2172 Quod
1341 2137 1477 2164 exem-

136 2184 255 2238 plum
274 2185 310 2225 si
328 2184 438 2225 forte
458 2184 597 2224 minus
617 2185 658 2223 te
680 2182 908 2235 delectarit,
933 2196 985 2222 ne
1010 2181 1249 2222 molestiam
1274 2181 1355 2222 tibi
1381 2195 1476 2222 cum

138 2243 312 2296 inpensa
341 2258 435 2283 mea
467 2242 700 2295 exhibeam,
731 2241 797 2281 fac
827 2255 894 2281 me
926 2240 1159 2281 certiorem.
1223 2238 1267 2280 Si
1300 2239 1402 2293 quid
1432 2240 1475 2280 in
1503 2251 1522 2280 2

86 2311 118 2337 25
139 2315 182 2342 re
207 2316 245 2355 p.
271 2301 407 2342 maius
439 2304 579 2342 actum
612 2300 703 2354 erit,
736 2299 848 2353 quod
880 2299 950 2339 isti
983 2298 1164 2353 operarii
1195 2298 1335 2339 minus
1367 2312 1477 2339 com-
