<?xml version="1.0" encoding="UTF-8"?>
<!DOCTYPE html PUBLIC "-//W3C//DTD XHTML 1.0 Transitional//EN"
    "http://www.w3.org/TR/xhtml1/DTD/xhtml1-transitional.dtd">
<html xmlns="http://www.w3.org/1999/xhtml" xml:lang="en" lang="en">
 <head>
  <title>
</title>
<meta http-equiv="Content-Type" content="text/html;charset=utf-8" />
  <meta name='ocr-system' content='tesseract 3.04.00' />
  <meta name='ocr-capabilities' content='ocr_page ocr_carea ocr_par ocr_line ocrx_word'/>
</head>
<body>
  <div class='ocr_page' id='page_1' title='image "./p1scriptaquaemanse03ciceuoft_0221.png"; bbox 0 0 1659 2552; ppageno 0'>
   <div class='ocr_carea' id='block_1_1' title="bbox 637 102 1482 148">
    <p class='ocr_par' dir='ltr' id='par_1_1' title="bbox 637 102 1482 148">
     <span class='ocr_line' id='line_1_1' title="bbox 637 102 1482 148; baseline 0.006 -10"><span class='ocrx_word' id='word_1_1' title='bbox 637 104 780 138; x_wconf 81' lang='lat' dir='ltr'>LIBER</span> <span class='ocrx_word' id='word_1_2' title='bbox 805 104 837 138; x_wconf 92' lang='lat' dir='ltr'><strong>V</strong></span> <span class='ocrx_word' id='word_1_3' title='bbox 864 108 918 148; x_wconf 76' lang='lat'>12,</span> <span class='ocrx_word' id='word_1_4' title='bbox 947 107 1000 138; x_wconf 85' lang='lat'>13.</span> <span class='ocrx_word' id='word_1_5' title='bbox 1399 102 1482 143; x_wconf 75' lang='lat'>123</span> 
     </span>
    </p>
   </div>
   <div class='ocr_carea' id='block_1_2' title="bbox 84 197 1483 960">
    <p class='ocr_par' dir='ltr' id='par_1_2' title="bbox 136 197 1483 430">
     <span class='ocr_line' id='line_1_2' title="bbox 224 197 1483 254; baseline -0.002 -14"><span class='ocrx_word' id='word_1_6' title='bbox 224 199 288 240; x_wconf 88' lang='lat' dir='ltr'>Ac</span> <span class='ocrx_word' id='word_1_7' title='bbox 313 215 365 241; x_wconf 90' lang='lat' dir='ltr'>ne</span> <span class='ocrx_word' id='word_1_8' title='bbox 391 200 500 241; x_wconf 85' lang='lat' dir='ltr'>forte</span> <span class='ocrx_word' id='word_1_9' title='bbox 525 200 690 254; x_wconf 80' lang='lat' dir='ltr'>mirere,</span> <span class='ocrx_word' id='word_1_10' title='bbox 723 214 807 254; x_wconf 87' lang='lat' dir='ltr'>cur,</span> <span class='ocrx_word' id='word_1_11' title='bbox 840 214 935 241; x_wconf 84' lang='lat' dir='ltr'>cum</span> <span class='ocrx_word' id='word_1_12' title='bbox 961 199 1067 240; x_wconf 79' lang='lat' dir='ltr'>mihi</span> <span class='ocrx_word' id='word_1_13' title='bbox 1099 213 1222 252; x_wconf 80' lang='lat' dir='ltr'>saepe</span> <span class='ocrx_word' id='word_1_14' title='bbox 1249 197 1483 239; x_wconf 88' lang='lat' dir='ltr'>ostenderis</span> 
     </span>
     <span class='ocr_line' id='line_1_3' title="bbox 136 257 1482 312; baseline -0.003 -12"><span class='ocrx_word' id='word_1_15' title='bbox 136 261 178 300; x_wconf 87' lang='lat' dir='ltr'>te</span> <span class='ocrx_word' id='word_1_16' title='bbox 216 259 528 300; x_wconf 69' lang='lat' dir='ltr'>accuratissime</span> <span class='ocrx_word' id='word_1_17' title='bbox 571 261 815 300; x_wconf 89' lang='lat' dir='ltr'>nostrorum</span> <span class='ocrx_word' id='word_1_18' title='bbox 859 261 1099 312; x_wconf 86' lang='lat' dir='ltr'>temporum</span> <span class='ocrx_word' id='word_1_19' title='bbox 1141 257 1316 298; x_wconf 81' lang='lat' dir='ltr'>consilia</span> <span class='ocrx_word' id='word_1_20' title='bbox 1356 259 1482 310; x_wconf 89' lang='lat' dir='ltr'>atque</span> 
     </span>
     <span class='ocr_line' id='line_1_4' title="bbox 137 317 1482 371; baseline -0.002 -13"><span class='ocrx_word' id='word_1_21' title='bbox 137 320 311 359; x_wconf 88' lang='lat' dir='ltr'>eventus</span> <span class='ocrx_word' id='word_1_22' title='bbox 341 317 497 358; x_wconf 85' lang='lat' dir='ltr'>litteris</span> <span class='ocrx_word' id='word_1_23' title='bbox 528 318 838 371; x_wconf 74' lang='lat' dir='ltr'><strong>mandaturum,</strong></span> <span class='ocrx_word' id='word_1_24' title='bbox 869 332 893 358; x_wconf 88' lang='lat' dir='ltr'>a</span> <span class='ocrx_word' id='word_1_25' title='bbox 919 320 961 358; x_wconf 92' lang='lat' dir='ltr'>te</span> <span class='ocrx_word' id='word_1_26' title='bbox 986 317 1030 357; x_wconf 89' lang='lat' dir='ltr'>id</span> <span class='ocrx_word' id='word_1_27' title='bbox 1061 331 1173 357; x_wconf 91' lang='lat' dir='ltr'>nunc</span> <span class='ocrx_word' id='word_1_28' title='bbox 1204 318 1323 357; x_wconf 86' lang='lat' dir='ltr'>tanto</span> <span class='ocrx_word' id='word_1_29' title='bbox 1357 329 1482 369; x_wconf 89' lang='lat' dir='ltr'>opere</span> 
     </span>
     <span class='ocr_line' id='line_1_5' title="bbox 137 374 1481 430; baseline -0.002 -13"><span class='ocrx_word' id='word_1_30' title='bbox 137 379 179 418; x_wconf 91' lang='lat' dir='ltr'>et</span> <span class='ocrx_word' id='word_1_31' title='bbox 216 379 302 417; x_wconf 83' lang='lat' dir='ltr'>tam</span> <span class='ocrx_word' id='word_1_32' title='bbox 340 376 487 417; x_wconf 90' lang='lat' dir='ltr'>multis</span> <span class='ocrx_word' id='word_1_33' title='bbox 524 376 665 417; x_wconf 81' lang='lat' dir='ltr'>verbis</span> <span class='ocrx_word' id='word_1_34' title='bbox 702 379 913 430; x_wconf 82' lang='lat' dir='ltr'>petamus,</span> <span class='ocrx_word' id='word_1_35' title='bbox 954 375 1027 416; x_wconf 87' lang='lat' dir='ltr'>illa</span> <span class='ocrx_word' id='word_1_36' title='bbox 1063 389 1142 416; x_wconf 91' lang='lat' dir='ltr'>nos</span> <span class='ocrx_word' id='word_1_37' title='bbox 1179 374 1389 429; x_wconf 90' lang='lat' dir='ltr'>cupiditas</span> <span class='ocrx_word' id='word_1_38' title='bbox 1421 374 1481 414; x_wconf 87' lang='lat' dir='ltr'>in-</span> 
     </span>
    </p>

    <p class='ocr_par' dir='ltr' id='par_1_3' title="bbox 101 433 1482 723">
     <span class='ocr_line' id='line_1_6' title="bbox 101 433 1482 490; baseline -0.002 -15"><span class='ocrx_word' id='word_1_39' title='bbox 101 446 117 472; x_wconf 79' lang='grc'>5</span> <span class='ocrx_word' id='word_1_40' title='bbox 137 435 288 490; x_wconf 89' lang='lat' dir='ltr'>cendit,</span> <span class='ocrx_word' id='word_1_41' title='bbox 320 435 369 476; x_wconf 91' lang='lat' dir='ltr'>de</span> <span class='ocrx_word' id='word_1_42' title='bbox 402 450 484 489; x_wconf 86' lang='lat' dir='ltr'>qua</span> <span class='ocrx_word' id='word_1_43' title='bbox 515 435 638 476; x_wconf 91' lang='lat' dir='ltr'>initio</span> <span class='ocrx_word' id='word_1_44' title='bbox 666 435 826 489; x_wconf 82' lang='lat' dir='ltr'>scripsi,</span> <span class='ocrx_word' id='word_1_45' title='bbox 858 434 1154 488; x_wconf 71' lang='lat' dir='ltr'>festinationis,</span> <span class='ocrx_word' id='word_1_46' title='bbox 1186 433 1300 488; x_wconf 88' lang='lat' dir='ltr'>quod</span> <span class='ocrx_word' id='word_1_47' title='bbox 1325 433 1482 473; x_wconf 83' lang='lat' dir='ltr'>alacres</span> 
     </span>
     <span class='ocr_line' id='line_1_7' title="bbox 137 491 1482 548; baseline -0.002 -14"><span class='ocrx_word' id='word_1_48' title='bbox 137 494 277 535; x_wconf 89' lang='lat' dir='ltr'>animo</span> <span class='ocrx_word' id='word_1_49' title='bbox 316 508 477 548; x_wconf 86' lang='lat' dir='ltr'>sumus,</span> <span class='ocrx_word' id='word_1_50' title='bbox 519 497 566 534; x_wconf 93' lang='lat' dir='ltr'>ut</span> <span class='ocrx_word' id='word_1_51' title='bbox 603 496 645 535; x_wconf 92' lang='lat' dir='ltr'>et</span> <span class='ocrx_word' id='word_1_52' title='bbox 683 494 810 535; x_wconf 89' lang='lat' dir='ltr'>ceteri</span> <span class='ocrx_word' id='word_1_53' title='bbox 847 494 1089 535; x_wconf 85' lang='lat' dir='ltr'>viventibus</span> <span class='ocrx_word' id='word_1_54' title='bbox 1120 492 1246 533; x_wconf 87' lang='lat' dir='ltr'>nobis</span> <span class='ocrx_word' id='word_1_55' title='bbox 1277 506 1329 533; x_wconf 82' lang='lat' dir='ltr'>ex</span> <span class='ocrx_word' id='word_1_56' title='bbox 1358 491 1482 532; x_wconf 88' lang='lat' dir='ltr'>libris</span> 
     </span>
     <span class='ocr_line' id='line_1_8' title="bbox 136 551 1482 608; baseline -0.003 -14"><span class='ocrx_word' id='word_1_57' title='bbox 136 552 221 594; x_wconf 88' lang='lat' dir='ltr'>tuis</span> <span class='ocrx_word' id='word_1_58' title='bbox 246 567 323 594; x_wconf 90' lang='lat' dir='ltr'>nos</span> <span class='ocrx_word' id='word_1_59' title='bbox 350 555 607 608; x_wconf 73' lang='lat' dir='ltr'>cognoscant</span> <span class='ocrx_word' id='word_1_60' title='bbox 639 555 681 594; x_wconf 92' lang='lat' dir='ltr'>et</span> <span class='ocrx_word' id='word_1_61' title='bbox 712 555 877 594; x_wconf 90' lang='lat' dir='ltr'>nosmet</span> <span class='ocrx_word' id='word_1_62' title='bbox 903 552 984 606; x_wconf 89' lang='lat' dir='ltr'>ipsi</span> <span class='ocrx_word' id='word_1_63' title='bbox 1010 552 1097 593; x_wconf 86' lang='lat' dir='ltr'>vivi</span> <span class='ocrx_word' id='word_1_64' title='bbox 1122 551 1306 607; x_wconf 84' lang='lat' dir='ltr'>gloriola</span> <span class='ocrx_word' id='word_1_65' title='bbox 1336 552 1482 591; x_wconf 90' lang='lat' dir='ltr'>nostra</span> 
     </span>
     <span class='ocr_line' id='line_1_9' title="bbox 135 609 1481 665; baseline -0.003 -13"><span class='ocrx_word' id='word_1_66' title='bbox 135 612 413 665; x_wconf 85' lang='lat' dir='ltr'>perfruamur.</span> <span class='ocrx_word' id='word_1_67' title='bbox 475 610 555 651; x_wconf 87' lang='lat' dir='ltr'>His</span> <span class='ocrx_word' id='word_1_68' title='bbox 599 611 648 652; x_wconf 91' lang='lat' dir='ltr'>de</span> <span class='ocrx_word' id='word_1_69' title='bbox 692 611 818 652; x_wconf 88' lang='lat' dir='ltr'>rebus</span> <span class='ocrx_word' id='word_1_70' title='bbox 862 611 964 665; x_wconf 88' lang='lat' dir='ltr'>quid</span> <span class='ocrx_word' id='word_1_71' title='bbox 1000 614 1170 651; x_wconf 88' lang='lat' dir='ltr'>acturus</span> <span class='ocrx_word' id='word_1_72' title='bbox 1210 610 1282 663; x_wconf 88' lang='lat' dir='ltr'>sis,</span> <span class='ocrx_word' id='word_1_73' title='bbox 1327 609 1363 649; x_wconf 91' lang='lat' dir='ltr'>si</span> <span class='ocrx_word' id='word_1_74' title='bbox 1399 609 1481 649; x_wconf 87' lang='lat' dir='ltr'>tibi</span> 
     </span>
     <span class='ocr_line' id='line_1_10' title="bbox 135 667 1481 723; baseline -0.002 -12"><span class='ocrx_word' id='word_1_75' title='bbox 135 685 220 711; x_wconf 91' lang='lat' dir='ltr'>non</span> <span class='ocrx_word' id='word_1_76' title='bbox 253 673 316 711; x_wconf 88' lang='lat' dir='ltr'>est</span> <span class='ocrx_word' id='word_1_77' title='bbox 340 670 578 723; x_wconf 89' lang='lat' dir='ltr'>molestum,</span> <span class='ocrx_word' id='word_1_78' title='bbox 611 670 816 711; x_wconf 85' lang='lat' dir='ltr'>rescribas</span> <span class='ocrx_word' id='word_1_79' title='bbox 841 670 947 710; x_wconf 90' lang='lat' dir='ltr'>mihi</span> <span class='ocrx_word' id='word_1_80' title='bbox 974 670 1111 711; x_wconf 87' lang='lat' dir='ltr'>velim.</span> <span class='ocrx_word' id='word_1_81' title='bbox 1175 667 1221 709; x_wconf 81' lang='lat' dir='ltr'>Si</span> <span class='ocrx_word' id='word_1_82' title='bbox 1246 668 1359 710; x_wconf 90' lang='lat' dir='ltr'>enim</span> <span class='ocrx_word' id='word_1_83' title='bbox 1394 682 1481 708; x_wconf 91' lang='lat' dir='ltr'>sus-</span> 
     </span>
    </p>

    <p class='ocr_par' dir='ltr' id='par_1_4' title="bbox 84 726 1481 960">
     <span class='ocr_line' id='line_1_11' title="bbox 84 726 1480 783; baseline 0.001 -17"><span class='ocrx_word' id='word_1_84' title='bbox 84 742 116 766; x_wconf 91' lang='lat'>10</span> <span class='ocrx_word' id='word_1_85' title='bbox 137 729 242 783; x_wconf 88' lang='lat' dir='ltr'>cipis</span> <span class='ocrx_word' id='word_1_86' title='bbox 277 743 461 783; x_wconf 86' lang='lat' dir='ltr'>causam,</span> <span class='ocrx_word' id='word_1_87' title='bbox 494 728 714 769; x_wconf 87' lang='lat' dir='ltr'>conficiam</span> <span class='ocrx_word' id='word_1_88' title='bbox 746 729 1073 769; x_wconf 86' lang='lat' dir='ltr'>commentarios</span> <span class='ocrx_word' id='word_1_89' title='bbox 1104 742 1246 768; x_wconf 84' lang='lat' dir='ltr'>rerum</span> <span class='ocrx_word' id='word_1_90' title='bbox 1278 726 1480 779; x_wconf 89' lang='lat' dir='ltr'>omnium,</span> 
     </span>
     <span class='ocr_line' id='line_1_12' title="bbox 135 787 1481 841; baseline -0.002 -13"><span class='ocrx_word' id='word_1_91' title='bbox 135 788 201 829; x_wconf 90' lang='lat' dir='ltr'>sin</span> <span class='ocrx_word' id='word_1_92' title='bbox 241 790 382 829; x_wconf 88' lang='lat' dir='ltr'>autem</span> <span class='ocrx_word' id='word_1_93' title='bbox 423 788 565 828; x_wconf 86' lang='lat' dir='ltr'>differs</span> <span class='ocrx_word' id='word_1_94' title='bbox 604 802 671 828; x_wconf 91' lang='lat' dir='ltr'>me</span> <span class='ocrx_word' id='word_1_95' title='bbox 712 787 756 827; x_wconf 92' lang='lat' dir='ltr'>in</span> <span class='ocrx_word' id='word_1_96' title='bbox 793 790 960 841; x_wconf 78' lang='lat' dir='ltr'>tempus</span> <span class='ocrx_word' id='word_1_97' title='bbox 998 787 1130 840; x_wconf 88' lang='lat' dir='ltr'>aliud,</span> <span class='ocrx_word' id='word_1_98' title='bbox 1168 800 1310 827; x_wconf 86' lang='lat' dir='ltr'>coram</span> <span class='ocrx_word' id='word_1_99' title='bbox 1341 788 1481 826; x_wconf 89' lang='lat' dir='ltr'>tecum</span> 
     </span>
     <span class='ocr_line' id='line_1_13' title="bbox 134 844 1481 900; baseline -0.001 -14"><span class='ocrx_word' id='word_1_100' title='bbox 134 847 294 900; x_wconf 85' lang='lat' dir='ltr'>loquar.</span> <span class='ocrx_word' id='word_1_101' title='bbox 356 845 421 886; x_wconf 86' lang='lat' dir='ltr'>Tu</span> <span class='ocrx_word' id='word_1_102' title='bbox 464 846 625 886; x_wconf 82' lang='lat' dir='ltr'>interea</span> <span class='ocrx_word' id='word_1_103' title='bbox 664 860 750 886; x_wconf 90' lang='lat' dir='ltr'>non</span> <span class='ocrx_word' id='word_1_104' title='bbox 791 846 973 887; x_wconf 84' lang='lat' dir='ltr'>cessabis</span> <span class='ocrx_word' id='word_1_105' title='bbox 1014 849 1055 887; x_wconf 89' lang='lat' dir='ltr'>et</span> <span class='ocrx_word' id='word_1_106' title='bbox 1096 860 1159 899; x_wconf 85' lang='lat' dir='ltr'>ea,</span> <span class='ocrx_word' id='word_1_107' title='bbox 1203 859 1310 899; x_wconf 87' lang='lat' dir='ltr'>quae</span> <span class='ocrx_word' id='word_1_108' title='bbox 1349 844 1481 885; x_wconf 86' lang='lat' dir='ltr'>habes</span> 
     </span>
     <span class='ocr_line' id='line_1_14' title="bbox 135 905 979 960; baseline -0.001 -14"><span class='ocrx_word' id='word_1_109' title='bbox 135 905 349 960; x_wconf 88' lang='lat' dir='ltr'>instituta,</span> <span class='ocrx_word' id='word_1_110' title='bbox 380 905 592 959; x_wconf 88' lang='lat' dir='ltr'>perpolies</span> <span class='ocrx_word' id='word_1_111' title='bbox 622 919 784 959; x_wconf 90' lang='lat' dir='ltr'>nosque</span> <span class='ocrx_word' id='word_1_112' title='bbox 817 905 979 960; x_wconf 84' lang='lat' dir='ltr'>diliges.</span> 
     </span>
    </p>
   </div>
   <div class='ocr_carea' id='block_1_3' title="bbox 84 1147 1414 1239">
    <p class='ocr_par' dir='ltr' id='par_1_5' title="bbox 84 1147 1414 1239">
     <span class='ocr_line' id='line_1_15' title="bbox 84 1147 1414 1239; baseline -0.002 -56"><span class='ocrx_word' id='word_1_113' title='bbox 84 1158 114 1183; x_wconf 82' lang='lat'>15</span> <span class='ocrx_word' id='word_1_114' title='bbox 200 1149 274 1185; x_wconf 83' lang='lat' dir='ltr'>Ser.</span> <span class='ocrx_word' id='word_1_115' title='bbox 302 1150 460 1185; x_wconf 76' lang='lat' dir='ltr'>Asturae</span> <span class='ocrx_word' id='word_1_116' title='bbox 486 1153 552 1184; x_wconf 74' lang='lat' dir='ltr'>aut</span> <span class='ocrx_word' id='word_1_117' title='bbox 575 1150 617 1183; x_wconf 73' lang='lat' dir='ltr'>in</span> <span class='ocrx_word' id='word_1_118' title='bbox 642 1148 986 1239; x_wconf 41' lang='lat' dir='ltr'>AttieiOFicZIczano</span> <span class='ocrx_word' id='word_1_119' title='bbox 1012 1161 1055 1183; x_wconf 81' lang='lat' dir='ltr'>m.</span> <span class='ocrx_word' id='word_1_120' title='bbox 1084 1148 1199 1182; x_wconf 67' lang='lat' dir='ltr'>EIurt.</span> <span class='ocrx_word' id='word_1_121' title='bbox 1232 1152 1297 1181; x_wconf 67' lang='lat' dir='ltr'>azot</span> <span class='ocrx_word' id='word_1_122' title='bbox 1322 1147 1414 1191; x_wconf 56' lang='lat' dir='ltr'>Agar.</span> 
     </span>
     <span class='ocr_line' id='line_1_16' title="bbox 682 1200 936 1231; baseline 0 -1"><span class='ocrx_word' id='word_1_123' title='bbox 682 1207 715 1231; x_wconf 85' lang='lat' dir='ltr'>a.</span> <span class='ocrx_word' id='word_1_124' title='bbox 744 1200 765 1231; x_wconf 82' lang='lat'><em>7</em></span> <span class='ocrx_word' id='word_1_125' title='bbox 794 1200 816 1230; x_wconf 90' lang='lat'><em>9</em></span> <span class='ocrx_word' id='word_1_126' title='bbox 889 1201 906 1228; x_wconf 73' lang='grc'><em>5</em></span> <span class='ocrx_word' id='word_1_127' title='bbox 931 1225 936 1230; x_wconf 93' lang='grc'><em>.</em></span> 
     </span>
    </p>
   </div>
   <div class='ocr_carea' id='block_1_4' title="bbox 404 1275 1208 1318">
    <p class='ocr_par' dir='ltr' id='par_1_6' title="bbox 404 1275 1208 1318">
     <span class='ocr_line' id='line_1_17' title="bbox 404 1275 1208 1318; baseline -0.001 -7"><span class='ocrx_word' id='word_1_128' title='bbox 404 1277 453 1313; x_wconf 90' lang='grc' dir='ltr'>Μ.</span> <span class='ocrx_word' id='word_1_129' title='bbox 480 1277 649 1312; x_wconf 84' lang='lat' dir='ltr'>CICERO</span> <span class='ocrx_word' id='word_1_130' title='bbox 677 1277 711 1312; x_wconf 88' lang='lat' dir='ltr'>S.</span> <span class='ocrx_word' id='word_1_131' title='bbox 738 1277 780 1311; x_wconf 94' lang='lat' dir='ltr'>D.</span> <span class='ocrx_word' id='word_1_132' title='bbox 807 1277 846 1311; x_wconf 91' lang='lat' dir='ltr'>L.</span> <span class='ocrx_word' id='word_1_133' title='bbox 873 1276 1074 1311; x_wconf 87' lang='lat' dir='ltr'>LUCCEIO</span> <span class='ocrx_word' id='word_1_134' title='bbox 1102 1276 1142 1318; x_wconf 76' lang='lat' dir='ltr'>Q.</span> <span class='ocrx_word' id='word_1_135' title='bbox 1169 1275 1208 1311; x_wconf 88' lang='lat' dir='ltr'>F.</span> 
     </span>
    </p>
   </div>
   <div class='ocr_carea' id='block_1_5' title="bbox 82 1371 1482 2362">
    <p class='ocr_par' dir='ltr' id='par_1_7' title="bbox 82 1371 1482 2361">
     <span class='ocr_line' id='line_1_18' title="bbox 223 1371 1480 1428; baseline -0.002 -14"><span class='ocrx_word' id='word_1_136' title='bbox 223 1372 488 1428; x_wconf 85' lang='lat' dir='ltr'>Quamquam</span> <span class='ocrx_word' id='word_1_137' title='bbox 518 1374 611 1427; x_wconf 88' lang='lat' dir='ltr'>ipsa</span> <span class='ocrx_word' id='word_1_138' title='bbox 641 1373 874 1414; x_wconf 86' lang='lat' dir='ltr'>consolatio</span> <span class='ocrx_word' id='word_1_139' title='bbox 906 1373 1147 1413; x_wconf 85' lang='lat' dir='ltr'>litterarum</span> <span class='ocrx_word' id='word_1_140' title='bbox 1177 1374 1348 1412; x_wconf 88' lang='lat' dir='ltr'>tuarum</span> <span class='ocrx_word' id='word_1_141' title='bbox 1373 1371 1480 1411; x_wconf 89' lang='lat' dir='ltr'>mihi</span> 
     </span>
     <span class='ocr_line' id='line_1_19' title="bbox 134 1430 1481 1488; baseline -0.002 -15"><span class='ocrx_word' id='word_1_142' title='bbox 134 1432 376 1488; x_wconf 85' lang='lat' dir='ltr'>gratissima</span> <span class='ocrx_word' id='word_1_143' title='bbox 413 1435 477 1473; x_wconf 89' lang='lat' dir='ltr'>est</span> <span class='ocrx_word' id='word_1_144' title='bbox 514 1430 718 1487; x_wconf 84' lang='lat' dir='ltr'>(declarat</span> <span class='ocrx_word' id='word_1_145' title='bbox 750 1432 862 1472; x_wconf 90' lang='lat' dir='ltr'>enim</span> <span class='ocrx_word' id='word_1_146' title='bbox 900 1446 1109 1472; x_wconf 90' lang='lat' dir='ltr'>summam</span> <span class='ocrx_word' id='word_1_147' title='bbox 1139 1430 1481 1471; x_wconf 79' lang='lat' dir='ltr'>benevolentiam</span> 
     </span>
     <span class='ocr_line' id='line_1_20' title="bbox 82 1489 1482 1546; baseline -0.001 -17"><span class='ocrx_word' id='word_1_148' title='bbox 82 1504 116 1529; x_wconf 73' lang='lat'>20</span> <span class='ocrx_word' id='word_1_149' title='bbox 136 1491 404 1532; x_wconf 90' lang='lat' dir='ltr'>coniunctam</span> <span class='ocrx_word' id='word_1_150' title='bbox 441 1490 533 1545; x_wconf 88' lang='lat' dir='ltr'>pari</span> <span class='ocrx_word' id='word_1_151' title='bbox 570 1489 832 1546; x_wconf 89' lang='lat' dir='ltr'>prudentia),</span> <span class='ocrx_word' id='word_1_152' title='bbox 873 1492 1015 1530; x_wconf 88' lang='lat' dir='ltr'>tamen</span> <span class='ocrx_word' id='word_1_153' title='bbox 1052 1490 1174 1530; x_wconf 91' lang='lat' dir='ltr'>illum</span> <span class='ocrx_word' id='word_1_154' title='bbox 1211 1489 1398 1530; x_wconf 84' lang='lat' dir='ltr'>fructum</span> <span class='ocrx_word' id='word_1_155' title='bbox 1429 1503 1482 1529; x_wconf 84' lang='lat' dir='ltr'>ex</span> 
     </span>
     <span class='ocr_line' id='line_1_21' title="bbox 137 1547 1481 1603; baseline -0.002 -13"><span class='ocrx_word' id='word_1_156' title='bbox 137 1550 189 1590; x_wconf 92' lang='lat' dir='ltr'>iis</span> <span class='ocrx_word' id='word_1_157' title='bbox 225 1550 380 1590; x_wconf 87' lang='lat' dir='ltr'>litteris</span> <span class='ocrx_word' id='word_1_158' title='bbox 417 1549 485 1590; x_wconf 86' lang='lat' dir='ltr'>vel</span> <span class='ocrx_word' id='word_1_159' title='bbox 521 1549 755 1590; x_wconf 83' lang='lat' dir='ltr'>maximum</span> <span class='ocrx_word' id='word_1_160' title='bbox 793 1549 901 1603; x_wconf 90' lang='lat' dir='ltr'>cepi,</span> <span class='ocrx_word' id='word_1_161' title='bbox 940 1548 1055 1602; x_wconf 92' lang='lat' dir='ltr'>quod</span> <span class='ocrx_word' id='word_1_162' title='bbox 1091 1551 1133 1589; x_wconf 90' lang='lat' dir='ltr'>te</span> <span class='ocrx_word' id='word_1_163' title='bbox 1170 1547 1383 1602; x_wconf 87' lang='lat' dir='ltr'>praeclare</span> <span class='ocrx_word' id='word_1_164' title='bbox 1415 1561 1481 1587; x_wconf 89' lang='lat' dir='ltr'>res</span> 
     </span>
     <span class='ocr_line' id='line_1_22' title="bbox 136 1606 1481 1672; baseline -0.002 -24"><span class='ocrx_word' id='word_1_165' title='bbox 136 1608 340 1648; x_wconf 88' lang='lat' dir='ltr'>humanas</span> <span class='ocrx_word' id='word_1_166' title='bbox 389 1610 730 1649; x_wconf 88' lang='lat' dir='ltr'>contemnentem</span> <span class='ocrx_word' id='word_1_167' title='bbox 773 1610 814 1648; x_wconf 93' lang='lat' dir='ltr'>et</span> <span class='ocrx_word' id='word_1_168' title='bbox 858 1610 1031 1672; x_wconf 84' lang='lat' dir='ltr'>optume</span> <span class='ocrx_word' id='word_1_169' title='bbox 1075 1609 1222 1647; x_wconf 76' lang='lat' dir='ltr'>contla</span> <span class='ocrx_word' id='word_1_170' title='bbox 1264 1606 1481 1647; x_wconf 83' lang='lat' dir='ltr'>fortunam</span> 
     </span>
     <span class='ocr_line' id='line_1_23' title="bbox 136 1664 1481 1731; baseline -0.001 -25"><span class='ocrx_word' id='word_1_171' title='bbox 136 1668 331 1720; x_wconf 87' lang='lat' dir='ltr'>paratum</span> <span class='ocrx_word' id='word_1_172' title='bbox 368 1669 661 1720; x_wconf 86' lang='lat' dir='ltr'>armatumque</span> <span class='ocrx_word' id='word_1_173' title='bbox 698 1666 896 1731; x_wconf 78' lang='lat' dir='ltr'>cognovi3</span> <span class='ocrx_word' id='word_1_174' title='bbox 938 1680 1065 1720; x_wconf 88' lang='lat' dir='ltr'>quam</span> <span class='ocrx_word' id='word_1_175' title='bbox 1103 1665 1275 1719; x_wconf 86' lang='lat' dir='ltr'>quidem</span> <span class='ocrx_word' id='word_1_176' title='bbox 1312 1664 1481 1705; x_wconf 87' lang='lat' dir='ltr'>laudem</span> 
     </span>
     <span class='ocr_line' id='line_1_24' title="bbox 138 1723 1481 1778; baseline -0.001 -14"><span class='ocrx_word' id='word_1_177' title='bbox 138 1724 368 1778; x_wconf 84' lang='lat' dir='ltr'>sapientiae</span> <span class='ocrx_word' id='word_1_178' title='bbox 399 1727 540 1765; x_wconf 87' lang='lat' dir='ltr'>statuo</span> <span class='ocrx_word' id='word_1_179' title='bbox 573 1739 660 1765; x_wconf 92' lang='lat' dir='ltr'>esse</span> <span class='ocrx_word' id='word_1_180' title='bbox 692 1725 941 1778; x_wconf 81' lang='lat' dir='ltr'>maximam,</span> <span class='ocrx_word' id='word_1_181' title='bbox 981 1739 1067 1764; x_wconf 92' lang='lat' dir='ltr'>non</span> <span class='ocrx_word' id='word_1_182' title='bbox 1099 1724 1267 1764; x_wconf 86' lang='lat' dir='ltr'>aliunde</span> <span class='ocrx_word' id='word_1_183' title='bbox 1298 1723 1481 1776; x_wconf 91' lang='lat' dir='ltr'>pendere</span> 
     </span>
     <span class='ocr_line' id='line_1_25' title="bbox 85 1782 1481 1835; baseline 0.001 -15"><span class='ocrx_word' id='word_1_184' title='bbox 85 1796 118 1820; x_wconf 81' lang='lat'>25</span> <span class='ocrx_word' id='word_1_185' title='bbox 137 1797 214 1824; x_wconf 86' lang='lat' dir='ltr'>nec</span> <span class='ocrx_word' id='word_1_186' title='bbox 251 1782 509 1823; x_wconf 78' lang='lat' dir='ltr'>extrinsecus</span> <span class='ocrx_word' id='word_1_187' title='bbox 547 1785 619 1822; x_wconf 89' lang='lat' dir='ltr'>aut</span> <span class='ocrx_word' id='word_1_188' title='bbox 655 1782 761 1823; x_wconf 90' lang='lat' dir='ltr'>bene</span> <span class='ocrx_word' id='word_1_189' title='bbox 799 1785 871 1823; x_wconf 88' lang='lat' dir='ltr'>aut</span> <span class='ocrx_word' id='word_1_190' title='bbox 911 1783 1020 1823; x_wconf 87' lang='lat' dir='ltr'>male</span> <span class='ocrx_word' id='word_1_191' title='bbox 1051 1782 1221 1823; x_wconf 76' lang='lat' dir='ltr'>vivendi</span> <span class='ocrx_word' id='word_1_192' title='bbox 1259 1795 1481 1835; x_wconf 86' lang='lat' dir='ltr'>suspensas</span> 
     </span>
     <span class='ocr_line' id='line_1_26' title="bbox 137 1839 1481 1896; baseline -0.002 -14"><span class='ocrx_word' id='word_1_193' title='bbox 137 1841 293 1882; x_wconf 89' lang='lat' dir='ltr'>habere</span> <span class='ocrx_word' id='word_1_194' title='bbox 333 1841 528 1881; x_wconf 89' lang='lat' dir='ltr'>rationes.</span> <span class='ocrx_word' id='word_1_195' title='bbox 591 1839 705 1889; x_wconf 88' lang='lat' dir='ltr'>Quae</span> <span class='ocrx_word' id='word_1_196' title='bbox 747 1840 950 1896; x_wconf 80' lang='lat' dir='ltr'>cogitatio</span> <span class='ocrx_word' id='word_1_197' title='bbox 992 1855 1087 1881; x_wconf 90' lang='lat' dir='ltr'>cum</span> <span class='ocrx_word' id='word_1_198' title='bbox 1123 1840 1231 1880; x_wconf 90' lang='lat' dir='ltr'>mihi</span> <span class='ocrx_word' id='word_1_199' title='bbox 1267 1854 1354 1880; x_wconf 91' lang='lat' dir='ltr'>non</span> <span class='ocrx_word' id='word_1_200' title='bbox 1395 1853 1481 1880; x_wconf 91' lang='lat' dir='ltr'>om-</span> 
     </span>
     <span class='ocr_line' id='line_1_27' title="bbox 136 1897 1482 1954; baseline -0.002 -14"><span class='ocrx_word' id='word_1_201' title='bbox 136 1900 239 1940; x_wconf 91' lang='lat' dir='ltr'>nino</span> <span class='ocrx_word' id='word_1_202' title='bbox 281 1899 503 1940; x_wconf 79' lang='lat' dir='ltr'>excidisset</span> <span class='ocrx_word' id='word_1_203' title='bbox 544 1897 721 1954; x_wconf 77' lang='lat' dir='ltr'>(etenim</span> <span class='ocrx_word' id='word_1_204' title='bbox 760 1899 928 1952; x_wconf 87' lang='lat' dir='ltr'>penitus</span> <span class='ocrx_word' id='word_1_205' title='bbox 967 1898 1217 1954; x_wconf 86' lang='lat' dir='ltr'>insederat),</span> <span class='ocrx_word' id='word_1_206' title='bbox 1258 1898 1301 1938; x_wconf 85' lang='lat' dir='ltr'>vi</span> <span class='ocrx_word' id='word_1_207' title='bbox 1338 1900 1482 1938; x_wconf 89' lang='lat' dir='ltr'>tamen</span> 
     </span>
     <span class='ocr_line' id='line_1_28' title="bbox 137 1951 1481 2012; baseline -0.002 -13"><span class='ocrx_word' id='word_1_208' title='bbox 137 1961 437 2012; x_wconf 88' lang='lat' dir='ltr'>tempestatum</span> <span class='ocrx_word' id='word_1_209' title='bbox 469 1960 510 1998; x_wconf 87' lang='lat' dir='ltr'>et</span> <span class='ocrx_word' id='word_1_210' title='bbox 542 1971 748 1998; x_wconf 72' lang='lat' dir='ltr'>concursu</span> <span class='ocrx_word' id='word_1_211' title='bbox 780 1957 1067 1997; x_wconf 86' lang='lat' dir='ltr'>calamitatum</span> <span class='ocrx_word' id='word_1_212' title='bbox 1100 1959 1189 1997; x_wconf 87' lang='lat' dir='ltr'>erat</span> <span class='ocrx_word' id='word_1_213' title='bbox 1215 1951 1481 2009; x_wconf 80' lang='lat' dir='ltr'>aliquantum</span> 
     </span>
     <span class='ocr_line' id='line_1_29' title="bbox 136 2014 1480 2070; baseline -0.003 -12"><span class='ocrx_word' id='word_1_214' title='bbox 136 2017 389 2058; x_wconf 84' lang='lat' dir='ltr'>labefactata</span> <span class='ocrx_word' id='word_1_215' title='bbox 427 2019 553 2070; x_wconf 90' lang='lat' dir='ltr'>atque</span> <span class='ocrx_word' id='word_1_216' title='bbox 593 2015 810 2069; x_wconf 75' lang='lat' dir='ltr'>convulsa·</span> <span class='ocrx_word' id='word_1_217' title='bbox 851 2015 917 2055; x_wconf 91' lang='lat' dir='ltr'>cui</span> <span class='ocrx_word' id='word_1_218' title='bbox 956 2017 997 2055; x_wconf 89' lang='lat' dir='ltr'>te</span> <span class='ocrx_word' id='word_1_219' title='bbox 1036 2014 1237 2068; x_wconf 85' lang='lat' dir='ltr'>opitulari</span> <span class='ocrx_word' id='word_1_220' title='bbox 1279 2017 1320 2055; x_wconf 89' lang='lat' dir='ltr'>et</span> <span class='ocrx_word' id='word_1_221' title='bbox 1357 2014 1480 2054; x_wconf 84' lang='lat' dir='ltr'>video</span> 
     </span>
     <span class='ocr_line' id='line_1_30' title="bbox 85 2049 1482 2128; baseline -0.004 -11"><span class='ocrx_word' id='word_1_222' title='bbox 85 2088 119 2112; x_wconf 84' lang='lat'>30</span> <span class='ocrx_word' id='word_1_223' title='bbox 138 2079 180 2116; x_wconf 87' lang='lat' dir='ltr'>et</span> <span class='ocrx_word' id='word_1_224' title='bbox 210 2075 254 2116; x_wconf 90' lang='lat' dir='ltr'>id</span> <span class='ocrx_word' id='word_1_225' title='bbox 284 2076 431 2116; x_wconf 87' lang='lat' dir='ltr'>fecisse</span> <span class='ocrx_word' id='word_1_226' title='bbox 463 2075 591 2116; x_wconf 88' lang='lat' dir='ltr'>etiam</span> <span class='ocrx_word' id='word_1_227' title='bbox 622 2049 829 2128; x_wconf 77' lang='lat' dir='ltr'>proximis</span> <span class='ocrx_word' id='word_1_228' title='bbox 859 2073 1014 2113; x_wconf 86' lang='lat' dir='ltr'>litteris</span> <span class='ocrx_word' id='word_1_229' title='bbox 1045 2073 1312 2126; x_wconf 91' lang='lat' dir='ltr'>multumque</span> <span class='ocrx_word' id='word_1_230' title='bbox 1342 2073 1482 2126; x_wconf 86' lang='lat' dir='ltr'>profe-</span> 
     </span>
     <span class='ocr_line' id='line_1_31' title="bbox 138 2131 1481 2186; baseline -0.004 -11"><span class='ocrx_word' id='word_1_231' title='bbox 138 2134 242 2175; x_wconf 91' lang='lat' dir='ltr'>cisse</span> <span class='ocrx_word' id='word_1_232' title='bbox 274 2134 420 2175; x_wconf 89' lang='lat' dir='ltr'>sentio.</span> <span class='ocrx_word' id='word_1_233' title='bbox 481 2132 630 2186; x_wconf 86' lang='lat' dir='ltr'>Itaque</span> <span class='ocrx_word' id='word_1_234' title='bbox 658 2132 739 2172; x_wconf 86' lang='lat' dir='ltr'>hoc</span> <span class='ocrx_word' id='word_1_235' title='bbox 764 2132 930 2185; x_wconf 89' lang='lat' dir='ltr'>saepius</span> <span class='ocrx_word' id='word_1_236' title='bbox 956 2132 1179 2171; x_wconf 88' lang='lat' dir='ltr'>dicendum</span> <span class='ocrx_word' id='word_1_237' title='bbox 1204 2131 1369 2184; x_wconf 89' lang='lat' dir='ltr'>tibique</span> <span class='ocrx_word' id='word_1_238' title='bbox 1394 2145 1481 2171; x_wconf 91' lang='lat' dir='ltr'>non</span> 
     </span>
     <span class='ocr_line' id='line_1_32' title="bbox 137 2189 1480 2248; baseline -0.003 -15"><span class='ocrx_word' id='word_1_239' title='bbox 137 2192 462 2248; x_wconf 85' lang='lat' dir='ltr'>significandum</span> <span class='ocrx_word' id='word_1_240' title='bbox 493 2192 647 2245; x_wconf 88' lang='lat' dir='ltr'>solum,</span> <span class='ocrx_word' id='word_1_241' title='bbox 687 2190 758 2231; x_wconf 90' lang='lat' dir='ltr'>sed</span> <span class='ocrx_word' id='word_1_242' title='bbox 790 2190 917 2231; x_wconf 84' lang='lat' dir='ltr'>etiam</span> <span class='ocrx_word' id='word_1_243' title='bbox 955 2190 1252 2230; x_wconf 86' lang='lat' dir='ltr'>declarandum</span> <span class='ocrx_word' id='word_1_244' title='bbox 1283 2189 1480 2243; x_wconf 76' lang='lat' dir='ltr'>ar-bitmr,</span> 
     </span>
     <span class='ocr_line' id='line_1_33' title="bbox 137 2247 1480 2304; baseline -0.003 -12"><span class='ocrx_word' id='word_1_245' title='bbox 137 2251 246 2292; x_wconf 83' lang='lat' dir='ltr'>nihil</span> <span class='ocrx_word' id='word_1_246' title='bbox 276 2251 382 2291; x_wconf 86' lang='grc'>1111111</span> <span class='ocrx_word' id='word_1_247' title='bbox 414 2265 502 2292; x_wconf 88' lang='lat' dir='ltr'>esse</span> <span class='ocrx_word' id='word_1_248' title='bbox 532 2249 720 2304; x_wconf 90' lang='lat' dir='ltr'>potuisse</span> <span class='ocrx_word' id='word_1_249' title='bbox 753 2249 837 2290; x_wconf 87' lang='lat' dir='ltr'>tuis</span> <span class='ocrx_word' id='word_1_250' title='bbox 868 2249 1023 2289; x_wconf 86' lang='lat' dir='ltr'>litteris</span> <span class='ocrx_word' id='word_1_251' title='bbox 1054 2249 1227 2303; x_wconf 76' lang='lat' dir='ltr'>glatius.</span> <span class='ocrx_word' id='word_1_252' title='bbox 1283 2247 1352 2288; x_wconf 92' lang='lat' dir='ltr'>Ad</span> <span class='ocrx_word' id='word_1_253' title='bbox 1384 2262 1480 2288; x_wconf 87' lang='lat' dir='ltr'>con-</span> 
     </span>
     <span class='ocr_line' id='line_1_34' title="bbox 138 2306 1480 2362; baseline -0.003 -12"><span class='ocrx_word' id='word_1_254' title='bbox 138 2309 359 2350; x_wconf 86' lang='lat' dir='ltr'>solandum</span> <span class='ocrx_word' id='word_1_255' title='bbox 391 2312 531 2350; x_wconf 88' lang='lat' dir='ltr'>autem</span> <span class='ocrx_word' id='word_1_256' title='bbox 563 2323 658 2349; x_wconf 89' lang='lat' dir='ltr'>cum</span> <span class='ocrx_word' id='word_1_257' title='bbox 684 2308 757 2348; x_wconf 90' lang='lat' dir='ltr'>illa</span> <span class='ocrx_word' id='word_1_258' title='bbox 782 2307 934 2361; x_wconf 84' lang='lat' dir='ltr'>valent,</span> <span class='ocrx_word' id='word_1_259' title='bbox 967 2321 1073 2361; x_wconf 90' lang='lat' dir='ltr'>quae</span> <span class='ocrx_word' id='word_1_260' title='bbox 1099 2307 1314 2362; x_wconf 81' lang='lat' dir='ltr'>eleganter</span> <span class='ocrx_word' id='word_1_261' title='bbox 1340 2306 1480 2360; x_wconf 85' lang='lat' dir='ltr'>copio-</span> 
     </span>
    </p>
   </div>
   <div class='ocr_carea' id='block_1_6' title="bbox 1512 620 1551 650">
    <p class='ocr_par' dir='ltr' id='par_1_8' title="bbox 1512 620 1551 650">
     <span class='ocr_line' id='line_1_35' title="bbox 1512 620 1551 650; baseline 0.026 -1"><span class='ocrx_word' id='word_1_262' title='bbox 1512 620 1551 650; x_wconf 88' lang='lat'>10</span> 
     </span>
    </p>
   </div>
   <div class='ocr_carea' id='block_1_7' title="bbox 1507 1850 1526 1880">
    <p class='ocr_par' dir='ltr' id='par_1_9' title="bbox 1507 1850 1526 1880">
     <span class='ocr_line' id='line_1_36' title="bbox 1507 1850 1526 1880; baseline 0 0"><span class='ocrx_word' id='word_1_263' title='bbox 1507 1850 1526 1880; x_wconf 83' lang='lat'><strong>2</strong></span> 
     </span>
    </p>
   </div>
   <div class='ocr_carea' id='block_1_8' title="bbox 1507 2259 1527 2289">
    <p class='ocr_par' dir='ltr' id='par_1_10' title="bbox 1507 2259 1527 2289">
     <span class='ocr_line' id='line_1_37' title="bbox 1507 2259 1527 2289; baseline 0 0"><span class='ocrx_word' id='word_1_264' title='bbox 1507 2259 1527 2289; x_wconf 83' lang='lat'><strong>3</strong></span> 
     </span>
    </p>
   </div>
  </div>
 </body>
</html>
