<?xml version="1.0" encoding="UTF-8"?>
<!DOCTYPE html PUBLIC "-//W3C//DTD XHTML 1.0 Transitional//EN"
    "http://www.w3.org/TR/xhtml1/DTD/xhtml1-transitional.dtd">
<html xmlns="http://www.w3.org/1999/xhtml" xml:lang="en" lang="en">
 <head>
  <title>
</title>
<meta http-equiv="Content-Type" content="text/html;charset=utf-8" />
  <meta name='ocr-system' content='tesseract 3.04.00' />
  <meta name='ocr-capabilities' content='ocr_page ocr_carea ocr_par ocr_line ocrx_word'/>
</head>
<body>
  <div class='ocr_page' id='page_1' title='image "./p1scriptaquaemanse03ciceuoft_0522.png"; bbox 0 0 1659 2552; ppageno 0'>
   <div class='ocr_carea' id='block_1_1' title="bbox 169 1318 188 1347">
    <p class='ocr_par' dir='ltr' id='par_1_1' title="bbox 169 1318 188 1347">
     <span class='ocr_line' id='line_1_1' title="bbox 169 1318 188 1347; textangle 90"><span class='ocrx_word' id='word_1_1' title='bbox 169 1318 188 1347; x_wconf 64' lang='lat'>10</span> 
     </span>
    </p>
   </div>
   <div class='ocr_carea' id='block_1_2' title="bbox 179 2256 193 2284">
    <p class='ocr_par' dir='ltr' id='par_1_2' title="bbox 179 2256 193 2284">
     <span class='ocr_line' id='line_1_2' title="bbox 179 2256 193 2284; baseline 0 0"><span class='ocrx_word' id='word_1_2' title='bbox 179 2256 193 2284; x_wconf 84' lang='lat'>1</span> 
     </span>
    </p>
   </div>
   <div class='ocr_carea' id='block_1_3' title="bbox 216 94 1060 134">
    <p class='ocr_par' dir='ltr' id='par_1_3' title="bbox 216 94 1060 134">
     <span class='ocr_line' id='line_1_3' title="bbox 216 94 1060 134; baseline -0.006 -1"><span class='ocrx_word' id='word_1_3' title='bbox 216 96 243 133; x_wconf 82' lang='grc'><strong>4</strong></span> <span class='ocrx_word' id='word_1_4' title='bbox 250 95 269 134; x_wconf 90' lang='grc'>1</span> <span class='ocrx_word' id='word_1_5' title='bbox 276 94 303 133; x_wconf 75' lang='lat'>4</span> <span class='ocrx_word' id='word_1_6' title='bbox 721 94 1060 129; x_wconf 82' lang='lat' dir='ltr'>EPISTULARUM</span> 
     </span>
    </p>
   </div>
   <div class='ocr_carea' id='block_1_4' title="bbox 212 189 1562 304">
    <p class='ocr_par' dir='ltr' id='par_1_4' title="bbox 212 189 1562 304">
     <span class='ocr_line' id='line_1_4' title="bbox 212 189 1562 243; baseline 0 -13"><span class='ocrx_word' id='word_1_7' title='bbox 212 203 308 230; x_wconf 90' lang='lat' dir='ltr'>eum</span> <span class='ocrx_word' id='word_1_8' title='bbox 329 189 540 231; x_wconf 88' lang='lat' dir='ltr'>adiuveris</span> <span class='ocrx_word' id='word_1_9' title='bbox 561 204 609 230; x_wconf 90' lang='lat' dir='ltr'>eo</span> <span class='ocrx_word' id='word_1_10' title='bbox 631 190 783 243; x_wconf 88' lang='lat' dir='ltr'>studio,</span> <span class='ocrx_word' id='word_1_11' title='bbox 807 204 891 243; x_wconf 89' lang='lat' dir='ltr'>quo</span> <span class='ocrx_word' id='word_1_12' title='bbox 907 189 1141 243; x_wconf 74' lang='lat' dir='ltr'><strong>ostendisti,</strong></span> <span class='ocrx_word' id='word_1_13' title='bbox 1162 189 1273 243; x_wconf 89' lang='lat' dir='ltr'>apud</span> <span class='ocrx_word' id='word_1_14' title='bbox 1293 189 1432 243; x_wconf 90' lang='lat' dir='ltr'>ipsum</span> <span class='ocrx_word' id='word_1_15' title='bbox 1445 203 1562 243; x_wconf 86' lang='lat' dir='ltr'>prae-</span> 
     </span>
     <span class='ocr_line' id='line_1_5' title="bbox 212 247 1561 304; baseline -0.001 -15"><span class='ocrx_word' id='word_1_16' title='bbox 212 248 442 289; x_wconf 81' lang='lat' dir='ltr'>clarissime</span> <span class='ocrx_word' id='word_1_17' title='bbox 466 249 672 303; x_wconf 82' lang='lat' dir='ltr'>posueris,</span> <span class='ocrx_word' id='word_1_18' title='bbox 701 249 772 289; x_wconf 86' lang='lat' dir='ltr'>sed</span> <span class='ocrx_word' id='word_1_19' title='bbox 798 247 905 288; x_wconf 91' lang='lat' dir='ltr'>mihi</span> <span class='ocrx_word' id='word_1_20' title='bbox 933 248 1060 289; x_wconf 87' lang='lat' dir='ltr'>etiam</span> <span class='ocrx_word' id='word_1_21' title='bbox 1086 248 1377 304; x_wconf 83' lang='lat' dir='ltr'>gratissimum</span> <span class='ocrx_word' id='word_1_22' title='bbox 1402 247 1561 289; x_wconf 84' lang='lat' dir='ltr'>feceris.</span> 
     </span>
    </p>
   </div>
   <div class='ocr_carea' id='block_1_5' title="bbox 603 364 1170 490">
    <p class='ocr_par' dir='ltr' id='par_1_5' title="bbox 603 364 1170 490">
     <span class='ocr_line' id='line_1_6' title="bbox 825 364 952 406; baseline 0.008 -1"><span class='ocrx_word' id='word_1_23' title='bbox 825 364 952 406; x_wconf 78' lang='lat' dir='ltr'>LXV.</span> 
     </span>
     <span class='ocr_line' id='line_1_7' title="bbox 603 445 1170 490; baseline 0 -10"><span class='ocrx_word' id='word_1_24' title='bbox 603 445 678 480; x_wconf 82' lang='lat' dir='ltr'>Ser.</span> <span class='ocrx_word' id='word_1_25' title='bbox 701 446 816 489; x_wconf 75' lang='lat' dir='ltr'>paulo</span> <span class='ocrx_word' id='word_1_26' title='bbox 836 450 919 490; x_wconf 76' lang='lat' dir='ltr'>post</span> <span class='ocrx_word' id='word_1_27' title='bbox 945 457 997 490; x_wconf 79' lang='lat' dir='ltr'>ep.</span> <span class='ocrx_word' id='word_1_28' title='bbox 1026 446 1170 480; x_wconf 81' lang='lat' dir='ltr'>LXIV.</span> 
     </span>
    </p>
   </div>
   <div class='ocr_carea' id='block_1_6' title="bbox 489 526 1281 570">
    <p class='ocr_par' dir='ltr' id='par_1_6' title="bbox 489 526 1281 570">
     <span class='ocr_line' id='line_1_8' title="bbox 489 526 1281 570; baseline 0.001 -9"><span class='ocrx_word' id='word_1_29' title='bbox 489 527 547 570; x_wconf 42' lang='lat' dir='ltr'>M.</span> <span class='ocrx_word' id='word_1_30' title='bbox 566 526 736 561; x_wconf 88' lang='lat' dir='ltr'>CICERO</span> <span class='ocrx_word' id='word_1_31' title='bbox 764 527 796 562; x_wconf 84' lang='lat' dir='ltr'>S.</span> <span class='ocrx_word' id='word_1_32' title='bbox 824 526 866 562; x_wconf 91' lang='lat' dir='ltr'>D.</span> <span class='ocrx_word' id='word_1_33' title='bbox 894 526 932 562; x_wconf 91' lang='lat' dir='ltr'>P.</span> <span class='ocrx_word' id='word_1_34' title='bbox 965 527 1086 562; x_wconf 85' lang='lat' dir='ltr'>SILIO</span> <span class='ocrx_word' id='word_1_35' title='bbox 1113 527 1281 563; x_wconf 86' lang='lat' dir='ltr'>PROPR.</span> 
     </span>
    </p>
   </div>
   <div class='ocr_carea' id='block_1_7' title="bbox 211 598 1564 1713">
    <p class='ocr_par' dir='ltr' id='par_1_7' title="bbox 211 598 1563 1653">
     <span class='ocr_line' id='line_1_9' title="bbox 302 598 1562 654; baseline 0 -14"><span class='ocrx_word' id='word_1_36' title='bbox 302 600 408 641; x_wconf 89' lang='lat' dir='ltr'>Cum</span> <span class='ocrx_word' id='word_1_37' title='bbox 440 599 484 640; x_wconf 83' lang='lat' dir='ltr'>P.</span> <span class='ocrx_word' id='word_1_38' title='bbox 517 598 716 640; x_wconf 87' lang='lat' dir='ltr'>Terentio</span> <span class='ocrx_word' id='word_1_39' title='bbox 748 598 952 654; x_wconf 88' lang='lat' dir='ltr'>Hispone,</span> <span class='ocrx_word' id='word_1_40' title='bbox 986 600 1058 654; x_wconf 90' lang='lat' dir='ltr'>qui</span> <span class='ocrx_word' id='word_1_41' title='bbox 1093 614 1242 654; x_wconf 79' lang='lat' dir='ltr'>operas</span> <span class='ocrx_word' id='word_1_42' title='bbox 1275 600 1319 640; x_wconf 90' lang='lat' dir='ltr'>in</span> <span class='ocrx_word' id='word_1_43' title='bbox 1352 599 1562 654; x_wconf 86' lang='lat' dir='ltr'>scriptura</span> 
     </span>
     <span class='ocr_line' id='line_1_10' title="bbox 211 658 1562 714; baseline 0 -15"><span class='ocrx_word' id='word_1_44' title='bbox 211 673 289 714; x_wconf 91' lang='lat' dir='ltr'>pro</span> <span class='ocrx_word' id='word_1_45' title='bbox 327 659 533 714; x_wconf 80' lang='lat' dir='ltr'>magistro</span> <span class='ocrx_word' id='word_1_46' title='bbox 573 658 660 712; x_wconf 88' lang='lat' dir='ltr'>dat,</span> <span class='ocrx_word' id='word_1_47' title='bbox 697 658 805 699; x_wconf 88' lang='lat' dir='ltr'>mihi</span> <span class='ocrx_word' id='word_1_48' title='bbox 838 673 1003 699; x_wconf 88' lang='lat' dir='ltr'>summa</span> <span class='ocrx_word' id='word_1_49' title='bbox 1040 659 1308 700; x_wconf 77' lang='lat' dir='ltr'>familiaritas</span> <span class='ocrx_word' id='word_1_50' title='bbox 1340 661 1562 700; x_wconf 83' lang='lat' dir='ltr'>consuetu-</span> 
     </span>
     <span class='ocr_line' id='line_1_11' title="bbox 214 717 1562 773; baseline -0.001 -14"><span class='ocrx_word' id='word_1_51' title='bbox 214 718 350 772; x_wconf 81' lang='lat' dir='ltr'>doque</span> <span class='ocrx_word' id='word_1_52' title='bbox 384 720 463 772; x_wconf 87' lang='lat' dir='ltr'>est,</span> <span class='ocrx_word' id='word_1_53' title='bbox 501 717 720 771; x_wconf 91' lang='lat' dir='ltr'>multaque</span> <span class='ocrx_word' id='word_1_54' title='bbox 753 719 794 758; x_wconf 89' lang='lat' dir='ltr'>ct</span> <span class='ocrx_word' id='word_1_55' title='bbox 830 732 985 773; x_wconf 84' lang='lat' dir='ltr'>magna</span> <span class='ocrx_word' id='word_1_56' title='bbox 1016 717 1129 758; x_wconf 89' lang='lat' dir='ltr'>inter</span> <span class='ocrx_word' id='word_1_57' title='bbox 1160 732 1237 759; x_wconf 89' lang='lat' dir='ltr'>nos</span> <span class='ocrx_word' id='word_1_58' title='bbox 1271 718 1412 758; x_wconf 90' lang='lat' dir='ltr'>officia</span> <span class='ocrx_word' id='word_1_59' title='bbox 1442 717 1562 771; x_wconf 87' lang='lat' dir='ltr'>paria</span> 
     </span>
     <span class='ocr_line' id='line_1_12' title="bbox 214 775 1562 832; baseline -0.001 -15"><span class='ocrx_word' id='word_1_60' title='bbox 214 780 255 818; x_wconf 82' lang='lat' dir='ltr'>et</span> <span class='ocrx_word' id='word_1_61' title='bbox 286 779 435 817; x_wconf 85' lang='lat' dir='ltr'>mutua</span> <span class='ocrx_word' id='word_1_62' title='bbox 465 776 743 817; x_wconf 87' lang='lat' dir='ltr'>intercedunt.</span> <span class='ocrx_word' id='word_1_63' title='bbox 805 775 910 817; x_wconf 86' lang='lat' dir='ltr'>Eius</span> <span class='ocrx_word' id='word_1_64' title='bbox 943 791 1107 817; x_wconf 89' lang='lat' dir='ltr'>summa</span> <span class='ocrx_word' id='word_1_65' title='bbox 1133 776 1393 818; x_wconf 73' lang='lat' dir='ltr'>existimatio</span> <span class='ocrx_word' id='word_1_66' title='bbox 1419 776 1562 832; x_wconf 86' lang='lat' dir='ltr'>agitur</span> 
     </span>
     <span class='ocr_line' id='line_1_13' title="bbox 213 835 1560 890; baseline 0 -14"><span class='ocrx_word' id='word_1_67' title='bbox 213 836 257 876; x_wconf 90' lang='lat' dir='ltr'>in</span> <span class='ocrx_word' id='word_1_68' title='bbox 290 850 356 889; x_wconf 88' lang='grc'>00,</span> <span class='ocrx_word' id='word_1_69' title='bbox 395 838 442 876; x_wconf 92' lang='lat' dir='ltr'>ut</span> <span class='ocrx_word' id='word_1_70' title='bbox 479 835 696 889; x_wconf 77' lang='lat' dir='ltr'>pactiones</span> <span class='ocrx_word' id='word_1_71' title='bbox 735 849 829 876; x_wconf 92' lang='lat' dir='ltr'>cum</span> <span class='ocrx_word' id='word_1_72' title='bbox 869 835 1114 876; x_wconf 84' lang='lat' dir='ltr'>civitatibus</span> <span class='ocrx_word' id='word_1_73' title='bbox 1146 836 1321 890; x_wconf 86' lang='lat' dir='ltr'>reliquis</span> <span class='ocrx_word' id='word_1_74' title='bbox 1354 835 1560 876; x_wconf 86' lang='lat' dir='ltr'>conficiat.</span> 
     </span>
     <span class='ocr_line' id='line_1_14' title="bbox 212 894 1561 949; baseline 0 -14"><span class='ocrx_word' id='word_1_75' title='bbox 212 894 313 936; x_wconf 91' lang='lat' dir='ltr'>Non</span> <span class='ocrx_word' id='word_1_76' title='bbox 343 908 411 935; x_wconf 93' lang='lat' dir='ltr'>me</span> <span class='ocrx_word' id='word_1_77' title='bbox 451 894 654 948; x_wconf 82' lang='lat' dir='ltr'>praeterit</span> <span class='ocrx_word' id='word_1_78' title='bbox 685 908 762 934; x_wconf 90' lang='lat' dir='ltr'>nos</span> <span class='ocrx_word' id='word_1_79' title='bbox 801 909 892 935; x_wconf 87' lang='lat' dir='ltr'>eam</span> <span class='ocrx_word' id='word_1_80' title='bbox 930 908 1020 935; x_wconf 88' lang='lat' dir='ltr'>rem</span> <span class='ocrx_word' id='word_1_81' title='bbox 1052 894 1211 948; x_wconf 86' lang='lat' dir='ltr'>Ephesi</span> <span class='ocrx_word' id='word_1_82' title='bbox 1245 897 1441 949; x_wconf 82' lang='lat' dir='ltr'>expertos</span> <span class='ocrx_word' id='word_1_83' title='bbox 1472 907 1561 935; x_wconf 85' lang='lat' dir='ltr'>esse</span> 
     </span>
     <span class='ocr_line' id='line_1_15' title="bbox 213 952 1562 1018; baseline 0.001 -25"><span class='ocrx_word' id='word_1_84' title='bbox 213 967 349 1018; x_wconf 83' lang='lat' dir='ltr'>neque</span> <span class='ocrx_word' id='word_1_85' title='bbox 382 953 434 994; x_wconf 83' lang='lat' dir='ltr'>ab</span> <span class='ocrx_word' id='word_1_86' title='bbox 468 952 665 1007; x_wconf 88' lang='lat' dir='ltr'>Ephesiis</span> <span class='ocrx_word' id='word_1_87' title='bbox 698 953 785 994; x_wconf 86' lang='lat' dir='ltr'>ullo</span> <span class='ocrx_word' id='word_1_88' title='bbox 817 953 943 993; x_wconf 88' lang='lat' dir='ltr'>modo</span> <span class='ocrx_word' id='word_1_89' title='bbox 976 953 1203 1007; x_wconf 86' lang='lat' dir='ltr'>impetrare</span> <span class='ocrx_word' id='word_1_90' title='bbox 1236 953 1446 1008; x_wconf 82' lang='lat' dir='ltr'>potuisse3</span> <span class='ocrx_word' id='word_1_91' title='bbox 1477 952 1562 1007; x_wconf 89' lang='lat' dir='ltr'>sed,</span> 
     </span>
     <span class='ocr_line' id='line_1_16' title="bbox 215 1011 1561 1067; baseline -0.001 -14"><span class='ocrx_word' id='word_1_92' title='bbox 215 1012 433 1066; x_wconf 90' lang='lat' dir='ltr'>quoniam,</span> <span class='ocrx_word' id='word_1_93' title='bbox 472 1026 598 1066; x_wconf 91' lang='lat' dir='ltr'>quem</span> <span class='ocrx_word' id='word_1_94' title='bbox 636 1011 689 1052; x_wconf 91' lang='lat' dir='ltr'>ad</span> <span class='ocrx_word' id='word_1_95' title='bbox 725 1011 900 1052; x_wconf 91' lang='lat' dir='ltr'>modum</span> <span class='ocrx_word' id='word_1_96' title='bbox 933 1026 1078 1053; x_wconf 91' lang='lat' dir='ltr'>omnes</span> <span class='ocrx_word' id='word_1_97' title='bbox 1110 1012 1371 1066; x_wconf 84' lang='lat' dir='ltr'>existimant,</span> <span class='ocrx_word' id='word_1_98' title='bbox 1409 1014 1450 1053; x_wconf 89' lang='lat' dir='ltr'>et</span> <span class='ocrx_word' id='word_1_99' title='bbox 1481 1025 1561 1067; x_wconf 86' lang='lat' dir='ltr'>ego</span> 
     </span>
     <span class='ocr_line' id='line_1_17' title="bbox 214 1069 1562 1127; baseline -0.001 -16"><span class='ocrx_word' id='word_1_100' title='bbox 214 1071 440 1126; x_wconf 74' lang='lat' dir='ltr'>intellego,</span> <span class='ocrx_word' id='word_1_101' title='bbox 480 1074 554 1112; x_wconf 90' lang='lat' dir='ltr'>tua</span> <span class='ocrx_word' id='word_1_102' title='bbox 595 1085 690 1111; x_wconf 88' lang='lat' dir='ltr'>cum</span> <span class='ocrx_word' id='word_1_103' title='bbox 732 1085 896 1111; x_wconf 90' lang='lat' dir='ltr'>summa</span> <span class='ocrx_word' id='word_1_104' title='bbox 935 1071 1182 1127; x_wconf 72' lang='lat' dir='ltr'>integritate</span> <span class='ocrx_word' id='word_1_105' title='bbox 1222 1074 1314 1112; x_wconf 91' lang='lat' dir='ltr'>tum</span> <span class='ocrx_word' id='word_1_106' title='bbox 1356 1069 1562 1126; x_wconf 83' lang='lat' dir='ltr'>singulari</span> 
     </span>
     <span class='ocr_line' id='line_1_18' title="bbox 214 1129 1562 1185; baseline -0.001 -14"><span class='ocrx_word' id='word_1_107' title='bbox 214 1130 479 1171; x_wconf 84' lang='lat' dir='ltr'>humanitate</span> <span class='ocrx_word' id='word_1_108' title='bbox 518 1132 560 1170; x_wconf 90' lang='lat' dir='ltr'>et</span> <span class='ocrx_word' id='word_1_109' title='bbox 595 1129 918 1170; x_wconf 80' lang='lat' dir='ltr'>mansuetudine</span> <span class='ocrx_word' id='word_1_110' title='bbox 957 1133 1206 1171; x_wconf 89' lang='lat' dir='ltr'>consecutus</span> <span class='ocrx_word' id='word_1_111' title='bbox 1244 1144 1304 1185; x_wconf 97' lang='grc'>03,</span> <span class='ocrx_word' id='word_1_112' title='bbox 1345 1132 1392 1170; x_wconf 94' lang='lat' dir='ltr'>ut</span> <span class='ocrx_word' id='word_1_113' title='bbox 1429 1129 1562 1170; x_wconf 89' lang='lat' dir='ltr'>liben-</span> 
     </span>
     <span class='ocr_line' id='line_1_19' title="bbox 215 1187 1563 1244; baseline -0.001 -15"><span class='ocrx_word' id='word_1_114' title='bbox 215 1189 391 1230; x_wconf 86' lang='lat' dir='ltr'>tissimis</span> <span class='ocrx_word' id='word_1_115' title='bbox 431 1187 601 1229; x_wconf 82' lang='lat' dir='ltr'>Graecis</span> <span class='ocrx_word' id='word_1_116' title='bbox 638 1190 763 1243; x_wconf 91' lang='lat' dir='ltr'>nutu,</span> <span class='ocrx_word' id='word_1_117' title='bbox 801 1188 916 1243; x_wconf 89' lang='lat' dir='ltr'>quod</span> <span class='ocrx_word' id='word_1_118' title='bbox 946 1189 1068 1244; x_wconf 84' lang='lat' dir='ltr'>velis,</span> <span class='ocrx_word' id='word_1_119' title='bbox 1101 1202 1375 1243; x_wconf 89' lang='lat' dir='ltr'>consequare,</span> <span class='ocrx_word' id='word_1_120' title='bbox 1406 1190 1506 1243; x_wconf 91' lang='lat' dir='ltr'>peto</span> <span class='ocrx_word' id='word_1_121' title='bbox 1539 1202 1563 1228; x_wconf 92' lang='lat' dir='ltr'>a</span> 
     </span>
     <span class='ocr_line' id='line_1_20' title="bbox 215 1246 1562 1302; baseline -0.001 -13"><span class='ocrx_word' id='word_1_122' title='bbox 215 1251 257 1289; x_wconf 90' lang='lat' dir='ltr'>te</span> <span class='ocrx_word' id='word_1_123' title='bbox 282 1248 326 1288; x_wconf 89' lang='lat' dir='ltr'>in</span> <span class='ocrx_word' id='word_1_124' title='bbox 352 1247 557 1288; x_wconf 89' lang='lat' dir='ltr'>maiorem</span> <span class='ocrx_word' id='word_1_125' title='bbox 588 1247 773 1302; x_wconf 88' lang='lat' dir='ltr'>modum,</span> <span class='ocrx_word' id='word_1_126' title='bbox 806 1250 853 1288; x_wconf 90' lang='lat' dir='ltr'>ut</span> <span class='ocrx_word' id='word_1_127' title='bbox 877 1247 1053 1288; x_wconf 91' lang='lat' dir='ltr'>honoris</span> <span class='ocrx_word' id='word_1_128' title='bbox 1077 1248 1161 1289; x_wconf 91' lang='lat' dir='ltr'>mei</span> <span class='ocrx_word' id='word_1_129' title='bbox 1188 1262 1312 1288; x_wconf 87' lang='lat' dir='ltr'>causa</span> <span class='ocrx_word' id='word_1_130' title='bbox 1335 1247 1415 1288; x_wconf 88' lang='lat' dir='ltr'>hac</span> <span class='ocrx_word' id='word_1_131' title='bbox 1439 1246 1562 1288; x_wconf 88' lang='lat' dir='ltr'>laude</span> 
     </span>
     <span class='ocr_line' id='line_1_21' title="bbox 216 1305 1562 1360; baseline -0.001 -13"><span class='ocrx_word' id='word_1_132' title='bbox 216 1306 452 1360; x_wconf 88' lang='lat' dir='ltr'>Hisponem</span> <span class='ocrx_word' id='word_1_133' title='bbox 478 1306 601 1346; x_wconf 88' lang='lat' dir='ltr'>adfici</span> <span class='ocrx_word' id='word_1_134' title='bbox 626 1306 741 1346; x_wconf 88' lang='lat' dir='ltr'>velis.</span> <span class='ocrx_word' id='word_1_135' title='bbox 791 1305 1015 1348; x_wconf 85' lang='lat' dir='ltr'>Praeterea</span> <span class='ocrx_word' id='word_1_136' title='bbox 1047 1320 1141 1347; x_wconf 85' lang='lat' dir='ltr'>cum</span> <span class='ocrx_word' id='word_1_137' title='bbox 1173 1307 1297 1347; x_wconf 90' lang='lat' dir='ltr'>sociis</span> <span class='ocrx_word' id='word_1_138' title='bbox 1329 1306 1562 1360; x_wconf 86' lang='lat' dir='ltr'>scripturae</span> 
     </span>
     <span class='ocr_line' id='line_1_22' title="bbox 215 1364 1563 1406; baseline 0 -1"><span class='ocrx_word' id='word_1_139' title='bbox 215 1365 322 1406; x_wconf 82' lang='lat' dir='ltr'>mihi</span> <span class='ocrx_word' id='word_1_140' title='bbox 361 1380 525 1405; x_wconf 87' lang='lat' dir='ltr'>summa</span> <span class='ocrx_word' id='word_1_141' title='bbox 562 1364 826 1405; x_wconf 90' lang='lat' dir='ltr'>necessitudo</span> <span class='ocrx_word' id='word_1_142' title='bbox 865 1368 928 1405; x_wconf 91' lang='lat' dir='ltr'>est</span> <span class='ocrx_word' id='word_1_143' title='bbox 968 1379 1053 1405; x_wconf 92' lang='lat' dir='ltr'>non</span> <span class='ocrx_word' id='word_1_144' title='bbox 1085 1365 1223 1405; x_wconf 91' lang='lat' dir='ltr'>solum</span> <span class='ocrx_word' id='word_1_145' title='bbox 1256 1365 1310 1405; x_wconf 89' lang='lat' dir='ltr'>ob</span> <span class='ocrx_word' id='word_1_146' title='bbox 1344 1379 1436 1405; x_wconf 89' lang='lat' dir='ltr'>eam</span> <span class='ocrx_word' id='word_1_147' title='bbox 1468 1378 1563 1404; x_wconf 89' lang='lat' dir='ltr'>cau-</span> 
     </span>
     <span class='ocr_line' id='line_1_23' title="bbox 216 1422 1563 1477; baseline -0.001 -13"><span class='ocrx_word' id='word_1_148' title='bbox 216 1438 322 1477; x_wconf 88' lang='lat' dir='ltr'>sam,</span> <span class='ocrx_word' id='word_1_149' title='bbox 364 1424 478 1477; x_wconf 91' lang='lat' dir='ltr'>quod</span> <span class='ocrx_word' id='word_1_150' title='bbox 516 1438 563 1464; x_wconf 89' lang='lat' dir='ltr'>ea</span> <span class='ocrx_word' id='word_1_151' title='bbox 601 1423 777 1463; x_wconf 88' lang='lat' dir='ltr'>societas</span> <span class='ocrx_word' id='word_1_152' title='bbox 815 1423 1011 1464; x_wconf 88' lang='lat' dir='ltr'>universa</span> <span class='ocrx_word' id='word_1_153' title='bbox 1048 1424 1092 1463; x_wconf 91' lang='lat' dir='ltr'>in</span> <span class='ocrx_word' id='word_1_154' title='bbox 1131 1438 1224 1463; x_wconf 85' lang='lat' dir='ltr'>mea</span> <span class='ocrx_word' id='word_1_155' title='bbox 1255 1423 1336 1463; x_wconf 88' lang='lat' dir='ltr'>fide</span> <span class='ocrx_word' id='word_1_156' title='bbox 1369 1425 1449 1476; x_wconf 88' lang='lat' dir='ltr'>est,</span> <span class='ocrx_word' id='word_1_157' title='bbox 1490 1422 1563 1463; x_wconf 89' lang='lat' dir='ltr'>sed</span> 
     </span>
     <span class='ocr_line' id='line_1_24' title="bbox 217 1480 1563 1536; baseline 0 -14"><span class='ocrx_word' id='word_1_158' title='bbox 217 1483 344 1523; x_wconf 89' lang='lat' dir='ltr'>etiam</span> <span class='ocrx_word' id='word_1_159' title='bbox 377 1482 491 1536; x_wconf 89' lang='lat' dir='ltr'>quod</span> <span class='ocrx_word' id='word_1_160' title='bbox 520 1481 734 1535; x_wconf 85' lang='lat' dir='ltr'>plerisque</span> <span class='ocrx_word' id='word_1_161' title='bbox 766 1481 891 1522; x_wconf 90' lang='lat' dir='ltr'>sociis</span> <span class='ocrx_word' id='word_1_162' title='bbox 918 1484 1015 1522; x_wconf 85' lang='lat' dir='ltr'>utor</span> <span class='ocrx_word' id='word_1_163' title='bbox 1046 1482 1386 1522; x_wconf 77' lang='lat' dir='ltr'>familiarissime.</span> <span class='ocrx_word' id='word_1_164' title='bbox 1431 1480 1495 1522; x_wconf 85' lang='lat' dir='ltr'>Ita</span> <span class='ocrx_word' id='word_1_165' title='bbox 1521 1484 1563 1522; x_wconf 88' lang='lat' dir='ltr'>et</span> 
     </span>
     <span class='ocr_line' id='line_1_25' title="bbox 216 1539 1563 1594; baseline -0.001 -13"><span class='ocrx_word' id='word_1_166' title='bbox 216 1540 452 1594; x_wconf 83' lang='lat' dir='ltr'>Hisponem</span> <span class='ocrx_word' id='word_1_167' title='bbox 493 1554 634 1581; x_wconf 92' lang='lat' dir='ltr'>meum</span> <span class='ocrx_word' id='word_1_168' title='bbox 675 1554 750 1594; x_wconf 90' lang='lat' dir='ltr'>per</span> <span class='ocrx_word' id='word_1_169' title='bbox 790 1554 856 1580; x_wconf 90' lang='lat' dir='ltr'>me</span> <span class='ocrx_word' id='word_1_170' title='bbox 899 1540 1061 1581; x_wconf 89' lang='lat' dir='ltr'>ornaris</span> <span class='ocrx_word' id='word_1_171' title='bbox 1101 1543 1142 1581; x_wconf 89' lang='lat' dir='ltr'>et</span> <span class='ocrx_word' id='word_1_172' title='bbox 1180 1541 1425 1581; x_wconf 79' lang='lat' dir='ltr'>societatem</span> <span class='ocrx_word' id='word_1_173' title='bbox 1456 1539 1563 1580; x_wconf 77' lang='lat' dir='ltr'>mihi</span> 
     </span>
     <span class='ocr_line' id='line_1_26' title="bbox 217 1599 1563 1653; baseline -0.001 -13"><span class='ocrx_word' id='word_1_174' title='bbox 217 1600 551 1640; x_wconf 86' lang='lat' dir='ltr'>coniunctiorem</span> <span class='ocrx_word' id='word_1_175' title='bbox 590 1599 755 1652; x_wconf 85' lang='lat' dir='ltr'>feceris,</span> <span class='ocrx_word' id='word_1_176' title='bbox 794 1601 924 1653; x_wconf 86' lang='lat' dir='ltr'>tuque</span> <span class='ocrx_word' id='word_1_177' title='bbox 963 1599 1051 1653; x_wconf 88' lang='lat' dir='ltr'>ipse</span> <span class='ocrx_word' id='word_1_178' title='bbox 1091 1602 1132 1640; x_wconf 91' lang='lat' dir='ltr'>et</span> <span class='ocrx_word' id='word_1_179' title='bbox 1170 1614 1222 1640; x_wconf 86' lang='lat' dir='ltr'>ex</span> <span class='ocrx_word' id='word_1_180' title='bbox 1258 1599 1385 1640; x_wconf 85' lang='lat' dir='ltr'>huius</span> <span class='ocrx_word' id='word_1_181' title='bbox 1425 1612 1563 1653; x_wconf 89' lang='lat' dir='ltr'>opser-</span> 
     </span>
    </p>

    <p class='ocr_par' dir='ltr' id='par_1_8' title="bbox 216 1633 1564 1713">
     <span class='ocr_line' id='line_1_27' title="bbox 216 1633 1564 1713; baseline 0 -15"><span class='ocrx_word' id='word_1_182' title='bbox 216 1659 376 1712; x_wconf 49' lang='lat' dir='ltr'>varitia,</span> <span class='ocrx_word' id='word_1_183' title='bbox 407 1657 639 1713; x_wconf 85' lang='lat' dir='ltr'>gratissimi</span> <span class='ocrx_word' id='word_1_184' title='bbox 672 1633 876 1712; x_wconf 71' lang='lat' dir='ltr'>hominis,</span> <span class='ocrx_word' id='word_1_185' title='bbox 909 1660 950 1698; x_wconf 91' lang='lat' dir='ltr'>et</span> <span class='ocrx_word' id='word_1_186' title='bbox 982 1672 1032 1699; x_wconf 89' lang='lat' dir='ltr'>ex</span> <span class='ocrx_word' id='word_1_187' title='bbox 1066 1658 1277 1699; x_wconf 85' lang='lat' dir='ltr'>sociorum</span> <span class='ocrx_word' id='word_1_188' title='bbox 1309 1657 1458 1713; x_wconf 86' lang='lat' dir='ltr'>gratia,</span> <span class='ocrx_word' id='word_1_189' title='bbox 1489 1657 1564 1698; x_wconf 89' lang='lat' dir='ltr'>ho-</span> 
     </span>
    </p>
   </div>
   <div class='ocr_carea' id='block_1_8' title="bbox 215 1716 1597 1771">
    <p class='ocr_par' dir='ltr' id='par_1_9' title="bbox 215 1716 1597 1771">
     <span class='ocr_line' id='line_1_28' title="bbox 215 1716 1597 1771; baseline -0.002 -14"><span class='ocrx_word' id='word_1_190' title='bbox 215 1717 378 1757; x_wconf 89' lang='lat' dir='ltr'>minum</span> <span class='ocrx_word' id='word_1_191' title='bbox 400 1716 770 1771; x_wconf 74' lang='lat' dir='ltr'>amplissimorum,</span> <span class='ocrx_word' id='word_1_192' title='bbox 802 1717 1035 1757; x_wconf 86' lang='lat' dir='ltr'>maximum</span> <span class='ocrx_word' id='word_1_193' title='bbox 1056 1717 1241 1758; x_wconf 84' lang='lat' dir='ltr'>fructum</span> <span class='ocrx_word' id='word_1_194' title='bbox 1269 1716 1406 1771; x_wconf 89' lang='lat' dir='ltr'>capies</span> <span class='ocrx_word' id='word_1_195' title='bbox 1433 1718 1474 1757; x_wconf 88' lang='lat' dir='ltr'>et</span> <span class='ocrx_word' id='word_1_196' title='bbox 1496 1730 1564 1756; x_wconf 87' lang='lat' dir='ltr'>me</span> <span class='ocrx_word' id='word_1_197' title='bbox 1583 1729 1597 1753; x_wconf 75' lang='lat'>2</span> 
     </span>
    </p>
   </div>
   <div class='ocr_carea' id='block_1_9' title="bbox 216 1774 1564 1948">
    <p class='ocr_par' dir='ltr' id='par_1_10' title="bbox 216 1774 1564 1948">
     <span class='ocr_line' id='line_1_29' title="bbox 216 1774 1563 1829; baseline -0.001 -13"><span class='ocrx_word' id='word_1_198' title='bbox 216 1790 381 1816; x_wconf 92' lang='lat' dir='ltr'>summo</span> <span class='ocrx_word' id='word_1_199' title='bbox 414 1776 619 1816; x_wconf 84' lang='lat' dir='ltr'>beneficio</span> <span class='ocrx_word' id='word_1_200' title='bbox 651 1775 864 1815; x_wconf 86' lang='lat' dir='ltr'>adfeceris.</span> <span class='ocrx_word' id='word_1_201' title='bbox 927 1774 995 1816; x_wconf 77' lang='lat' dir='ltr'>Sic</span> <span class='ocrx_word' id='word_1_202' title='bbox 1029 1776 1141 1816; x_wconf 84' lang='lat' dir='ltr'>enim</span> <span class='ocrx_word' id='word_1_203' title='bbox 1173 1776 1301 1816; x_wconf 86' lang='lat' dir='ltr'>velim</span> <span class='ocrx_word' id='word_1_204' title='bbox 1338 1774 1563 1829; x_wconf 83' lang='lat' dir='ltr'>existimes,</span> 
     </span>
     <span class='ocr_line' id='line_1_30' title="bbox 216 1832 1564 1888; baseline -0.001 -13"><span class='ocrx_word' id='word_1_205' title='bbox 216 1850 267 1875; x_wconf 83' lang='lat' dir='ltr'>ex</span> <span class='ocrx_word' id='word_1_206' title='bbox 298 1837 389 1875; x_wconf 88' lang='lat' dir='ltr'>tota</span> <span class='ocrx_word' id='word_1_207' title='bbox 420 1837 493 1875; x_wconf 87' lang='lat' dir='ltr'>tua</span> <span class='ocrx_word' id='word_1_208' title='bbox 524 1834 743 1888; x_wconf 72' lang='lat' dir='ltr'>provincia</span> <span class='ocrx_word' id='word_1_209' title='bbox 770 1834 969 1888; x_wconf 87' lang='lat' dir='ltr'>omnique</span> <span class='ocrx_word' id='word_1_210' title='bbox 1001 1834 1083 1875; x_wconf 91' lang='lat' dir='ltr'>isto</span> <span class='ocrx_word' id='word_1_211' title='bbox 1116 1834 1296 1888; x_wconf 85' lang='lat' dir='ltr'>imperio</span> <span class='ocrx_word' id='word_1_212' title='bbox 1328 1832 1437 1874; x_wconf 88' lang='lat' dir='ltr'>nihil</span> <span class='ocrx_word' id='word_1_213' title='bbox 1463 1847 1564 1887; x_wconf 90' lang='lat' dir='ltr'>esse,</span> 
     </span>
     <span class='ocr_line' id='line_1_31' title="bbox 216 1893 1011 1948; baseline -0.001 -14"><span class='ocrx_word' id='word_1_214' title='bbox 216 1894 329 1947; x_wconf 90' lang='lat' dir='ltr'>quod</span> <span class='ocrx_word' id='word_1_215' title='bbox 361 1893 467 1934; x_wconf 91' lang='lat' dir='ltr'>mihi</span> <span class='ocrx_word' id='word_1_216' title='bbox 499 1893 662 1948; x_wconf 86' lang='lat' dir='ltr'>gratius</span> <span class='ocrx_word' id='word_1_217' title='bbox 696 1895 831 1933; x_wconf 83' lang='lat' dir='ltr'>facere</span> <span class='ocrx_word' id='word_1_218' title='bbox 863 1893 1011 1947; x_wconf 86' lang='lat' dir='ltr'>possis.</span> 
     </span>
    </p>
   </div>
   <div class='ocr_carea' id='block_1_10' title="bbox 318 2008 1469 2132">
    <p class='ocr_par' dir='ltr' id='par_1_11' title="bbox 318 2008 1469 2132">
     <span class='ocr_line' id='line_1_32' title="bbox 820 2008 971 2050; baseline 0 0"><span class='ocrx_word' id='word_1_219' title='bbox 820 2008 971 2050; x_wconf 81' lang='lat' dir='ltr'>LXVI.</span> 
     </span>
     <span class='ocr_line' id='line_1_33' title="bbox 318 2089 1469 2132; baseline -0.002 -7"><span class='ocrx_word' id='word_1_220' title='bbox 318 2090 390 2125; x_wconf 74' lang='lat' dir='ltr'>Ser.</span> <span class='ocrx_word' id='word_1_221' title='bbox 419 2090 555 2124; x_wconf 83' lang='lat' dir='ltr'>Romae</span> <span class='ocrx_word' id='word_1_222' title='bbox 587 2090 640 2124; x_wconf 70' lang='lat' dir='ltr'>rel</span> <span class='ocrx_word' id='word_1_223' title='bbox 672 2101 724 2124; x_wconf 79' lang='lat' dir='ltr'>ex.</span> <span class='ocrx_word' id='word_1_224' title='bbox 752 2102 796 2124; x_wconf 77' lang='lat' dir='ltr'>m..</span> <span class='ocrx_word' id='word_1_225' title='bbox 823 2090 905 2124; x_wconf 72' lang='grc' dir='ltr'><em>Ιαη.</em></span> <span class='ocrx_word' id='word_1_226' title='bbox 935 2091 985 2124; x_wconf 76' lang='lat' dir='ltr'>vel</span> <span class='ocrx_word' id='word_1_227' title='bbox 1012 2091 1059 2124; x_wconf 76' lang='lat' dir='ltr'>in.</span> <span class='ocrx_word' id='word_1_228' title='bbox 1090 2089 1193 2124; x_wconf 81' lang='lat' dir='ltr'>Febr.</span> <span class='ocrx_word' id='word_1_229' title='bbox 1220 2101 1253 2124; x_wconf 82' lang='lat' dir='ltr'>a.</span> <span class='ocrx_word' id='word_1_230' title='bbox 1283 2091 1354 2124; x_wconf 83' lang='lat'>709</span> <span class='ocrx_word' id='word_1_231' title='bbox 1381 2091 1469 2132; x_wconf 73' lang='lat'><em>(45).</em></span> 
     </span>
    </p>
   </div>
   <div class='ocr_carea' id='block_1_11' title="bbox 585 2170 1204 2206">
    <p class='ocr_par' dir='ltr' id='par_1_12' title="bbox 585 2170 1204 2206">
     <span class='ocr_line' id='line_1_34' title="bbox 585 2170 1204 2206; baseline -0.002 -1"><span class='ocrx_word' id='word_1_232' title='bbox 585 2171 632 2206; x_wconf 83' lang='lat' dir='ltr'>M.</span> <span class='ocrx_word' id='word_1_233' title='bbox 662 2170 831 2205; x_wconf 85' lang='lat' dir='ltr'>CICERO</span> <span class='ocrx_word' id='word_1_234' title='bbox 858 2170 896 2205; x_wconf 94' lang='lat' dir='ltr'>P.</span> <span class='ocrx_word' id='word_1_235' title='bbox 925 2170 1144 2205; x_wconf 84' lang='lat' dir='ltr'>SERVILIO</span> <span class='ocrx_word' id='word_1_236' title='bbox 1172 2170 1204 2205; x_wconf 86' lang='lat' dir='ltr'>S.</span> 
     </span>
    </p>
   </div>
   <div class='ocr_carea' id='block_1_12' title="bbox 224 2242 1568 2357">
    <p class='ocr_par' dir='ltr' id='par_1_13' title="bbox 224 2242 1568 2357">
     <span class='ocr_line' id='line_1_35' title="bbox 311 2242 1567 2298; baseline -0.002 -13"><span class='ocrx_word' id='word_1_237' title='bbox 311 2243 360 2285; x_wconf 89' lang='lat' dir='ltr'>A.</span> <span class='ocrx_word' id='word_1_238' title='bbox 395 2242 635 2298; x_wconf 87' lang='lat' dir='ltr'>Caecinam,</span> <span class='ocrx_word' id='word_1_239' title='bbox 677 2243 859 2284; x_wconf 82' lang='lat' dir='ltr'>maxime</span> <span class='ocrx_word' id='word_1_240' title='bbox 897 2243 1117 2297; x_wconf 85' lang='lat' dir='ltr'>proprium</span> <span class='ocrx_word' id='word_1_241' title='bbox 1156 2242 1350 2283; x_wconf 85' lang='lat' dir='ltr'>clientem</span> <span class='ocrx_word' id='word_1_242' title='bbox 1383 2242 1567 2283; x_wconf 88' lang='lat' dir='ltr'>familiae</span> 
     </span>
     <span class='ocr_line' id='line_1_36' title="bbox 224 2300 1568 2357; baseline 0 -15"><span class='ocrx_word' id='word_1_243' title='bbox 224 2306 397 2357; x_wconf 84' lang='lat' dir='ltr'>vestrae,</span> <span class='ocrx_word' id='word_1_244' title='bbox 428 2317 515 2344; x_wconf 92' lang='lat' dir='ltr'>non</span> <span class='ocrx_word' id='word_1_245' title='bbox 548 2302 885 2344; x_wconf 88' lang='lat' dir='ltr'>commendarem</span> <span class='ocrx_word' id='word_1_246' title='bbox 917 2301 1015 2356; x_wconf 87' lang='lat' dir='ltr'>tibi,</span> <span class='ocrx_word' id='word_1_247' title='bbox 1048 2316 1141 2342; x_wconf 88' lang='lat' dir='ltr'>cum</span> <span class='ocrx_word' id='word_1_248' title='bbox 1174 2300 1340 2355; x_wconf 81' lang='lat' dir='ltr'>scirem,</span> <span class='ocrx_word' id='word_1_249' title='bbox 1373 2316 1455 2355; x_wconf 89' lang='lat' dir='ltr'>qua</span> <span class='ocrx_word' id='word_1_250' title='bbox 1485 2301 1568 2342; x_wconf 88' lang='lat' dir='ltr'>fide</span> 
     </span>
    </p>
   </div>
   <div class='ocr_carea' id='block_1_13' title="bbox 1581 849 1615 874">
    <p class='ocr_par' dir='ltr' id='par_1_14' title="bbox 1581 849 1615 874">
     <span class='ocr_line' id='line_1_37' title="bbox 1581 849 1615 874; baseline 0.029 -1"><span class='ocrx_word' id='word_1_251' title='bbox 1581 849 1615 874; x_wconf 91' lang='grc'>10</span> 
     </span>
    </p>
   </div>
   <div class='ocr_carea' id='block_1_14' title="bbox 1581 1142 1615 1167">
    <p class='ocr_par' dir='ltr' id='par_1_15' title="bbox 1581 1142 1615 1167">
     <span class='ocr_line' id='line_1_38' title="bbox 1581 1142 1615 1167; baseline -0.029 0"><span class='ocrx_word' id='word_1_252' title='bbox 1581 1142 1615 1167; x_wconf 82' lang='lat'>15</span> 
     </span>
    </p>
   </div>
   <div class='ocr_carea' id='block_1_15' title="bbox 1582 1435 1616 1460">
    <p class='ocr_par' dir='ltr' id='par_1_16' title="bbox 1582 1435 1616 1460">
     <span class='ocr_line' id='line_1_39' title="bbox 1582 1435 1616 1460; baseline 0.029 -1"><span class='ocrx_word' id='word_1_253' title='bbox 1582 1435 1616 1460; x_wconf 75' lang='lat'>‘20</span> 
     </span>
    </p>
   </div>
   <div class='ocr_carea' id='block_1_16' title="bbox 1585 2103 1619 2128">
    <p class='ocr_par' dir='ltr' id='par_1_17' title="bbox 1585 2103 1619 2128">
     <span class='ocr_line' id='line_1_40' title="bbox 1585 2103 1619 2128; baseline 0 0"><span class='ocrx_word' id='word_1_254' title='bbox 1585 2103 1619 2128; x_wconf 87' lang='grc'>30</span> 
     </span>
    </p>
   </div>
  </div>
 </body>
</html>
