1659 2552
177 97 263 139 218
674 96 1013 132 EPISTULARUM

805 260 881 303 XI.

303 355 377 390 Ser.
405 355 542 390 Romae
569 367 621 390 esc.
656 367 700 389 m.
728 355 819 399 Apr.
847 359 912 388 aut
944 355 994 388 in.
1024 353 1119 387 Mai.
1147 365 1181 388 α.
1209 355 1281 388 704
1309 355 1400 397 (50).

598 447 797 483 CAELIUS
823 446 1048 482 CICERONI
1075 446 1107 481 S.

263 543 362 585 Non
401 544 490 598 diu,
533 543 605 584 sed
643 543 797 584 acriter
834 556 910 583 nos
947 545 1045 583 tuae
1076 541 1405 596 supplicationes
1436 545 1520 584 tor-

176 607 342 657 serunt3
387 602 667 643 incideramus
709 602 822 643 enim
863 601 907 642 in
940 601 1157 642 difficilem
1188 601 1358 642 nodum.
1407 600 1519 643 Nam
1557 612 1573 637 5

177 661 305 703 Curio
337 662 401 702 tui
433 661 740 715 cupidissimus,
773 660 873 714 quoi
901 660 1098 701 omnibus
1125 659 1362 701 rationibus
1394 661 1520 701 comi—

175 721 296 762 tiales
340 722 424 762 (lies
468 720 774 774 eripiebantur,
818 718 1002 774 negabat
1044 733 1088 760 se
1129 719 1217 759 ullo
1261 719 1388 760 modo
1431 719 1520 773 pati

174 794 297 834 posse
339 779 505 819 decerni
547 778 896 833 supplicationes,
943 792 1012 832 ne,
1058 777 1172 832 quod
1215 777 1357 819 furore
1397 776 1519 819 Pauli

175 839 352 892 adeptus
378 840 485 878 esset
511 837 624 892 boni,
650 852 725 878 sua
745 837 868 891 culpa
886 836 1102 877 videretur
1123 836 1312 877 amisisse
1338 838 1380 877 et
1404 851 1520 891 prae-

176 897 386 938 varicator
412 911 558 937 causae
590 896 785 950 publicae
818 895 1142 937 existimaretur.
1174 893 1324 949 Itaque
1350 895 1403 936 ad
1426 909 1520 950 pac·
1540 907 1573 931 10

175 956 336 996 tionem
375 955 680 1009 descendimus,
723 957 765 995 et
802 954 1107 995 confirmarunt
1144 954 1335 995 consules
1373 968 1416 995 se
1453 954 1520 995 his

176 1014 558 1069 supplicationibus
595 1014 640 1055 in
679 1014 793 1054 hunc
833 1027 990 1054 annum
1029 1027 1116 1054 non
1156 1027 1316 1054 usuros.
1378 1012 1520 1067 Plane,

177 1074 291 1127 quod
316 1073 507 1127 utrisque
534 1072 778 1114 consulibus
803 1072 963 1128 gratias
989 1086 1100 1127 agas,
1126 1074 1200 1126 est,
1225 1070 1359 1112 Paulo
1383 1071 1520 1127 magis

177 1135 307 1186 certe3
346 1147 445 1172 nam
482 1131 707 1172 Marc-ellus
748 1131 808 1172 sic
846 1131 1063 1186 respondit
1095 1130 1150 1185 ei,
1191 1145 1308 1184 spem
1346 1130 1390 1171 in
1428 1130 1520 1171 istis

176 1190 558 1245 supplicationibus
597 1205 684 1231 non
724 1189 898 1245 habere,
941 1188 1132 1244 Paullus,
1177 1204 1220 1230 se
1262 1189 1435 1230 omnino
1475 1189 1572 1230 in15

177 1250 290 1290 hunc
321 1264 477 1290 annum
509 1263 594 1290 non
626 1249 874 1289 edicturum.
936 1247 1244 1289 Renuntiatum
1274 1247 1399 1289 nobis
1430 1250 1520 1289 erat

177 1308 355 1349 Hirrum
383 1308 542 1349 diutius
569 1307 792 1348 dicturum.
853 1306 1105 1347 Prendimus
1131 1321 1244 1361 eum3
1275 1320 1361 1347 non
1392 1306 1519 1347 modo

175 1381 261 1408 non
294 1367 406 1421 fecit,
437 1366 521 1420 sed,
554 1380 649 1406 cum
682 1366 731 1406 de
761 1365 913 1406 hostiis
945 1367 1152 1421 ageretur,
1185 1367 1227 1405 et
1256 1367 1399 1418 posset
1430 1379 1519 1406 rem

176 1425 398 1480 impedire,
436 1425 489 1479 si,
526 1427 574 1465 ut
611 1426 921 1478 numeraretur,
958 1424 1210 1477 postularet,
1242 1423 1392 1478 tacuit3
1430 1426 1519 1464 tan-

176 1488 268 1525 tum
302 1483 453 1525 Catoni
484 1483 683 1524 adsensus
716 1485 795 1537 est,
834 1483 906 1537 qui
937 1483 985 1524 de
1015 1485 1057 1523 te
1088 1482 1254 1523 locutus
1285 1481 1518 1523 honorifice
1539 1494 1572 1519 20

176 1557 262 1584 non
295 1542 483 1583 decrerat
514 1541 853 1596 supplicationes.
915 1540 1084 1582 Tertius
1115 1541 1168 1581 ad
1198 1540 1276 1581 hos
1307 1539 1519 1582 Favonius

177 1601 362 1642 accessit.
424 1600 561 1649 Quare
592 1615 670 1655 pro
702 1600 903 1654 cuiusque
941 1603 1093 1641 natura
1124 1602 1166 1640 et
1198 1599 1395 1641 instituto
1427 1614 1519 1655 gra-

175 1661 260 1701 tiae
292 1662 390 1700 sunt
421 1659 617 1715 agendae,
647 1659 725 1714 his,
758 1659 871 1713 quod
901 1661 1067 1699 tantum
1094 1658 1357 1699 voluntatem
1383 1661 1519 1699 osten-

177 1719 346 1772 derunt,
378 1733 455 1773 pro
488 1718 713 1772 sententia,
746 1732 841 1758 cum
872 1717 1077 1771 impedire
1107 1719 1298 1771 possent,
1329 1731 1414 1758 non
1445 1731 1519 1771 pu-

175 1780 373 1833 gnarunt,
400 1776 574 1818 Curioni
599 1791 712 1831 vero,
744 1776 858 1830 quod
883 1776 932 1817 de
958 1790 1129 1817 suarum
1155 1776 1369 1816 actionum
1395 1790 1519 1817 cursu
1539 1787 1572 1811 25

176 1840 251 1877 tua
282 1851 405 1877 causa
438 1836 618 1877 deflexit.
680 1835 792 1877 Nam
822 1834 1006 1876 Furnius
1038 1838 1080 1876 et
1110 1834 1332 1889 Lentulus,
1373 1837 1421 1875 ut
1453 1834 1518 1875 de-

177 1896 373 1950 buerunt,
406 1895 524 1949 quasi
557 1909 703 1935 eorum
735 1908 800 1934 res
833 1897 952 1948 esset,
984 1908 1067 1934 una
1097 1893 1318 1934 nobiscum
1344 1892 1518 1933 circum-

178 1955 317 1995 ierunt
345 1957 386 1995 et
416 1953 675 1995 laborarunt.
737 1952 862 1993 Balbi
889 1967 1056 2007 quoque
1084 1951 1253 1993 Corneli
1279 1965 1450 2005 operam
1476 1954 1517 1992 et

177 2013 447 2054 sedulitatem
484 2012 655 2053 laudare
692 2026 882 2066 possum,
918 2026 1017 2052 nam
1055 2025 1149 2051 cum
1183 2009 1365 2051 Curione
1396 2009 1517 2050 vehe-

175 2075 340 2112 menter
370 2072 537 2113 loc-utus
570 2074 631 2112 est
663 2073 705 2111 et
737 2085 849 2124 eum,
882 2070 916 2111 si
949 2070 1072 2110 aliter
1103 2068 1286 2123 fecisset,
1317 2067 1516 2109 iniuriam
1537 2080 1571 2105 30

178 2130 344 2170 Caesari
376 2131 587 2171 facturum
621 2129 739 2183 dixit,
770 2131 862 2169 tum
895 2128 983 2169 eius
1015 2128 1141 2169 fidem
1167 2128 1210 2168 in
1235 2126 1517 2181 suspicionem

177 2189 363 2229 adduxit.
425 2188 659 2229 Deci-erant
702 2187 873 2241 quidem
913 2201 1049 2241 neque
1096 2185 1275 2241 transigi
1318 2185 1517 2226 volebant

176 2246 374 2300 Domitii,
415 2247 644 2301 Scipiones.
707 2246 870 2294 Quibus
901 2245 980 2287 hac
1017 2259 1061 2286 re
1092 2244 1145 2285 ad
1175 2244 1518 2285 intercessionem

175 2306 429 2346 evocandam
450 2305 819 2360 interpellantibus
839 2303 1132 2345 venustissime
1153 2301 1280 2344 Curio
1301 2302 1519 2357 respondit
