1659 2552
76 2246 94 2277 2

123 88 208 130 316
620 89 959 124 EPISTULARUM

117 199 299 239 possum.
362 184 420 226 Te
446 187 598 239 tamen,
632 184 674 225 id
700 184 813 238 quod
839 198 974 240 spero,
1007 184 1195 226 omnium
1226 184 1458 226 maximum

117 247 159 285 et
191 244 470 285 clarissimum
502 244 644 285 videre
677 243 812 297 cupio.

744 347 836 389 XV.

213 429 286 465 Ser.
314 429 452 465 Romae
478 431 571 464 inter
603 429 708 463 VIII
727 433 759 463 et
783 429 858 463 ΙΙΙ
879 429 926 463 K.
958 428 1080 474 Quint.
1109 442 1140 464 a.
1170 431 1238 464 711
1267 431 1356 473 (43).

348 512 395 546 M.
424 510 591 545 CICERO
618 510 660 545 D.
688 510 848 545 BRUTO
876 510 970 546 COS.
997 510 1097 545 DES.
1126 511 1159 546 S.
1186 511 1228 546 D.

206 595 298 637 Etsi
331 595 437 636 mihi
475 598 571 636 tuae
602 595 769 635 litterae
807 595 1133 636 iucundissimae
1165 597 1280 649 sunt,
1317 597 1459 636 tamen

118 655 341 695 iucundius
373 654 465 707 fuit,
498 654 612 707 quod
643 653 687 694 in
716 668 879 694 summa
905 654 1179 708 occupatione
1204 656 1277 695 tua
1301 653 1458 694 Planco

119 714 303 769 collegae
341 712 567 766 mandasti,
609 714 657 753 ut
693 715 735 753 te
773 712 880 753 mihi
916 727 992 766 per
1028 712 1192 753 litteras
1224 715 1458 767 excusaret3

119 773 232 826 quod
263 772 362 812 fecit
388 772 458 812 ille
486 771 722 826 diligenter.
783 770 892 811 Mihi
924 774 1064 812 autem
1095 771 1205 812 nihil
1235 771 1458 812 amabilius

119 832 260 872 officio
293 834 366 871 tuo
405 833 447 871 et
485 829 715 885 diligentia.
779 829 1032 871 Coniunctio
1064 833 1138 871 tua
1169 844 1264 871 cum
1297 830 1458 885 collega
1479 843 1511 869 10

118 889 424 943 concordiaque
461 891 618 942 vestra,
659 903 765 942 quae
801 888 956 930 litteris
995 889 1289 930 communibus
1327 889 1459 930 decla-

119 951 209 989 rata
235 950 309 1002 est,
341 948 505 988 senatui
536 947 779 1002 populoque
804 947 998 988 Romano
1030 948 1271 1003 gratissima
1297 947 1459 988 accidit.

119 1006 240 1056 Quod
271 1009 473 1061 superest,
504 1021 644 1061 perge,
674 1006 735 1047 mi
766 1005 909 1060 Brute,
942 1009 983 1047 et
1008 1006 1091 1047 iam
1117 1021 1202 1048 non
1229 1021 1323 1047 cum
1355 1006 1460 1061 aliis,

118 1066 191 1106 sed
220 1068 360 1106 tecum
392 1066 481 1119 ipse
508 1068 631 1106 certa.
692 1064 822 1106 Plura
847 1065 1029 1106 scribere
1057 1080 1143 1106 non
1169 1065 1313 1119 debeo,
1343 1080 1460 1120 prae-

118 1124 264 1165 sertim
296 1124 348 1164 ad
379 1126 432 1178 te,
465 1138 548 1178 quo
580 1123 786 1179 magistro
818 1123 1041 1164 brevitatis
1072 1124 1134 1165 uti
1168 1124 1321 1180 cogito.
1370 1124 1458 1166 Lit-
1479 1136 1511 1161 15

117 1187 228 1224 teras
259 1185 353 1224 tuas
378 1183 649 1224 vehementer
680 1185 888 1237 exspecto,
921 1185 962 1223 et
988 1183 1155 1237 quidem
1183 1183 1292 1238 talis,
1324 1183 1460 1237 qualis

118 1242 300 1283 maxime
334 1244 445 1295 opto.
508 1240 625 1282 Vale.

734 1344 848 1387 XVI.

198 1427 272 1462 Ser.
294 1427 431 1462 Romae
457 1427 550 1462 inter
575 1438 627 1461 επ.
654 1438 698 1461 m.
725 1427 816 1470 Apr.
843 1430 875 1460 et
898 1427 948 1461 in.
980 1426 1102 1471 Quint.
1131 1438 1163 1461 a.
1194 1429 1260 1461 711
1289 1428 1378 1470 (43).

348 1507 395 1543 M.
424 1508 592 1542 CICERO
618 1508 660 1542 D.
688 1507 847 1542 BRUTO
876 1507 970 1542 Cos.
998 1507 1097 1542 DES.
1127 1507 1159 1542 S.
1186 1508 1228 1542 D.
1479 1522 1513 1548 20

206 1591 433 1647 Permagni
465 1592 660 1645 interest,
699 1605 782 1645 quo
814 1591 894 1631 tibi
926 1591 1027 1632 haec
1060 1594 1249 1645 tempore
1282 1591 1460 1646 epistola

119 1651 282 1692 reddita
319 1650 391 1704 sit,
429 1653 572 1691 utrum
610 1664 704 1691 cum
743 1649 1040 1690 sollicitudinis
1079 1650 1240 1704 aliquid
1270 1650 1459 1704 haberes,

119 1725 171 1750 an
215 1724 310 1750 cum
353 1709 405 1749 ab
451 1709 565 1750 omni
609 1709 803 1749 molestia
846 1723 1001 1749 vacuus
1045 1723 1165 1750 esses.
1232 1707 1380 1763 Itaque
1421 1710 1460 1750 ei

118 1768 328 1823 praecepi,
362 1783 486 1822 quem
519 1768 571 1808 ad
601 1770 643 1808 te
674 1767 792 1821 misi,
824 1770 870 1808 ut
901 1770 1068 1822 tempus
1102 1767 1345 1809 observaret
1376 1768 1460 1822 epi-

119 1827 251 1868 stolae
282 1826 363 1867 tibi
395 1827 638 1867 reddendae.
700 1825 829 1879 Nam,
863 1841 986 1880 quem
1019 1826 1072 1867 ad
1101 1826 1286 1880 modum,
1318 1840 1458 1867 coram
1479 1838 1512 1863 25

120 1887 192 1940 qui
230 1885 282 1926 ad
319 1899 396 1926 nos
434 1885 730 1939 intempestive
769 1885 944 1939 adeunt,
984 1885 1153 1926 molesti
1190 1899 1312 1939 saepe
1350 1888 1459 1939 sunt,

120 1945 179 1985 sic
217 1944 419 1998 epistolae
455 1945 673 1985 offendunt
709 1958 795 1984 non
831 1944 924 1984 loco
964 1943 1161 1984 redditae.
1225 1942 1270 1984 Si
1307 1946 1459 1997 autem,

120 2007 167 2044 ut
207 2017 346 2057 spero,
390 2003 498 2043 nihil
538 2005 580 2044 te
620 2002 862 2057 perturbat,
906 2002 1014 2042 nihil
1054 2002 1251 2056 impedit,
1295 2004 1336 2043 et
1376 2001 1459 2055 ille,

120 2062 186 2102 cui
218 2062 426 2116 mandavi,
459 2061 560 2102 satis
592 2062 694 2102 scite
727 2064 768 2102 et
795 2061 1013 2101 commode
1044 2063 1211 2115 tempus
1242 2059 1294 2101 ad
1325 2063 1366 2101 te
1399 2074 1459 2101 ce-

120 2121 183 2173 pit
215 2120 407 2174 adeundi,
439 2120 604 2161 confido
636 2134 715 2174 me,
748 2120 861 2174 quod
886 2119 1031 2174 velim,
1063 2120 1184 2160 facile
1211 2133 1234 2159 a
1258 2121 1299 2159 te
1332 2119 1459 2174 impe-
1479 2131 1513 2156 30

122 2182 342 2219 traturum.
1155 2196 1161 2201 ·

210 2237 254 2277 L.
287 2237 433 2278 Lamia
464 2240 706 2291 praeturam
737 2237 855 2291 petit.
910 2236 1005 2278 Hoc
1037 2251 1115 2292 ego
1141 2238 1239 2277 utor
1264 2250 1348 2277 uno
1375 2250 1461 2277 om-

122 2295 238 2335 nium
280 2296 529 2351 plurimum,
569 2311 723 2351 magna
763 2297 969 2351 vetustas,
1010 2310 1163 2351 magna
1203 2295 1460 2336 consuetudo
