1659 2552
105 1430 125 1459 10

153 88 211 128 34
648 89 989 125 EPISTULARUM

151 183 329 238 perditis
359 185 551 226 moribus
588 185 632 226 in
665 187 849 226 veterem
888 185 1139 240 dignitatem
1172 189 1214 227 et
1253 185 1495 228 libertatem

153 243 452 284 vindicaturus.

788 348 860 390 VI.

564 431 639 465 Ser.
666 430 802 464 Romae
828 441 861 464 a.
893 432 963 465 701
992 431 1082 473 (53).

481 511 529 546 M.
557 510 725 545 CICERO
759 511 793 546 S.
819 511 863 546 D.
891 510 927 546 O.
956 510 1162 546 CURIONI.

238 595 441 637 Nondum
486 598 575 636 erat
624 595 816 636 auditum
858 597 901 636 te
945 595 998 636 ad
1039 594 1209 637 Italiam
1258 595 1496 651 adventare,

152 669 248 695 cum
286 654 378 695 Sex.
417 653 615 707 Villium,
655 653 830 694 Milonis
866 654 950 695 mei
987 654 1258 709 familiarem,
1297 669 1392 696 cum
1427 655 1496 696 hjs

151 713 205 754 ad
241 716 283 754 te
318 713 474 754 litteris
512 713 619 753 misi.
689 711 771 753 Sed
814 715 974 767 tamen,
1017 727 1113 754 cum
1157 714 1495 768 adpropinquare

151 775 251 813 tuus
288 772 493 813 adventus
529 774 768 826 putaretur,
807 774 848 813 et
884 775 926 813 te
964 772 1048 813 iam
1086 787 1137 813 ex
1173 772 1277 813 Asia
1313 771 1494 814 Romam

151 845 297 872 versus
333 832 571 886 profectum
609 845 698 871 esse
735 833 964 885 constaret,
1003 831 1254 887 magnitudo
1291 831 1352 872 rei
1383 831 1495 886 fecit,

151 892 200 931 ut
230 904 316 931 non
347 904 599 944 vereremur,
630 904 682 930 ne
713 890 840 930 nimis
872 890 956 931 cito
987 890 1265 945 mitteremus,
1299 904 1395 931 cum
1418 890 1496 931 has

151 963 278 1003 quam
308 949 495 1003 primum
527 948 579 988 ad
609 951 651 989 te
682 949 860 1002 perferri
889 948 1054 990 litteras
1084 963 1340 1005 magnopere
1371 949 1497 990 velle-

151 1022 255 1048 mus.
317 1007 430 1063 Ego,
471 1008 507 1048 si
544 1022 638 1047 mea
674 1007 719 1048 in
750 1010 792 1048 te
823 1010 962 1048 essent
994 1008 1135 1048 officia
1166 1008 1321 1062 solum,
1355 1006 1496 1063 Curio,

151 1069 290 1121 tanta,
329 1068 488 1120 quanta
523 1066 660 1121 magis
698 1081 722 1107 a
753 1069 794 1107 te
826 1066 918 1121 ipso
949 1067 1183 1121 praedicari
1216 1081 1342 1121 quam
1374 1082 1398 1107 a
1427 1081 1496 1108 me

150 1125 374 1179 ponderari
407 1126 556 1179 solent,
587 1125 864 1166 verecundius
896 1140 920 1166 a
950 1128 1004 1180 te,
1039 1125 1074 1166 si
1107 1139 1213 1180 quae
1243 1140 1398 1182 magna
1428 1139 1495 1167 res

151 1184 257 1225 mihi
288 1184 469 1238 petenda
501 1186 626 1238 esset,
665 1184 980 1239 contenderem,
1016 1199 1145 1240 grave
1183 1186 1246 1225 est
1277 1184 1390 1225 enim
1420 1183 1495 1226 ho-

150 1243 257 1283 mini
293 1243 470 1297 pudenti
507 1245 649 1296 petere
687 1243 849 1297 aliquid
885 1257 1088 1299 magnum
1126 1243 1179 1284 ab
1218 1257 1283 1297 eo,
1323 1243 1373 1284 de
1411 1257 1495 1298 quo

151 1316 195 1343 se
234 1302 341 1342 bene
384 1301 584 1342 meritum
622 1304 763 1355 putet,
804 1316 856 1342 ne
894 1301 957 1357 id,
1000 1302 1114 1356 quod
1149 1304 1286 1356 petat,
1327 1302 1496 1358 exigere

150 1361 288 1415 magis
319 1375 446 1414 quam
477 1374 628 1415 rogare
659 1362 701 1400 et
732 1361 776 1400 in
807 1361 1012 1402 mercedis
1042 1361 1185 1426 potius
1217 1375 1343 1414 quam
1372 1360 1495 1401 bene-

151 1419 237 1460 ficii
268 1419 361 1459 loco
393 1433 614 1459 numerare
645 1418 848 1459 videatur.
912 1418 1005 1473 Sed,
1039 1419 1138 1473 quia
1167 1422 1241 1459 tua
1266 1419 1310 1459 in
1335 1433 1402 1460 me
1427 1418 1496 1460 vel

150 1480 253 1518 nota
285 1477 482 1518 omnibus
507 1477 610 1517 vel
599 1492 691 1531 ipsa
715 1478 903 1518 novitate
929 1492 1121 1518 meorum
1146 1480 1386 1531 temporum
1415 1477 1496 1518 cla-

152 1537 318 1577 rissima
355 1539 396 1576 et
433 1536 617 1576 maxima
654 1536 858 1577 beneficia
895 1537 1146 1591 extiterunt,
1187 1539 1333 1590 estque
1364 1536 1495 1577 animi

151 1595 337 1651 ingenui,
369 1595 435 1635 cui
467 1595 650 1635 multum
683 1595 844 1650 debeas,
877 1595 1012 1636 eidem
1037 1570 1270 1649 'plurimum
1295 1594 1403 1636 velle
1429 1595 1497 1636 de-

152 1654 268 1708 bere,
304 1668 391 1694 non
430 1653 621 1694 dubitavi
659 1653 703 1694 id
739 1669 763 1694 a
799 1657 841 1694 te
878 1668 954 1708 per
984 1654 1148 1695 litteras
1179 1657 1339 1708 petere,
1381 1653 1496 1708 quod

151 1712 257 1753 mihi
289 1712 479 1753 omnium
511 1715 620 1753 esset
651 1713 883 1753 maximum
909 1713 1175 1767 maximeque
1200 1713 1493 1754 necessarium.

150 1771 299 1825 Neque
338 1771 450 1812 enim
482 1785 576 1812 sum
607 1771 784 1826 veritus,
822 1786 874 1812 ne
913 1772 1119 1812 sustinere
1150 1774 1224 1812 tua
1255 1771 1299 1811 in
1330 1786 1397 1812 me
1427 1771 1496 1813 vel

150 1830 477 1871 innumerabilia
507 1844 593 1871 non
623 1844 802 1884 possem,
834 1845 929 1871 cum
960 1831 1209 1885 praesertim
1241 1830 1495 1871 confiderem

149 1889 311 1930 nullam
343 1903 431 1929 esse
456 1889 638 1944 gratiam
663 1892 837 1943 tantam,
870 1904 996 1943 quam
1027 1904 1113 1930 non
1144 1889 1212 1930 vel
1238 1902 1383 1943 capere
1408 1888 1494 1928 anj-

151 1963 244 1989 mus
266 1962 393 1989 vmeus
425 1948 468 1988 in
500 1948 742 2003 accipiendo
774 1949 841 1990 vel
872 1949 916 1989 in
948 1948 1254 1989 remunerando
1281 1946 1494 1988 cumulare

151 2011 277 2061 atque
310 2007 536 2048 inlustrare
562 2010 715 2061 posset.

239 2065 333 2121 Ego
376 2066 517 2106 omnia
557 2081 650 2107 mea
689 2066 849 2121 studia,
894 2081 1062 2107 omnem
1103 2079 1294 2120 operam,
1339 2077 1494 2129 curam,

151 2125 419 2179 industriam,
459 2125 779 2180 cogitationem,
820 2128 1005 2166 mentem
1038 2124 1217 2177 denique
1250 2136 1418 2163 omnem
1448 2122 1495 2164 in

150 2182 322 2223 Milonis
364 2184 583 2224 consulatu
625 2184 700 2224 fixi
741 2159 783 2225 et
822 2184 958 2225 locavi
999 2183 1211 2236 statuique
1252 2182 1296 2221 in
1336 2195 1385 2222 eo
1425 2196 1493 2222 me

150 2255 235 2281 non
268 2242 397 2282 officii
437 2242 574 2283 solum
614 2243 817 2297 fructum,
855 2242 928 2283 sed
965 2241 1092 2282 etiam
1123 2240 1294 2295 pietatis
1325 2239 1494 2281 laudem

152 2300 301 2340 debere
333 2315 549 2356 quaerere,
587 2315 723 2355 neque
754 2315 854 2342 vero
894 2300 1090 2354 cuiquam
1123 2299 1300 2340 salutem
1332 2312 1381 2339 ac
1410 2299 1493 2339 for-

1515 844 1549 870 10

1515 1136 1549 1163 15

1514 1430 1549 1456 20

1515 1723 1549 1749 25

1512 2017 1546 2042 3⁰

1513 2309 1547 2334 35
