1659 2552
77 536 93 562 5

60 830 94 854 10

61 1122 94 1147 15

61 1415 94 1440 20

587 79 730 114 LIBER
754 79 841 114 XIII
868 83 1016 115 68-70,
1373 82 1459 123 417

705 220 855 263 LXIX.

395 301 468 337 Ser.
496 302 650 345 Romae,
674 306 716 336 ut
739 303 892 346 videtur,
918 314 951 337 a.
980 305 1054 339 708
1081 305 1171 347 (46).

336 382 505 417 CICERO
539 383 576 418 P.
605 382 824 418 SERVILIO
851 382 1099 418 COLLEGAE
1127 384 1161 420 S.
1187 385 1217 419 P

203 464 245 507 C.
274 465 446 507 Curtius
470 465 650 507 Mithres
676 470 739 508 est
764 467 836 508 ille
863 467 1045 523 quidem,
1076 471 1124 509 ut
1155 468 1247 523 sois,
1279 468 1459 510 libertus

111 523 324 578 Postumi,
356 525 677 566 familiarissimi
708 526 810 580 mei,
848 526 920 566 sed
957 541 1024 567 me
1056 527 1158 568 colit
1190 530 1232 568 et
1264 531 1460 581 opservat

113 598 244 638 aeque
272 587 398 637 atque
430 584 551 624 illum
584 584 723 637 ipsum
753 587 982 638 patronum
1015 600 1148 626 suum.
1209 585 1339 640 Apud
1363 601 1459 627 eum

113 656 192 697 ego
219 642 279 683 sie
303 642 463 697 Ephesi
490 642 562 696 fui,
596 643 975 697 quotienscum'que
995 644 1069 698 fui,
1100 647 1318 698 tamquam
1345 645 1459 686 domi

112 715 241 755 meae,
272 701 489 755 multaque
516 701 769 756 aeciderunt,
801 702 845 742 in
872 702 1026 756 quibus
1053 705 1095 743 et
1119 703 1460 744 benevolentiam

114 759 203 800 eius
235 774 335 815 erga
366 774 433 800 me
466 760 680 813 experirer
712 763 752 800 et
783 760 921 801 fidem.
983 760 1153 816 Itaque,
1186 762 1221 802 si
1253 763 1356 816 quid
1387 765 1460 803 aut

112 818 220 858 mihi
252 821 324 859 aut
355 832 547 859 meorum
579 818 763 872 cuipiam
794 820 839 860 in
869 819 973 861 Asia
1006 834 1112 873 opus
1144 822 1223 874 est,
1264 821 1317 861 ad
1346 821 1460 862 hune

113 877 295 917 scribere
329 877 544 930 consuevi,
576 877 702 918 huius
734 891 829 918 oum
862 892 990 932 opera
1022 881 1063 919 et
1095 879 1176 919 fide
1208 882 1301 920 tum
1333 880 1458 921 domo

114 937 155 976 et
187 950 231 976 re
264 935 327 976 uti
359 938 577 989 tamquam
608 950 711 976 mea.

200 993 317 1035 Haeo
349 994 402 1034 ad
432 997 474 1035 te
506 1008 554 1035 eo
587 994 782 1048 pluribus
814 995 980 1050 scripsi,
1013 998 1060 1036 ut
1091 995 1360 1051 intellegeres
1392 1011 1459 1037 me

112 1066 199 1093 non
229 1053 259 1106 ἥ-
290 1053 465 1108 vulgare
502 1066 579 1093 nee
616 1053 859 1107 ambitiose,
898 1054 970 1094 sed
1001 1056 1049 1094 ut
1084 1068 1163 1108 pro
1194 1054 1367 1096 homine
1399 1055 1460 1096 in-

113 1111 219 1152 timo
252 1125 300 1152 ae
330 1111 437 1152 mihi
467 1111 779 1165 pernecessario
812 1112 1004 1153 seribere.
1048 1112 1154 1153 Peto
1186 1113 1320 1169 igitur
1350 1128 1375 1154 a
1405 1116 1459 1168 te,
1487 1143 1504 1152 -

114 1172 162 1210 ut
192 1170 237 1210 in
269 1184 317 1211 ea
348 1170 646 1225 controversia,
679 1185 805 1225 quam
836 1170 965 1212 habet
998 1170 1047 1212 de
1078 1171 1210 1212 fundo
1237 1186 1332 1213 cum
1358 1187 1459 1227 quo-

115 1228 211 1269 dam
244 1227 532 1283 Colophonio,
574 1232 615 1269 et
653 1229 697 1269 in
735 1230 885 1270 ceteris
922 1230 1069 1284 rebus,
1110 1232 1316 1284 quantum
1356 1231 1460 1272 fides

113 1289 187 1327 tua
223 1287 426 1341 patietur,
465 1290 755 1341 quantumque
792 1291 866 1328 tuo
899 1288 1122 1329 commodo
1153 1290 1330 1343 poteriS,
1370 1292 1461 1330 tan-

113 1347 206 1386 tum
250 1345 289 1386 ei
331 1345 508 1387 honoris
548 1346 632 1387 mei
674 1360 797 1387 causa
838 1347 1097 1402 commodes3
1140 1348 1240 1401 etsi,
1282 1350 1331 1389 ut
1371 1348 1460 1389 eius

114 1404 366 1445 modestiam
399 1405 592 1460 cognovi,
623 1405 766 1460 gravis
797 1405 879 1446 tibi
909 1405 1027 1446 nulla
1058 1406 1103 1446 in
1133 1420 1178 1446 re
1204 1406 1295 1447 erit.
1346 1405 1391 1448 Si
1419 1410 1459 1448 et

114 1477 208 1503 mea
249 1463 615 1504 commendatione
656 1465 698 1504 et
739 1478 813 1504 sua
851 1464 1066 1518 probitate
1107 1465 1330 1505 adsecutus
1367 1465 1459 1520 erit,

115 1523 162 1561 ut
195 1521 244 1562 de
276 1535 319 1562 se
349 1521 456 1562 bene
489 1521 724 1576 existimes,
757 1523 899 1563 omnia
931 1537 973 1563 se
1005 1523 1204 1577 adeptum
1236 1523 1460 1565 arbitrabi-

115 1582 195 1619 tur
239 1578 300 1620 Ut
326 1580 459 1635 igitur
485 1594 581 1621 eum
612 1580 790 1634 recipias
816 1581 860 1621 in
885 1581 1012 1622 fidem
1043 1581 1283 1635 habeasque
1315 1583 1360 1623 in
1384 1597 1460 1623 nu-

115 1651 232 1678 mero
264 1640 456 1691 tuorum,
487 1641 530 1678 te
561 1638 833 1680 vehementer
863 1639 991 1680 etiam
1023 1642 1149 1693 atque
1181 1640 1309 1681 etiam
1341 1655 1458 1696 rogo.

63 1706 96 1731 25
116 1695 223 1751 Ego,
255 1709 360 1749 quae
392 1699 433 1736 te
460 1696 567 1736 velle
599 1710 789 1750 quaeque
815 1697 868 1737 ad
894 1700 936 1738 te
967 1698 1179 1751 pertinere
1205 1699 1459 1753 arbitraboi,

62 2173 96 2198 30

116 1754 258 1796 omnia
289 1754 475 1794 studiose
508 1754 818 1809 diligenterque
850 1755 1017 1796 curabo.

725 1905 852 1946 LXX.

399 1985 472 2020 Ser.
500 1984 654 2027 Romae,
679 1989 720 2019 ut
743 1985 896 2028 videtwr,
921 1997 954 2020 α.
983 1988 1056 2021 708
1084 1988 1174 2030 (46).

303 2066 352 2101 M.
380 2065 548 2100 CICERO
578 2065 616 2100 P.
644 2065 862 2100 SERVILIO
889 2066 1138 2102 COLLEGAE
1166 2067 1199 2102 S.
1228 2067 1268 2103 P.

205 2161 312 2211 Quia
343 2176 428 2202 non
460 2163 523 2202 est
555 2175 732 2214 opscura
768 2163 842 2202 tua
873 2162 917 2202 111
948 2176 1016 2202 me
1047 2161 1359 2217 benevolentia,
1398 2163 1458 2205 sie

115 2220 182 2274 fit,
213 2223 261 2260 ut
290 2220 416 2261 multi
446 2233 522 2273 per
552 2233 619 2259 me
659 2219 740 2260 tibi
770 2220 904 2260 velint
936 2221 1239 2275 eommendari3
1277 2235 1355 2276 ego
1387 2236 1457 2263 au-

115 2280 202 2319 tem
239 2278 382 2319 tribuo
420 2292 506 2319 non
543 2292 774 2331 numquam
812 2278 856 2318 in
893 2279 1063 2334 vulgus,
1105 2279 1177 2319 sed
1207 2279 1456 2334 plerumque

189 2352 342 2378 Ciceronis
363 2354 449 2384 epist.
477 2353 500 2377 Ι.
1127 2350 1171 2381 27
