1659 2552
602 116 745 151 LIBER
770 117 837 151 VH
864 120 1012 152 15—17.
1398 118 1478 158 185

137 212 279 266 aliqua
315 211 359 252 in
398 211 607 253 sententia
644 211 894 253 constitisse.
954 210 1068 253 Nam
1098 211 1335 266 primorum
1367 227 1480 253 men-

138 285 231 311 sum
268 270 424 311 litteris
462 270 547 311 tuis
578 270 850 312 vehementer
881 270 1196 324 commovebar,
1230 271 1343 324 quod
1373 271 1480 312 mihi

138 329 352 370 interdum
390 327 510 384 (pace
547 331 620 370 tua
652 328 850 385 dixerim)
887 329 992 370 levis
1030 329 1075 369 in
1112 329 1231 370 urbis
1268 329 1481 370 urbanita-

138 388 277 442 tisque
311 388 535 442 desiderio,
568 388 782 429 interdum
812 388 951 443 piger,
983 387 1198 429 interdum
1229 387 1404 428 timidus
1436 389 1480 429 in

103 446 283 488 5labore
314 446 512 501 militari,
544 461 666 501 saepe
698 449 839 487 autem
871 446 1010 500 etiam,
1044 446 1158 500 quod
1188 461 1213 487 a
1243 449 1285 487 te
1317 446 1481 487 alienis-

140 505 348 559 simumst,
380 505 684 560 subimpudens
709 505 918 546 videbare.
979 505 1215 559 Tamquam
1247 505 1359 546 enim
1386 520 1481 558 syn-

138 564 345 619 grapham
388 564 441 604 ad
484 564 804 619 imperatorem,
852 578 939 604 non
983 564 1208 618 epistulam
1254 564 1479 618 attulisseS,

139 623 199 663 sic
229 622 407 676 pecunia
439 622 580 663 ablata
612 623 784 664 domum
816 622 952 663 redire
983 623 1261 677 properabas,
1292 636 1369 663 nec
1400 622 1482 663 tibi

140 681 183 722 in
214 683 399 722 mentem
425 681 622 722 veniebat
654 695 724 723 eos
756 681 881 735 ipsos,
913 681 986 735 qui
1013 695 1108 722 cum
1137 681 1390 737 syngraphis
1415 696 1482 722 ve-

87 753 120 778 10
139 740 300 780 nissent
330 739 658 794 Alexandream,
698 754 920 780 nummum
952 740 1089 781 adhuc
1119 740 1285 781 nullum
1317 740 1481 780 auferre

140 798 339 853 potuisse.
400 798 495 854 Ego
528 798 563 839 si
593 798 679 840 mei
711 798 922 845 commodi
953 799 1162 839 rationem
1195 799 1408 853 ducerem,
1439 801 1481 839 te

139 871 304 898 mecum
336 871 424 898 esse
455 857 638 898 maxime
670 857 839 912 vellem3
880 871 966 898 non
1004 857 1117 898 enim
1147 857 1351 898 mediocri
1383 857 1482 898 adfi—

141 916 282 957 ciebar
311 916 380 957 vel
416 916 635 970 voluptate
673 930 724 957 ex
762 915 1064 957 consuetudine
1094 918 1240 957 nostra
1271 916 1339 958 vel
1370 916 1484 956 utili-

140 977 227 1015 tate
259 989 309 1015 ex
341 974 518 1015 consilio
550 977 676 1028 atque
709 989 836 1028 opera
866 977 960 1029 tua,
992 975 1081 1029 sed,
1115 988 1209 1015 cum
1234 977 1277 1015 te
1303 990 1354 1015 ex
1386 975 1484 1015 adu-

89 1033 340 1075 15lescentia
370 1035 444 1074 tua
475 1033 519 1074 in
551 1033 782 1074 amicitiam
814 1035 855 1074 et
895 1033 1022 1074 fidem
1053 1047 1191 1074 meam
1223 1033 1484 1088 contulisses,

141 1106 306 1146 semper
335 1094 377 1133 te
407 1106 494 1133 non
524 1092 651 1133 modo
682 1092 887 1132 tuendum
918 1092 1036 1146 mihi,
1068 1092 1142 1133 sed
1172 1092 1300 1133 etiam
1332 1106 1486 1147 augen-

142 1151 242 1191 dum
274 1153 400 1205 atque
432 1151 668 1192 ornandum
698 1150 856 1205 putavi.
916 1149 1083 1205 Itaque,
1116 1151 1256 1205 quoad
1288 1151 1485 1204 opinatus

141 1224 235 1250 sum
265 1224 333 1250 me
363 1209 408 1250 in
437 1209 701 1264 provinciam
733 1209 957 1263 exiturum,
990 1224 1096 1263 quae
1128 1209 1181 1250 ad
1205 1212 1247 1250 te
1272 1210 1385 1250 ultro
1420 1209 1486 1250 de-

141 1268 330 1323 tulerim,
368 1268 610 1309 meminisse
646 1270 689 1309 te
728 1268 862 1309 credo.
923 1267 1206 1322 Posteaquam
1245 1282 1292 1308 ea
1322 1270 1486 1308 mutata

90 1340 123 1365 20
143 1327 311 1380 ratiost,
352 1340 447 1368 cum
478 1327 665 1368 viderem
696 1341 764 1368 me
795 1341 820 1367 a
852 1325 1027 1368 Caesare
1057 1327 1486 1367 honorificentissime

141 1386 315 1426 tractari
347 1388 389 1427 et
419 1385 541 1426 unice
574 1385 696 1441 diligi
727 1385 997 1439 hominisque
1021 1385 1324 1426 liberalitatem
1355 1385 1487 1425 incre-

144 1444 318 1485 dibilem
355 1447 397 1485 et
434 1444 693 1500 singularem
732 1444 860 1485 fidem
900 1458 1088 1498 nossem,
1130 1444 1190 1484 sic
1228 1443 1266 1484 ei
1302 1446 1345 1484 te
1376 1457 1487 1496 qom-

142 1502 338 1544 mendavi
369 1505 411 1544 et
436 1503 604 1557 tradidi,
635 1506 683 1544 ut
708 1502 957 1558 gravissime
983 1502 1390 1558 diligentissimeque
1415 1516 1487 1556 po—

143 1561 218 1601 tui.
280 1560 403 1610 Quod
438 1561 510 1602 ille
547 1561 608 1602 ita
645 1564 687 1602 et
727 1562 887 1615 accepit
931 1564 974 1602 et
1015 1562 1123 1602 mihi
1168 1575 1289 1615 saepe
1333 1561 1488 1601 litteris

92 1631 125 1656 ‘25
146 1619 401 1674 significavit
438 1622 480 1660 et
516 1620 597 1660 tibi
635 1622 677 1660 et
707 1620 849 1661 verbis
887 1622 928 1660 et
959 1634 1004 1661 re
1037 1620 1222 1661 ostendit
1253 1633 1347 1660 mea
1379 1633 1488 1660 com-

144 1677 413 1718 mendatione
439 1692 527 1718 sese
552 1678 674 1718 valde
699 1692 788 1719 esse
814 1681 1084 1719 commotum.
1125 1678 1252 1719 Hunc
1276 1680 1323 1718 tu
1348 1678 1487 1718 virum

145 1738 311 1790 nactus,
348 1736 384 1776 si
421 1751 488 1776 me
520 1738 592 1776 aut
629 1751 774 1790 sapere
813 1736 974 1790 aliquid
1011 1739 1084 1777 aut
1114 1737 1222 1777 velle
1259 1739 1334 1776 tua
1365 1750 1488 1776 causa

145 1797 287 1848 putas,
323 1808 376 1835 ne
409 1794 618 1835 dimiseris
649 1797 711 1848 et,
741 1796 779 1836 si
811 1809 916 1848 quae
948 1797 989 1835 te
1021 1796 1131 1835 forte
1163 1809 1229 1836 res
1261 1795 1487 1848 aliquando

148 1853 381 1906 offenderit,
414 1866 508 1893 cum
534 1853 606 1893 ille
632 1855 704 1893 aut
731 1853 1005 1907 occupatione
1032 1856 1105 1894 aut
1130 1853 1381 1894 difficultate
1406 1855 1488 1893 tar-

95 1924 127 1949 30
148 1912 241 1952 dior
271 1911 351 1952 tibi
383 1911 464 1951 erit
494 1911 620 1965 visus,
650 1912 837 1965 perferto
864 1914 905 1952 et
930 1912 1081 1952 ultima
1112 1913 1363 1966 expectato3,
1383 1925 1488 1964 quae

147 1985 226 2026 ego
265 1969 347 2011 tibi
387 1969 570 2010 iucunda
611 1972 652 2010 et
691 1969 869 2010 honesta
908 1969 1144 2023 praestabo.
1205 1969 1406 2010 Pluribus
1446 1971 1487 2009 te
1518 1991 1522 1994 -

145 2028 310 2070 hortari
351 2043 438 2069 non
482 2028 634 2082 debeof,
676 2030 844 2068 tantum
882 2042 1056 2082 moneo,
1099 2041 1235 2081 neque
1280 2027 1489 2068 amicitiae

148 2087 458 2128 confirmandae
490 2086 712 2127 clarissimi
738 2100 785 2127 ac
809 2086 1096 2127 liberalissimi
1122 2086 1203 2127 viri
1228 2100 1364 2140 neque
1391 2085 1490 2126 ube-

147 2145 271 2187 rioris
302 2145 545 2201 provinciae
575 2159 711 2199 neque
743 2144 893 2185 aetatis
923 2145 1060 2200 magis
1086 2144 1286 2185 idoneum
1311 2147 1489 2198 tempus,

94 2215 128 2241 35
148 2205 183 2245 si
219 2204 301 2245 hoc
338 2204 548 2258 amiseris,
591 2206 634 2244 te
672 2217 760 2244 esse
800 2203 935 2244 ullum
972 2218 1174 2257 umquam
1212 2205 1489 2257 reperturum.

148 2262 290 2317 tHoc’,
322 2277 447 2317 quem
479 2263 532 2303 ad
561 2261 734 2303 modum
766 2276 841 2302 vos
873 2261 1055 2303 scribere
1087 2261 1232 2302 soletis
1264 2262 1308 2302 in
1338 2261 1490 2302 vestris

146 2321 286 2376 libris,
330 2321 463 2363 ‘idem
501 2320 546 2370 Q.
581 2319 777 2362 Cornelio
814 2320 1070 2361 videbatur'.
1136 2318 1187 2361 In
1223 2319 1490 2361 Britanniam
