<?xml version="1.0" encoding="UTF-8"?>
<!DOCTYPE html PUBLIC "-//W3C//DTD XHTML 1.0 Transitional//EN"
    "http://www.w3.org/TR/xhtml1/DTD/xhtml1-transitional.dtd">
<html xmlns="http://www.w3.org/1999/xhtml" xml:lang="en" lang="en">
 <head>
  <title>
</title>
<meta http-equiv="Content-Type" content="text/html;charset=utf-8" />
  <meta name='ocr-system' content='tesseract 3.04.00' />
  <meta name='ocr-capabilities' content='ocr_page ocr_carea ocr_par ocr_line ocrx_word'/>
</head>
<body>
  <div class='ocr_page' id='page_1' title='image "./p1scriptaquaemanse03ciceuoft_0306.png"; bbox 0 0 1659 2552; ppageno 0'>
   <div class='ocr_carea' id='block_1_1' title="bbox 114 689 131 719">
    <p class='ocr_par' dir='ltr' id='par_1_1' title="bbox 114 689 131 719">
     <span class='ocr_line' id='line_1_1' title="bbox 114 689 131 719; baseline 0 0"><span class='ocrx_word' id='word_1_1' title='bbox 114 689 131 719; x_wconf 91' lang='lat'>1</span> 
     </span>
    </p>
   </div>
   <div class='ocr_carea' id='block_1_2' title="bbox 112 2266 131 2295">
    <p class='ocr_par' dir='ltr' id='par_1_2' title="bbox 112 2266 131 2295">
     <span class='ocr_line' id='line_1_2' title="bbox 112 2266 131 2295; baseline 0.158 -3"><span class='ocrx_word' id='word_1_2' title='bbox 112 2266 131 2295; x_wconf 82' lang='lat'>3</span> 
     </span>
    </p>
   </div>
   <div class='ocr_carea' id='block_1_3' title="bbox 155 109 994 154">
    <p class='ocr_par' dir='ltr' id='par_1_3' title="bbox 155 109 994 154">
     <span class='ocr_line' id='line_1_3' title="bbox 155 109 994 154; baseline -0.011 -2"><span class='ocrx_word' id='word_1_3' title='bbox 155 112 241 154; x_wconf 78' lang='lat'><strong>204</strong></span> <span class='ocrx_word' id='word_1_4' title='bbox 656 109 994 146; x_wconf 80' lang='lat' dir='ltr'><strong>EPISTULARUM</strong></span> 
     </span>
    </p>
   </div>
   <div class='ocr_carea' id='block_1_4' title="bbox 156 204 1501 321">
    <p class='ocr_par' dir='ltr' id='par_1_4' title="bbox 156 204 1501 321">
     <span class='ocr_line' id='line_1_4' title="bbox 156 204 1501 260; baseline -0.001 -11"><span class='ocrx_word' id='word_1_5' title='bbox 156 208 312 249; x_wconf 88' lang='lat' dir='ltr'><strong>tarium</strong></span> <span class='ocrx_word' id='word_1_6' title='bbox 354 221 494 248; x_wconf 88' lang='lat' dir='ltr'><strong>rerum</strong></span> <span class='ocrx_word' id='word_1_7' title='bbox 537 207 794 248; x_wconf 85' lang='lat' dir='ltr'><strong>urbanarum</strong></span> <span class='ocrx_word' id='word_1_8' title='bbox 835 206 1021 260; x_wconf 89' lang='lat' dir='ltr'><strong>primum</strong></span> <span class='ocrx_word' id='word_1_9' title='bbox 1066 204 1160 245; x_wconf 88' lang='lat' dir='ltr'><strong>dedi</strong></span> <span class='ocrx_word' id='word_1_10' title='bbox 1200 204 1246 246; x_wconf 91' lang='lat' dir='ltr'><strong>L.</strong></span> <span class='ocrx_word' id='word_1_11' title='bbox 1289 204 1501 248; x_wconf 79' lang='lat' dir='ltr'>Castrinio</span> 
     </span>
     <span class='ocr_line' id='line_1_5' title="bbox 156 263 1323 321; baseline -0.003 -14"><span class='ocrx_word' id='word_1_12' title='bbox 156 266 299 321; x_wconf 85' lang='lat' dir='ltr'><strong>Paeto,</strong></span> <span class='ocrx_word' id='word_1_13' title='bbox 332 266 561 307; x_wconf 91' lang='lat' dir='ltr'><strong>secundum</strong></span> <span class='ocrx_word' id='word_1_14' title='bbox 595 266 645 320; x_wconf 88' lang='lat' dir='ltr'><strong>ei,</strong></span> <span class='ocrx_word' id='word_1_15' title='bbox 678 265 750 320; x_wconf 88' lang='lat' dir='ltr'><strong>qui</strong></span> <span class='ocrx_word' id='word_1_16' title='bbox 781 265 857 306; x_wconf 87' lang='lat' dir='ltr'><strong>has</strong></span> <span class='ocrx_word' id='word_1_17' title='bbox 888 264 1053 305; x_wconf 79' lang='lat' dir='ltr'><strong>litteras</strong></span> <span class='ocrx_word' id='word_1_18' title='bbox 1084 263 1165 304; x_wconf 91' lang='lat' dir='ltr'><strong>tibi</strong></span> <span class='ocrx_word' id='word_1_19' title='bbox 1198 263 1323 305; x_wconf 83' lang='lat' dir='ltr'><strong>dedit.</strong></span> 
     </span>
    </p>
   </div>
   <div class='ocr_carea' id='block_1_5' title="bbox 381 391 1275 529">
    <p class='ocr_par' dir='ltr' id='par_1_5' title="bbox 381 391 1275 529">
     <span class='ocr_line' id='line_1_6' title="bbox 797 391 873 434; baseline 0 0"><span class='ocrx_word' id='word_1_20' title='bbox 797 391 873 434; x_wconf 82' lang='lat'>111.</span> 
     </span>
     <span class='ocr_line' id='line_1_7' title="bbox 381 484 1275 529; baseline -0.002 -8"><span class='ocrx_word' id='word_1_21' title='bbox 381 485 455 521; x_wconf 80' lang='lat' dir='ltr'><strong>Ser.</strong></span> <span class='ocrx_word' id='word_1_22' title='bbox 484 486 620 520; x_wconf 81' lang='lat' dir='ltr'><strong>Romae</strong></span> <span class='ocrx_word' id='word_1_23' title='bbox 646 486 727 521; x_wconf 79' lang='lat' dir='ltr'><strong>circ.</strong></span> <span class='ocrx_word' id='word_1_24' title='bbox 756 485 821 519; x_wconf 92' lang='lat' dir='ltr'><strong>IV</strong></span> <span class='ocrx_word' id='word_1_25' title='bbox 839 484 898 519; x_wconf 85' lang='lat' dir='ltr'><strong>Id.</strong></span> <span class='ocrx_word' id='word_1_26' title='bbox 925 484 1009 519; x_wconf 78' lang='lat' dir='ltr'><strong>Iun.</strong></span> <span class='ocrx_word' id='word_1_27' title='bbox 1037 497 1070 519; x_wconf 85' lang='lat' dir='ltr'><strong>a.</strong></span> <span class='ocrx_word' id='word_1_28' title='bbox 1098 487 1170 520; x_wconf 82' lang='lat'><strong>703</strong></span> <span class='ocrx_word' id='word_1_29' title='bbox 1197 487 1275 529; x_wconf 89' lang='lat'><em>(51)</em></span> 
     </span>
    </p>
   </div>
   <div class='ocr_carea' id='block_1_6' title="bbox 570 577 1557 618">
    <p class='ocr_par' dir='ltr' id='par_1_6' title="bbox 570 577 1557 618">
     <span class='ocr_line' id='line_1_8' title="bbox 570 577 1557 618; baseline 0.001 -6"><span class='ocrx_word' id='word_1_30' title='bbox 570 578 768 613; x_wconf 83' lang='lat' dir='ltr'>CAELIUS</span> <span class='ocrx_word' id='word_1_31' title='bbox 795 577 1019 613; x_wconf 86' lang='lat' dir='ltr'>CICERONI</span> <span class='ocrx_word' id='word_1_32' title='bbox 1048 577 1082 613; x_wconf 88' lang='lat' dir='ltr'><strong>S.</strong></span> <span class='ocrx_word' id='word_1_33' title='bbox 1539 591 1557 618; x_wconf 85' lang='lat'><strong>5</strong></span> 
     </span>
    </p>
   </div>
   <div class='ocr_carea' id='block_1_7' title="bbox 157 673 1555 2372">
    <p class='ocr_par' dir='ltr' id='par_1_7' title="bbox 157 673 1555 1946">
     <span class='ocr_line' id='line_1_9' title="bbox 251 673 1503 730; baseline 0 -14"><span class='ocrx_word' id='word_1_34' title='bbox 251 675 412 716; x_wconf 80' lang='lat' dir='ltr'><strong>Estne?</strong></span> <span class='ocrx_word' id='word_1_35' title='bbox 449 675 531 715; x_wconf 85' lang='lat' dir='ltr'><strong>vici</strong></span> <span class='ocrx_word' id='word_1_36' title='bbox 565 677 607 716; x_wconf 89' lang='lat' dir='ltr'><strong>et</strong></span> <span class='ocrx_word' id='word_1_37' title='bbox 637 674 719 715; x_wconf 90' lang='lat' dir='ltr'><strong>tibi</strong></span> <span class='ocrx_word' id='word_1_38' title='bbox 751 688 890 728; x_wconf 88' lang='lat' dir='ltr'><strong>saepe,</strong></span> <span class='ocrx_word' id='word_1_39' title='bbox 928 673 1043 728; x_wconf 91' lang='lat' dir='ltr'><strong>quod</strong></span> <span class='ocrx_word' id='word_1_40' title='bbox 1078 688 1256 730; x_wconf 86' lang='lat' dir='ltr'><strong>negaras</strong></span> <span class='ocrx_word' id='word_1_41' title='bbox 1288 673 1503 716; x_wconf 80' lang='lat' dir='ltr'>discedens</span> 
     </span>
     <span class='ocr_line' id='line_1_10' title="bbox 161 732 1503 788; baseline -0.001 -13"><span class='ocrx_word' id='word_1_42' title='bbox 161 738 405 775; x_wconf 89' lang='lat' dir='ltr'><strong>curaturum</strong></span> <span class='ocrx_word' id='word_1_43' title='bbox 445 733 544 787; x_wconf 81' lang='lat' dir='ltr'><strong>tibi,</strong></span> <span class='ocrx_word' id='word_1_44' title='bbox 581 733 746 774; x_wconf 75' lang='lat' dir='ltr'><strong>litteras</strong></span> <span class='ocrx_word' id='word_1_45' title='bbox 777 733 933 773; x_wconf 80' lang='lat' dir='ltr'><strong>mitto?</strong></span> <span class='ocrx_word' id='word_1_46' title='bbox 993 732 1089 787; x_wconf 86' lang='lat' dir='ltr'><strong>Est,</strong></span> <span class='ocrx_word' id='word_1_47' title='bbox 1130 733 1339 787; x_wconf 83' lang='lat' dir='ltr'><strong>siquidem</strong></span> <span class='ocrx_word' id='word_1_48' title='bbox 1369 733 1503 788; x_wconf 89' lang='lat' dir='ltr'><strong>perfe-</strong></span> 
     </span>
     <span class='ocr_line' id='line_1_11' title="bbox 160 791 1503 847; baseline -0.001 -13"><span class='ocrx_word' id='word_1_49' title='bbox 160 797 323 847; x_wconf 90' lang='lat' dir='ltr'><strong>runtur,</strong></span> <span class='ocrx_word' id='word_1_50' title='bbox 356 807 459 846; x_wconf 84' lang='lat' dir='ltr'><strong>quas</strong></span> <span class='ocrx_word' id='word_1_51' title='bbox 480 792 543 833; x_wconf 92' lang='lat' dir='ltr'><strong>do.</strong></span> <span class='ocrx_word' id='word_1_52' title='bbox 584 791 727 846; x_wconf 90' lang='lat' dir='ltr'><strong>Atque</strong></span> <span class='ocrx_word' id='word_1_53' title='bbox 757 791 839 832; x_wconf 92' lang='lat' dir='ltr'><strong>hoc</strong></span> <span class='ocrx_word' id='word_1_54' title='bbox 865 806 913 833; x_wconf 89' lang='lat' dir='ltr'><strong>eo</strong></span> <span class='ocrx_word' id='word_1_55' title='bbox 941 791 1188 847; x_wconf 86' lang='lat' dir='ltr'><strong>diligentius</strong></span> <span class='ocrx_word' id='word_1_56' title='bbox 1219 792 1346 846; x_wconf 88' lang='lat' dir='ltr'><strong>facio,</strong></span> <span class='ocrx_word' id='word_1_57' title='bbox 1377 792 1503 847; x_wconf 90' lang='lat' dir='ltr'><strong>quod,</strong></span> 
     </span>
     <span class='ocr_line' id='line_1_12' title="bbox 161 850 1503 906; baseline 0 -14"><span class='ocrx_word' id='word_1_58' title='bbox 161 866 256 892; x_wconf 91' lang='lat' dir='ltr'><strong>cum</strong></span> <span class='ocrx_word' id='word_1_59' title='bbox 289 851 449 892; x_wconf 85' lang='lat' dir='ltr'><strong>otiosus</strong></span> <span class='ocrx_word' id='word_1_60' title='bbox 481 865 591 905; x_wconf 90' lang='lat' dir='ltr'><strong>sum,</strong></span> <span class='ocrx_word' id='word_1_61' title='bbox 622 851 764 905; x_wconf 87' lang='lat' dir='ltr'><strong>plane,</strong></span> <span class='ocrx_word' id='word_1_62' title='bbox 796 850 869 891; x_wconf 87' lang='lat' dir='ltr'><strong>ubi</strong></span> <span class='ocrx_word' id='word_1_63' title='bbox 903 850 1106 891; x_wconf 80' lang='lat' dir='ltr'><strong>delectem</strong></span> <span class='ocrx_word' id='word_1_64' title='bbox 1138 850 1318 892; x_wconf 92' lang='lat' dir='ltr'><strong>otiolum</strong></span> <span class='ocrx_word' id='word_1_65' title='bbox 1348 865 1503 906; x_wconf 92' lang='lat' dir='ltr'><strong>meum,</strong></span> 
     </span>
     <span class='ocr_line' id='line_1_13' title="bbox 160 909 1555 963; baseline 0 -12"><span class='ocrx_word' id='word_1_66' title='bbox 160 925 245 951; x_wconf 88' lang='lat' dir='ltr'><strong>non</strong></span> <span class='ocrx_word' id='word_1_67' title='bbox 286 910 432 951; x_wconf 87' lang='lat' dir='ltr'><strong>habeo.</strong></span> <span class='ocrx_word' id='word_1_68' title='bbox 494 909 558 950; x_wconf 88' lang='lat' dir='ltr'><strong>Tu</strong></span> <span class='ocrx_word' id='word_1_69' title='bbox 600 923 695 950; x_wconf 93' lang='lat' dir='ltr'><strong>cum</strong></span> <span class='ocrx_word' id='word_1_70' title='bbox 732 909 892 950; x_wconf 89' lang='lat' dir='ltr'><strong>Romae</strong></span> <span class='ocrx_word' id='word_1_71' title='bbox 931 923 1038 963; x_wconf 88' lang='lat' dir='ltr'><strong>eras,</strong></span> <span class='ocrx_word' id='word_1_72' title='bbox 1078 909 1160 950; x_wconf 92' lang='lat' dir='ltr'><strong>hoc</strong></span> <span class='ocrx_word' id='word_1_73' title='bbox 1195 909 1302 950; x_wconf 91' lang='lat' dir='ltr'><strong>mihi</strong></span> <span class='ocrx_word' id='word_1_74' title='bbox 1340 912 1501 951; x_wconf 86' lang='lat' dir='ltr'><strong>certum</strong></span> <span class='ocrx_word' id='word_1_75' title='bbox 1522 922 1555 947; x_wconf 88' lang='lat'><strong>10</strong></span> 
     </span>
     <span class='ocr_line' id='line_1_14' title="bbox 161 968 1502 1024; baseline 0 -15"><span class='ocrx_word' id='word_1_76' title='bbox 161 984 208 1010; x_wconf 86' lang='lat' dir='ltr'><strong>ac</strong></span> <span class='ocrx_word' id='word_1_77' title='bbox 234 969 583 1009; x_wconf 89' lang='lat' dir='ltr'><strong>iucundissimum</strong></span> <span class='ocrx_word' id='word_1_78' title='bbox 609 969 776 1010; x_wconf 82' lang='lat' dir='ltr'><strong>vacanti</strong></span> <span class='ocrx_word' id='word_1_79' title='bbox 804 968 1025 1024; x_wconf 86' lang='lat' dir='ltr'><strong>negotium</strong></span> <span class='ocrx_word' id='word_1_80' title='bbox 1051 971 1152 1022; x_wconf 90' lang='lat' dir='ltr'><strong>erat,</strong></span> <span class='ocrx_word' id='word_1_81' title='bbox 1184 971 1323 1010; x_wconf 91' lang='lat' dir='ltr'><strong>tecum</strong></span> <span class='ocrx_word' id='word_1_82' title='bbox 1356 968 1399 1009; x_wconf 93' lang='lat' dir='ltr'><strong>id</strong></span> <span class='ocrx_word' id='word_1_83' title='bbox 1425 969 1502 1010; x_wconf 92' lang='lat' dir='ltr'><strong>otii</strong></span> 
     </span>
     <span class='ocr_line' id='line_1_15' title="bbox 160 1027 1503 1082; baseline 0 -14"><span class='ocrx_word' id='word_1_84' title='bbox 160 1031 326 1082; x_wconf 89' lang='lat' dir='ltr'><strong>tempus</strong></span> <span class='ocrx_word' id='word_1_85' title='bbox 359 1042 622 1082; x_wconf 83' lang='lat' dir='ltr'><strong>consumere3</strong></span> <span class='ocrx_word' id='word_1_86' title='bbox 654 1027 780 1081; x_wconf 92' lang='lat' dir='ltr'><strong>idque</strong></span> <span class='ocrx_word' id='word_1_87' title='bbox 806 1041 892 1068; x_wconf 91' lang='lat' dir='ltr'><strong>non</strong></span> <span class='ocrx_word' id='word_1_88' title='bbox 917 1027 1188 1068; x_wconf 79' lang='lat' dir='ltr'><strong>mediocriter</strong></span> <span class='ocrx_word' id='word_1_89' title='bbox 1220 1027 1424 1081; x_wconf 90' lang='lat' dir='ltr'><strong>desidero,</strong></span> <span class='ocrx_word' id='word_1_90' title='bbox 1455 1030 1503 1068; x_wconf 92' lang='lat' dir='ltr'><strong>ut</strong></span> 
     </span>
     <span class='ocr_line' id='line_1_16' title="bbox 159 1085 1503 1140; baseline 0 -13"><span class='ocrx_word' id='word_1_91' title='bbox 159 1086 265 1127; x_wconf 90' lang='lat' dir='ltr'><strong>mihi</strong></span> <span class='ocrx_word' id='word_1_92' title='bbox 291 1101 376 1127; x_wconf 92' lang='lat' dir='ltr'><strong>non</strong></span> <span class='ocrx_word' id='word_1_93' title='bbox 401 1086 528 1127; x_wconf 91' lang='lat' dir='ltr'><strong>modo</strong></span> <span class='ocrx_word' id='word_1_94' title='bbox 554 1086 668 1127; x_wconf 88' lang='lat' dir='ltr'><strong>solus</strong></span> <span class='ocrx_word' id='word_1_95' title='bbox 695 1100 800 1140; x_wconf 90' lang='lat' dir='ltr'><strong>esse,</strong></span> <span class='ocrx_word' id='word_1_96' title='bbox 832 1086 905 1127; x_wconf 89' lang='lat' dir='ltr'><strong>sed</strong></span> <span class='ocrx_word' id='word_1_97' title='bbox 929 1085 1090 1127; x_wconf 84' lang='lat' dir='ltr'><strong>Romae</strong></span> <span class='ocrx_word' id='word_1_98' title='bbox 1115 1089 1157 1127; x_wconf 85' lang='lat' dir='ltr'><strong>te</strong></span> <span class='ocrx_word' id='word_1_99' title='bbox 1187 1086 1380 1140; x_wconf 87' lang='lat' dir='ltr'><strong>profecto</strong></span> <span class='ocrx_word' id='word_1_100' title='bbox 1406 1085 1503 1127; x_wconf 91' lang='lat' dir='ltr'><strong>soli-</strong></span> 
     </span>
     <span class='ocr_line' id='line_1_17' title="bbox 159 1144 1502 1201; baseline 0 -16"><span class='ocrx_word' id='word_1_101' title='bbox 159 1145 262 1186; x_wconf 85' lang='lat' dir='ltr'><strong>tudo</strong></span> <span class='ocrx_word' id='word_1_102' title='bbox 294 1145 488 1186; x_wconf 86' lang='lat' dir='ltr'><strong>videatur</strong></span> <span class='ocrx_word' id='word_1_103' title='bbox 518 1145 645 1199; x_wconf 88' lang='lat' dir='ltr'><strong>facta,</strong></span> <span class='ocrx_word' id='word_1_104' title='bbox 683 1147 742 1199; x_wconf 85' lang='lat' dir='ltr'><strong>et,</strong></span> <span class='ocrx_word' id='word_1_105' title='bbox 780 1144 870 1198; x_wconf 87' lang='lat' dir='ltr'><strong>qui,</strong></span> <span class='ocrx_word' id='word_1_106' title='bbox 908 1159 1014 1198; x_wconf 85' lang='lat' dir='ltr'><strong>quae</strong></span> <span class='ocrx_word' id='word_1_107' title='bbox 1050 1159 1144 1185; x_wconf 90' lang='lat' dir='ltr'><strong>mea</strong></span> <span class='ocrx_word' id='word_1_108' title='bbox 1180 1144 1502 1201; x_wconf 86' lang='lat' dir='ltr'><strong>neglegentiast,</strong></span> 
     </span>
     <span class='ocr_line' id='line_1_18' title="bbox 159 1203 1554 1259; baseline 0 -15"><span class='ocrx_word' id='word_1_109' title='bbox 159 1204 316 1245; x_wconf 90' lang='lat' dir='ltr'><strong>multos</strong></span> <span class='ocrx_word' id='word_1_110' title='bbox 342 1218 464 1257; x_wconf 85' lang='lat' dir='ltr'><strong>saepe</strong></span> <span class='ocrx_word' id='word_1_111' title='bbox 491 1203 579 1244; x_wconf 90' lang='lat' dir='ltr'><strong>dies</strong></span> <span class='ocrx_word' id='word_1_112' title='bbox 604 1203 656 1244; x_wconf 92' lang='lat' dir='ltr'><strong>ad</strong></span> <span class='ocrx_word' id='word_1_113' title='bbox 687 1206 740 1258; x_wconf 87' lang='lat' dir='ltr'><strong>te,</strong></span> <span class='ocrx_word' id='word_1_114' title='bbox 773 1218 867 1244; x_wconf 93' lang='lat' dir='ltr'><strong>cum</strong></span> <span class='ocrx_word' id='word_1_115' title='bbox 893 1203 963 1244; x_wconf 90' lang='lat' dir='ltr'><strong>hic</strong></span> <span class='ocrx_word' id='word_1_116' title='bbox 989 1218 1091 1257; x_wconf 89' lang='lat' dir='ltr'><strong>eras,</strong></span> <span class='ocrx_word' id='word_1_117' title='bbox 1122 1217 1208 1244; x_wconf 92' lang='lat' dir='ltr'><strong>non</strong></span> <span class='ocrx_word' id='word_1_118' title='bbox 1239 1203 1500 1259; x_wconf 88' lang='lat' dir='ltr'><strong>accedebam,</strong></span> <span class='ocrx_word' id='word_1_119' title='bbox 1520 1214 1554 1240; x_wconf 85' lang='lat'><strong>15</strong></span> 
     </span>
     <span class='ocr_line' id='line_1_19' title="bbox 159 1262 1502 1316; baseline 0.001 -14"><span class='ocrx_word' id='word_1_120' title='bbox 159 1276 271 1303; x_wconf 91' lang='lat' dir='ltr'><strong>nunc</strong></span> <span class='ocrx_word' id='word_1_121' title='bbox 303 1262 477 1303; x_wconf 87' lang='lat' dir='ltr'><strong>cottidie</strong></span> <span class='ocrx_word' id='word_1_122' title='bbox 508 1276 593 1303; x_wconf 91' lang='lat' dir='ltr'><strong>non</strong></span> <span class='ocrx_word' id='word_1_123' title='bbox 625 1276 713 1303; x_wconf 90' lang='lat' dir='ltr'><strong>esse</strong></span> <span class='ocrx_word' id='word_1_124' title='bbox 744 1264 803 1316; x_wconf 92' lang='lat' dir='ltr'><strong>te,</strong></span> <span class='ocrx_word' id='word_1_125' title='bbox 845 1262 898 1302; x_wconf 86' lang='lat' dir='ltr'><strong>ad</strong></span> <span class='ocrx_word' id='word_1_126' title='bbox 934 1276 1059 1316; x_wconf 92' lang='lat' dir='ltr'><strong>quem</strong></span> <span class='ocrx_word' id='word_1_127' title='bbox 1091 1262 1307 1316; x_wconf 83' lang='lat' dir='ltr'><strong>cursitem,</strong></span> <span class='ocrx_word' id='word_1_128' title='bbox 1346 1262 1502 1303; x_wconf 89' lang='lat' dir='ltr'><strong>discru-</strong></span> 
     </span>
     <span class='ocr_line' id='line_1_20' title="bbox 161 1320 1500 1375; baseline 0 -14"><span class='ocrx_word' id='word_1_129' title='bbox 161 1321 259 1361; x_wconf 88' lang='lat' dir='ltr'><strong>cior.</strong></span> <span class='ocrx_word' id='word_1_130' title='bbox 321 1320 506 1361; x_wconf 82' lang='lat' dir='ltr'><strong>Maxime</strong></span> <span class='ocrx_word' id='word_1_131' title='bbox 546 1334 667 1374; x_wconf 79' lang='lat' dir='ltr'><strong>vero,</strong></span> <span class='ocrx_word' id='word_1_132' title='bbox 711 1323 759 1361; x_wconf 92' lang='lat' dir='ltr'><strong>ut</strong></span> <span class='ocrx_word' id='word_1_133' title='bbox 801 1323 843 1361; x_wconf 91' lang='lat' dir='ltr'><strong>te</strong></span> <span class='ocrx_word' id='word_1_134' title='bbox 888 1320 975 1361; x_wconf 92' lang='lat' dir='ltr'><strong>dies</strong></span> <span class='ocrx_word' id='word_1_135' title='bbox 1017 1323 1246 1374; x_wconf 88' lang='lat' dir='ltr'><strong>noctesque</strong></span> <span class='ocrx_word' id='word_1_136' title='bbox 1290 1335 1500 1375; x_wconf 80' lang='lat' dir='ltr'><strong>quaeram,</strong></span> 
     </span>
     <span class='ocr_line' id='line_1_21' title="bbox 160 1378 1501 1436; baseline 0.001 -17"><span class='ocrx_word' id='word_1_137' title='bbox 160 1379 399 1433; x_wconf 87' lang='lat' dir='ltr'><strong>conpetitor</strong></span> <span class='ocrx_word' id='word_1_138' title='bbox 423 1378 577 1419; x_wconf 87' lang='lat' dir='ltr'><strong>Hirrus</strong></span> <span class='ocrx_word' id='word_1_139' title='bbox 603 1382 732 1420; x_wconf 88' lang='lat' dir='ltr'><strong>curat.</strong></span> <span class='ocrx_word' id='word_1_140' title='bbox 783 1378 875 1428; x_wconf 89' lang='lat' dir='ltr'><strong>Quo</strong></span> <span class='ocrx_word' id='word_1_141' title='bbox 907 1379 1034 1420; x_wconf 92' lang='lat' dir='ltr'><strong>modo</strong></span> <span class='ocrx_word' id='word_1_142' title='bbox 1065 1379 1186 1419; x_wconf 82' lang='lat' dir='ltr'><strong>illum</strong></span> <span class='ocrx_word' id='word_1_143' title='bbox 1217 1382 1341 1433; x_wconf 84' lang='lat' dir='ltr'><strong>putas</strong></span> <span class='ocrx_word' id='word_1_144' title='bbox 1372 1394 1501 1436; x_wconf 87' lang='lat' dir='ltr'><strong>augu-</strong></span> 
     </span>
     <span class='ocr_line' id='line_1_22' title="bbox 160 1437 1501 1491; baseline 0.001 -13"><span class='ocrx_word' id='word_1_145' title='bbox 160 1439 277 1478; x_wconf 90' lang='lat' dir='ltr'><strong>ratus</strong></span> <span class='ocrx_word' id='word_1_146' title='bbox 303 1440 424 1478; x_wconf 89' lang='lat' dir='ltr'><strong>tuum</strong></span> <span class='ocrx_word' id='word_1_147' title='bbox 451 1438 773 1491; x_wconf 87' lang='lat' dir='ltr'><strong>competitorem</strong></span> <span class='ocrx_word' id='word_1_148' title='bbox 801 1437 941 1478; x_wconf 91' lang='lat' dir='ltr'><strong>dolere</strong></span> <span class='ocrx_word' id='word_1_149' title='bbox 968 1440 1009 1478; x_wconf 90' lang='lat' dir='ltr'><strong>et</strong></span> <span class='ocrx_word' id='word_1_150' title='bbox 1035 1437 1298 1478; x_wconf 89' lang='lat' dir='ltr'><strong>dissimulare</strong></span> <span class='ocrx_word' id='word_1_151' title='bbox 1324 1452 1390 1479; x_wconf 89' lang='lat' dir='ltr'><strong>me</strong></span> <span class='ocrx_word' id='word_1_152' title='bbox 1417 1452 1501 1479; x_wconf 91' lang='lat' dir='ltr'><strong>cer-</strong></span> 
     </span>
     <span class='ocr_line' id='line_1_23' title="bbox 159 1495 1554 1551; baseline 0.001 -15"><span class='ocrx_word' id='word_1_153' title='bbox 159 1496 313 1537; x_wconf 89' lang='lat' dir='ltr'><strong>tiorem</strong></span> <span class='ocrx_word' id='word_1_154' title='bbox 346 1510 472 1549; x_wconf 90' lang='lat' dir='ltr'><strong>quam</strong></span> <span class='ocrx_word' id='word_1_155' title='bbox 504 1511 546 1537; x_wconf 91' lang='lat' dir='ltr'><strong>se</strong></span> <span class='ocrx_word' id='word_1_156' title='bbox 579 1496 884 1536; x_wconf 66' lang='lat' dir='ltr'><strong>candidatum?x</strong></span> <span class='ocrx_word' id='word_1_157' title='bbox 926 1495 989 1537; x_wconf 93' lang='lat' dir='ltr'><strong>De</strong></span> <span class='ocrx_word' id='word_1_158' title='bbox 1016 1510 1099 1550; x_wconf 90' lang='lat' dir='ltr'><strong>quo</strong></span> <span class='ocrx_word' id='word_1_159' title='bbox 1126 1500 1185 1550; x_wconf 86' lang='lat' dir='ltr'><strong>ut,</strong></span> <span class='ocrx_word' id='word_1_160' title='bbox 1217 1511 1342 1550; x_wconf 91' lang='lat' dir='ltr'><strong>quem</strong></span> <span class='ocrx_word' id='word_1_161' title='bbox 1369 1499 1500 1551; x_wconf 83' lang='lat' dir='ltr'><strong>optaS,</strong></span> <span class='ocrx_word' id='word_1_162' title='bbox 1521 1509 1554 1533; x_wconf 83' lang='lat'><strong>20</strong></span> 
     </span>
     <span class='ocr_line' id='line_1_24' title="bbox 160 1554 1501 1612; baseline 0.001 -17"><span class='ocrx_word' id='word_1_163' title='bbox 160 1568 286 1608; x_wconf 92' lang='lat' dir='ltr'><strong>quam</strong></span> <span class='ocrx_word' id='word_1_164' title='bbox 305 1555 491 1609; x_wconf 91' lang='lat' dir='ltr'><strong>primum</strong></span> <span class='ocrx_word' id='word_1_165' title='bbox 510 1554 709 1595; x_wconf 88' lang='lat' dir='ltr'><strong>nuntium</strong></span> <span class='ocrx_word' id='word_1_166' title='bbox 728 1554 919 1609; x_wconf 85' lang='lat' dir='ltr'><strong>accipias,</strong></span> <span class='ocrx_word' id='word_1_167' title='bbox 945 1557 1018 1595; x_wconf 91' lang='lat' dir='ltr'><strong>tua</strong></span> <span class='ocrx_word' id='word_1_168' title='bbox 1037 1554 1201 1596; x_wconf 91' lang='lat' dir='ltr'><strong>medius</strong></span> <span class='ocrx_word' id='word_1_169' title='bbox 1221 1555 1346 1596; x_wconf 85' lang='lat' dir='ltr'><strong>fidius</strong></span> <span class='ocrx_word' id='word_1_170' title='bbox 1365 1555 1501 1612; x_wconf 88' lang='lat' dir='ltr'><strong>magis</strong></span> 
     </span>
     <span class='ocr_line' id='line_1_25' title="bbox 160 1614 1501 1668; baseline 0.001 -15"><span class='ocrx_word' id='word_1_171' title='bbox 160 1627 285 1667; x_wconf 90' lang='lat' dir='ltr'><strong>quam</strong></span> <span class='ocrx_word' id='word_1_172' title='bbox 316 1628 410 1653; x_wconf 91' lang='lat' dir='ltr'><strong>mea</strong></span> <span class='ocrx_word' id='word_1_173' title='bbox 442 1627 564 1654; x_wconf 82' lang='lat' dir='ltr'><strong>causa</strong></span> <span class='ocrx_word' id='word_1_174' title='bbox 596 1614 740 1668; x_wconf 84' lang='lat' dir='ltr'><strong>cupio3</strong></span> <span class='ocrx_word' id='word_1_175' title='bbox 771 1614 801 1667; x_wconf 91' lang='lat'>†</span> <span class='ocrx_word' id='word_1_176' title='bbox 825 1628 923 1654; x_wconf 90' lang='lat' dir='ltr'><strong>nam</strong></span> <span class='ocrx_word' id='word_1_177' title='bbox 954 1628 1067 1667; x_wconf 88' lang='lat' dir='ltr'><strong>mea,</strong></span> <span class='ocrx_word' id='word_1_178' title='bbox 1100 1614 1135 1654; x_wconf 90' lang='lat' dir='ltr'><strong>si</strong></span> <span class='ocrx_word' id='word_1_179' title='bbox 1160 1614 1229 1668; x_wconf 90' lang='lat' dir='ltr'><strong>fio,</strong></span> <span class='ocrx_word' id='word_1_180' title='bbox 1261 1614 1296 1655; x_wconf 90' lang='lat' dir='ltr'><strong>si</strong></span> <span class='ocrx_word' id='word_1_181' title='bbox 1322 1614 1501 1655; x_wconf 86' lang='lat' dir='ltr'><strong>forsitan</strong></span> 
     </span>
     <span class='ocr_line' id='line_1_26' title="bbox 159 1671 1501 1727; baseline 0.001 -15"><span class='ocrx_word' id='word_1_182' title='bbox 159 1685 254 1712; x_wconf 87' lang='lat' dir='ltr'><strong>cum</strong></span> <span class='ocrx_word' id='word_1_183' title='bbox 287 1671 563 1725; x_wconf 86' lang='lat' dir='ltr'><strong>locupletiore</strong></span> <span class='ocrx_word' id='word_1_184' title='bbox 595 1672 795 1727; x_wconf 82' lang='lat' dir='ltr'><strong>referam3</strong></span> <span class='ocrx_word' id='word_1_185' title='bbox 827 1672 900 1713; x_wconf 92' lang='lat' dir='ltr'><strong>sed</strong></span> <span class='ocrx_word' id='word_1_186' title='bbox 929 1671 1011 1712; x_wconf 91' lang='lat' dir='ltr'><strong>hoc</strong></span> <span class='ocrx_word' id='word_1_187' title='bbox 1041 1687 1173 1726; x_wconf 90' lang='lat' dir='ltr'><strong>usque</strong></span> <span class='ocrx_word' id='word_1_188' title='bbox 1200 1687 1248 1714; x_wconf 90' lang='lat' dir='ltr'><strong>eo</strong></span> <span class='ocrx_word' id='word_1_189' title='bbox 1274 1687 1400 1714; x_wconf 78' lang='lat' dir='ltr'><strong>suave</strong></span> <span class='ocrx_word' id='word_1_190' title='bbox 1426 1675 1501 1727; x_wconf 91' lang='lat' dir='ltr'><strong>est,</strong></span> 
     </span>
     <span class='ocr_line' id='line_1_27' title="bbox 158 1730 1499 1786; baseline 0.001 -16"><span class='ocrx_word' id='word_1_191' title='bbox 158 1733 217 1784; x_wconf 94' lang='lat' dir='ltr'><strong>ut,</strong></span> <span class='ocrx_word' id='word_1_192' title='bbox 249 1730 283 1771; x_wconf 92' lang='lat' dir='ltr'><strong>si</strong></span> <span class='ocrx_word' id='word_1_193' title='bbox 316 1730 526 1784; x_wconf 85' lang='lat' dir='ltr'><strong>acciderit,</strong></span> <span class='ocrx_word' id='word_1_194' title='bbox 558 1734 649 1771; x_wconf 88' lang='lat' dir='ltr'><strong>tota</strong></span> <span class='ocrx_word' id='word_1_195' title='bbox 680 1731 768 1771; x_wconf 80' lang='lat' dir='ltr'><strong>vita</strong></span> <span class='ocrx_word' id='word_1_196' title='bbox 800 1731 908 1772; x_wconf 90' lang='lat' dir='ltr'><strong>risus</strong></span> <span class='ocrx_word' id='word_1_197' title='bbox 940 1731 1064 1772; x_wconf 90' lang='lat' dir='ltr'><strong>nobis</strong></span> <span class='ocrx_word' id='word_1_198' title='bbox 1097 1731 1212 1772; x_wconf 90' lang='lat' dir='ltr'><strong>desse</strong></span> <span class='ocrx_word' id='word_1_199' title='bbox 1237 1746 1323 1773; x_wconf 91' lang='lat' dir='ltr'><strong>non</strong></span> <span class='ocrx_word' id='word_1_200' title='bbox 1354 1731 1499 1786; x_wconf 77' lang='lat' dir='ltr'><strong>possit,</strong></span> 
     </span>
     <span class='ocr_line' id='line_1_28' title="bbox 157 1787 1552 1841; baseline 0.001 -12"><span class='ocrx_word' id='word_1_201' title='bbox 157 1789 186 1841; x_wconf 86' lang='lat'>†</span> <span class='ocrx_word' id='word_1_202' title='bbox 219 1787 302 1829; x_wconf 87' lang='lat' dir='ltr'><strong>Sed</strong></span> <span class='ocrx_word' id='word_1_203' title='bbox 333 1789 441 1829; x_wconf 86' lang='lat' dir='ltr'><strong>tanti</strong></span> <span class='ocrx_word' id='word_1_204' title='bbox 480 1789 552 1830; x_wconf 91' lang='lat' dir='ltr'><strong>sed</strong></span> <span class='ocrx_word' id='word_1_205' title='bbox 589 1789 849 1830; x_wconf 86' lang='lat' dir='ltr'><strong>mehercules</strong></span> <span class='ocrx_word' id='word_1_206' title='bbox 880 1803 965 1830; x_wconf 90' lang='lat' dir='ltr'><strong>non</strong></span> <span class='ocrx_word' id='word_1_207' title='bbox 996 1790 1180 1831; x_wconf 91' lang='lat' dir='ltr'><strong>multum</strong></span> <span class='ocrx_word' id='word_1_208' title='bbox 1211 1789 1267 1831; x_wconf 93' lang='lat' dir='ltr'><strong>M.</strong></span> <span class='ocrx_word' id='word_1_209' title='bbox 1300 1789 1500 1831; x_wconf 87' lang='lat' dir='ltr'><strong>Octavius</strong></span> <span class='ocrx_word' id='word_1_210' title='bbox 1518 1800 1552 1825; x_wconf 78' lang='lat'><strong>25</strong></span> 
     </span>
     <span class='ocr_line' id='line_1_29' title="bbox 158 1847 1500 1903; baseline 0.002 -16"><span class='ocrx_word' id='word_1_211' title='bbox 158 1860 303 1888; x_wconf 88' lang='lat' dir='ltr'><strong>eorum</strong></span> <span class='ocrx_word' id='word_1_212' title='bbox 326 1847 432 1902; x_wconf 83' lang='lat' dir='ltr'><strong>odia,</strong></span> <span class='ocrx_word' id='word_1_213' title='bbox 459 1862 564 1902; x_wconf 90' lang='lat' dir='ltr'><strong>quae</strong></span> <span class='ocrx_word' id='word_1_214' title='bbox 590 1847 767 1889; x_wconf 89' lang='lat' dir='ltr'><strong>Hirrum</strong></span> <span class='ocrx_word' id='word_1_215' title='bbox 787 1851 998 1903; x_wconf 89' lang='lat' dir='ltr'><strong>premunt,</strong></span> <span class='ocrx_word' id='word_1_216' title='bbox 1024 1863 1130 1903; x_wconf 89' lang='lat' dir='ltr'><strong>quae</strong></span> <span class='ocrx_word' id='word_1_217' title='bbox 1155 1849 1366 1903; x_wconf 87' lang='lat' dir='ltr'><strong>permulta</strong></span> <span class='ocrx_word' id='word_1_218' title='bbox 1391 1851 1500 1903; x_wconf 87' lang='lat' dir='ltr'><strong>sunt,</strong></span> 
     </span>
     <span class='ocr_line' id='line_1_30' title="bbox 159 1905 363 1946; baseline 0 0"><span class='ocrx_word' id='word_1_219' title='bbox 159 1905 363 1946; x_wconf 84' lang='lat' dir='ltr'><strong>sublevat.</strong></span> 
     </span>
    </p>

    <p class='ocr_par' dir='ltr' id='par_1_8' title="bbox 158 1963 1552 2240">
     <span class='ocr_line' id='line_1_31' title="bbox 246 1963 1500 2013; baseline 0.001 -9"><span class='ocrx_word' id='word_1_220' title='bbox 246 1963 369 2013; x_wconf 87' lang='lat' dir='ltr'><strong>Quod</strong></span> <span class='ocrx_word' id='word_1_221' title='bbox 399 1964 451 2005; x_wconf 88' lang='lat' dir='ltr'><strong>ad</strong></span> <span class='ocrx_word' id='word_1_222' title='bbox 476 1964 700 2006; x_wconf 90' lang='lat' dir='ltr'><strong>Philotimi</strong></span> <span class='ocrx_word' id='word_1_223' title='bbox 731 1965 876 2006; x_wconf 91' lang='lat' dir='ltr'><strong>liberti</strong></span> <span class='ocrx_word' id='word_1_224' title='bbox 909 1965 1097 2006; x_wconf 86' lang='lat' dir='ltr'><strong>officium</strong></span> <span class='ocrx_word' id='word_1_225' title='bbox 1124 1968 1166 2006; x_wconf 92' lang='lat' dir='ltr'><strong>et</strong></span> <span class='ocrx_word' id='word_1_226' title='bbox 1191 1965 1303 2006; x_wconf 85' lang='lat' dir='ltr'><strong>bona</strong></span> <span class='ocrx_word' id='word_1_227' title='bbox 1327 1964 1500 2005; x_wconf 87' lang='lat' dir='ltr'><strong>Milonis</strong></span> 
     </span>
     <span class='ocr_line' id='line_1_32' title="bbox 158 2022 1501 2079; baseline 0.001 -16"><span class='ocrx_word' id='word_1_228' title='bbox 158 2023 327 2076; x_wconf 83' lang='lat' dir='ltr'><strong>attinet,</strong></span> <span class='ocrx_word' id='word_1_229' title='bbox 367 2023 557 2064; x_wconf 89' lang='lat' dir='ltr'><strong>dedimus</strong></span> <span class='ocrx_word' id='word_1_230' title='bbox 596 2038 785 2079; x_wconf 89' lang='lat' dir='ltr'><strong>operam,</strong></span> <span class='ocrx_word' id='word_1_231' title='bbox 823 2028 871 2065; x_wconf 94' lang='lat' dir='ltr'><strong>ut</strong></span> <span class='ocrx_word' id='word_1_232' title='bbox 902 2027 944 2065; x_wconf 90' lang='lat' dir='ltr'><strong>et</strong></span> <span class='ocrx_word' id='word_1_233' title='bbox 981 2024 1238 2065; x_wconf 84' lang='lat' dir='ltr'><strong>Philotimus</strong></span> <span class='ocrx_word' id='word_1_234' title='bbox 1271 2037 1396 2077; x_wconf 87' lang='lat' dir='ltr'><strong>quam</strong></span> <span class='ocrx_word' id='word_1_235' title='bbox 1427 2022 1501 2064; x_wconf 93' lang='lat' dir='ltr'><strong>ho—</strong></span> 
     </span>
     <span class='ocr_line' id='line_1_33' title="bbox 158 2081 1552 2137; baseline 0.001 -16"><span class='ocrx_word' id='word_1_236' title='bbox 158 2082 394 2122; x_wconf 85' lang='lat' dir='ltr'><strong>nestissime</strong></span> <span class='ocrx_word' id='word_1_237' title='bbox 419 2082 571 2123; x_wconf 88' lang='lat' dir='ltr'><strong>Miloni</strong></span> <span class='ocrx_word' id='word_1_238' title='bbox 597 2083 761 2136; x_wconf 88' lang='lat' dir='ltr'><strong>apsenti</strong></span> <span class='ocrx_word' id='word_1_239' title='bbox 787 2083 960 2137; x_wconf 87' lang='lat' dir='ltr'><strong>eiusque</strong></span> <span class='ocrx_word' id='word_1_240' title='bbox 985 2082 1229 2123; x_wconf 89' lang='lat' dir='ltr'><strong>necessariis</strong></span> <span class='ocrx_word' id='word_1_241' title='bbox 1261 2082 1361 2122; x_wconf 90' lang='lat' dir='ltr'><strong>satis</strong></span> <span class='ocrx_word' id='word_1_242' title='bbox 1393 2081 1497 2122; x_wconf 85' lang='lat' dir='ltr'><strong>face·</strong></span> <span class='ocrx_word' id='word_1_243' title='bbox 1519 2094 1552 2117; x_wconf 82' lang='lat'><strong>30</strong></span> 
     </span>
     <span class='ocr_line' id='line_1_34' title="bbox 159 2140 1499 2193; baseline 0.001 -14"><span class='ocrx_word' id='word_1_244' title='bbox 159 2143 233 2193; x_wconf 87' lang='lat' dir='ltr'><strong>ret,</strong></span> <span class='ocrx_word' id='word_1_245' title='bbox 266 2143 307 2180; x_wconf 85' lang='lat' dir='ltr'><strong>et</strong></span> <span class='ocrx_word' id='word_1_246' title='bbox 338 2141 567 2181; x_wconf 88' lang='lat' dir='ltr'><strong>secundum</strong></span> <span class='ocrx_word' id='word_1_247' title='bbox 599 2141 688 2182; x_wconf 91' lang='lat' dir='ltr'><strong>eius</strong></span> <span class='ocrx_word' id='word_1_248' title='bbox 721 2141 847 2182; x_wconf 89' lang='lat' dir='ltr'><strong>fidem</strong></span> <span class='ocrx_word' id='word_1_249' title='bbox 873 2145 915 2182; x_wconf 87' lang='lat' dir='ltr'><strong>et</strong></span> <span class='ocrx_word' id='word_1_250' title='bbox 941 2141 1209 2182; x_wconf 87' lang='lat' dir='ltr'><strong>sedulitatem</strong></span> <span class='ocrx_word' id='word_1_251' title='bbox 1241 2140 1499 2181; x_wconf 77' lang='lat' dir='ltr'><strong>existimatio</strong></span> 
     </span>
     <span class='ocr_line' id='line_1_35' title="bbox 159 2201 1143 2240; baseline 0.007 -3"><span class='ocrx_word' id='word_1_252' title='bbox 159 2201 231 2237; x_wconf 86' lang='lat' dir='ltr'><strong>tua</strong></span> <span class='ocrx_word' id='word_1_253' title='bbox 264 2203 592 2240; x_wconf 80' lang='lat' dir='ltr'><strong>conservaretur.</strong></span> <span class='ocrx_word' id='word_1_254' title='bbox 1138 2201 1143 2206; x_wconf 75' lang='grc'><em>’</em></span> 
     </span>
    </p>

    <p class='ocr_par' dir='ltr' id='par_1_9' title="bbox 159 2255 1500 2372">
     <span class='ocr_line' id='line_1_36' title="bbox 246 2255 1499 2312; baseline 0.002 -17"><span class='ocrx_word' id='word_1_255' title='bbox 246 2255 357 2296; x_wconf 88' lang='lat' dir='ltr'><strong>Illud</strong></span> <span class='ocrx_word' id='word_1_256' title='bbox 394 2272 505 2298; x_wconf 90' lang='lat' dir='ltr'><strong>nunc</strong></span> <span class='ocrx_word' id='word_1_257' title='bbox 543 2273 566 2298; x_wconf 90' lang='lat' dir='ltr'><strong>a</strong></span> <span class='ocrx_word' id='word_1_258' title='bbox 603 2260 644 2299; x_wconf 88' lang='lat' dir='ltr'><strong>te</strong></span> <span class='ocrx_word' id='word_1_259' title='bbox 682 2262 798 2312; x_wconf 85' lang='lat' dir='ltr'><strong>peto,</strong></span> <span class='ocrx_word' id='word_1_260' title='bbox 843 2258 877 2299; x_wconf 94' lang='lat' dir='ltr'><strong>si</strong></span> <span class='ocrx_word' id='word_1_261' title='bbox 916 2258 1015 2312; x_wconf 87' lang='lat' dir='ltr'><strong>eris,</strong></span> <span class='ocrx_word' id='word_1_262' title='bbox 1060 2260 1107 2299; x_wconf 92' lang='lat' dir='ltr'><strong>ut</strong></span> <span class='ocrx_word' id='word_1_263' title='bbox 1144 2271 1284 2312; x_wconf 90' lang='lat' dir='ltr'><strong>spero,</strong></span> <span class='ocrx_word' id='word_1_264' title='bbox 1327 2257 1499 2311; x_wconf 89' lang='lat' dir='ltr'><strong>otiosus,</strong></span> 
     </span>
     <span class='ocr_line' id='line_1_37' title="bbox 159 2313 1500 2372; baseline 0.002 -19"><span class='ocrx_word' id='word_1_265' title='bbox 159 2313 328 2367; x_wconf 82' lang='lat' dir='ltr'><strong>aliquod</strong></span> <span class='ocrx_word' id='word_1_266' title='bbox 367 2316 418 2355; x_wconf 86' lang='lat' dir='ltr'><strong>ad</strong></span> <span class='ocrx_word' id='word_1_267' title='bbox 455 2330 552 2370; x_wconf 87' lang='lat' dir='ltr'><strong>nOS,</strong></span> <span class='ocrx_word' id='word_1_268' title='bbox 593 2319 641 2357; x_wconf 95' lang='lat' dir='ltr'><strong>ut</strong></span> <span class='ocrx_word' id='word_1_269' title='bbox 679 2317 975 2372; x_wconf 85' lang='lat' dir='ltr'><strong>intellegamus</strong></span> <span class='ocrx_word' id='word_1_270' title='bbox 1005 2331 1082 2357; x_wconf 90' lang='lat' dir='ltr'><strong>nos</strong></span> <span class='ocrx_word' id='word_1_271' title='bbox 1118 2316 1199 2356; x_wconf 88' lang='lat' dir='ltr'><strong>tibi</strong></span> <span class='ocrx_word' id='word_1_272' title='bbox 1237 2329 1359 2356; x_wconf 87' lang='lat' dir='ltr'><strong>curae</strong></span> <span class='ocrx_word' id='word_1_273' title='bbox 1400 2330 1500 2370; x_wconf 87' lang='lat' dir='ltr'><strong>esse,</strong></span> 
     </span>
    </p>
   </div>
  </div>
 </body>
</html>
