1659 2552
614 67 756 101 LIBER
780 67 864 102 xffl
889 71 1040 102 23—-26.
1420 68 1505 110 389

161 164 204 204 et
230 163 341 204 dicta
371 163 582 204 laudabat.
645 162 922 218 Quapropter,
955 163 1034 204 etsi
1067 178 1090 203 a
1121 166 1163 204 te
1196 163 1255 204 ita
1287 166 1505 219 tractatur,
1532 176 1551 205 3

161 224 209 262 ut
240 222 324 263 iam
356 236 442 263 non
477 222 685 263 desideret
718 222 1126 263 commendationem
1158 236 1295 263 meam
1328 223 1505 277 unisque

161 294 204 321 se
242 281 396 322 litteris
434 281 539 322 meis
578 281 719 322 omnia
757 284 1028 322 consecutum
1059 283 1198 335 putet,
1237 283 1378 322 tamen
1410 297 1433 322 a
1464 285 1506 323 te

162 342 260 393 peto
298 340 342 380 in
379 340 583 381 maiorem
615 340 809 394 modum,
847 343 894 381 ut
926 354 1022 381 eum
1060 340 1188 381 etiam
1220 343 1345 394 atque
1379 341 1506 381 etiam

127 410 142 434 5
161 398 247 439 tuis
279 398 449 453 officiis,
480 399 736 439 liberalitate
763 399 1036 453 conplectare.
1099 397 1337 439 Scriberem
1369 399 1421 439 ad
1453 401 1506 451 te,

161 456 298 511 qualis
330 457 395 497 vir
427 460 552 511 esset,
590 460 637 498 ut
669 457 959 512 superioribus
996 457 1152 498 litteris
1189 457 1387 511 feceram,
1425 457 1506 498 nisi

161 529 258 557 eum
284 516 369 556 iam
393 531 470 570 per
495 530 538 557 se
571 516 710 570 ipsum
742 516 822 557 tibi
849 517 950 557 satis
974 519 1125 558 notum
1151 530 1240 557 esse
1266 516 1505 557 arbitrarer.

764 667 896 709 XXV.

443 747 519 784 Scr.
545 748 698 792 Romae,
724 753 764 783 ut
789 750 942 792 videtur,
968 760 1000 783 a.
1030 751 1103 783 708
1131 750 1222 793 (46).

108 843 142 869 10
617 830 786 865 CICERO
814 824 985 865 SERVIO
1017 830 1050 865 S.

248 924 536 981 Hagesaretus
572 925 794 967 Larisaeus
832 926 998 981 magnis
1038 926 1143 967 meis
1185 926 1401 967 beneficiis
1443 940 1506 967 or—

160 986 285 1025 natus
323 985 368 1025 in
406 985 627 1026 consulatu
664 999 758 1026 meo
796 999 959 1026 memor
991 988 1032 1025 et
1063 988 1210 1040 gratus
1242 985 1325 1026 fuit
1355 999 1506 1039 meque

159 1046 308 1098 postea
335 1043 661 1099 diligentissime
681 1044 823 1084 coluit.
868 1043 980 1084 Eum
1006 1044 1086 1084 tibi
1111 1058 1369 1099 magnopere
1395 1058 1505 1084 com-

159 1102 314 1143 mendo
352 1104 400 1142 ut
437 1105 479 1143 et
515 1103 728 1157 hospitem
768 1117 911 1143 meum
949 1105 990 1142 et
1030 1103 1282 1143 familiarem
1311 1102 1504 1168 [meum]

109 1172 142 1196 15
162 1163 203 1202 et
233 1163 404 1216 glatum
434 1161 652 1202 hominem
681 1164 722 1202 et
749 1161 888 1201 virum
919 1161 1079 1202 bonum
1112 1164 1153 1202 et
1183 1161 1419 1216 principem
1452 1161 1507 1201 ci-

159 1219 305 1260 vitatis
350 1233 447 1260 suae
492 1222 533 1260 et
575 1223 649 1260 tua
689 1220 997 1260 necessitudine
1040 1220 1347 1275 dignissimum.
1408 1219 1506 1260 Per-

159 1281 331 1334 gratum
355 1278 463 1319 mihi
488 1278 650 1332 feceris,
682 1278 717 1318 si
745 1278 908 1319 dederis
935 1293 1118 1333 operam7
1150 1281 1197 1319 ut
1222 1279 1258 1319 is
1284 1278 1506 1334 intellegat

158 1336 268 1377 hanc
297 1351 436 1378 meam
462 1337 873 1379 commendationem
903 1352 1106 1393 magnum
1132 1338 1244 1392 apud
1268 1340 1310 1378 te
1340 1337 1507 1391 pondus

158 1394 369 1437 habuisse.

107 1512 141 1536 :0
752 1499 907 1542 XXVI.

442 1580 517 1616 Ser.
545 1581 694 1624 Romae,
719 1585 761 1615 ut
784 1581 938 1625 videtur,
968 1593 1000 1616 a.
1029 1584 1103 1616 708
1130 1584 1220 1626 (46).

615 1660 782 1696 CICERO
811 1662 983 1697 SERVlO
1011 1662 1044 1698 S.

247 1743 294 1786 L.
334 1743 563 1785 Mescinius
604 1758 652 1785 ea
694 1759 860 1786 mecum
902 1746 1210 1787 necessitudine
1255 1746 1504 1788 coniunctus
1531 1759 1548 1789 1

161 1805 235 1857 est,
268 1803 382 1857 quod
412 1803 518 1843 mihi
551 1805 750 1856 quaestor
779 1804 879 1858 fuit3
918 1804 990 1844 sed
1020 1804 1129 1845 hanc
1160 1819 1344 1859 causam,
1377 1820 1504 1859 quam

107 1872 141 1897 25
161 1876 251 1917 eg0‚
285 1865 332 1903 ut
358 1877 382 1902 a
406 1861 641 1902 maioribus
673 1862 825 1916 accepi,
858 1876 1023 1916 semper
1052 1877 1225 1918 gravem
1259 1863 1371 1917 duxi,
1403 1864 1504 1904 fecit

161 1921 319 1961 virtute
360 1922 402 1961 et
441 1920 705 1960 humanitate
747 1935 821 1961 sua
863 1921 1094 1962 iustiorem.
1164 1920 1402 1975 Itaqueeo
1444 1922 1504 1963 sio

160 1982 258 2020 utor
290 1981 337 2019 ut
367 1992 445 2019 nec
482 1978 734 2019 familiarius
766 1979 853 2020 ullo
885 1994 962 2020 nec
997 1979 1225 2020 lubentius.
1285 1979 1327 2020 Is
1360 1995 1504 2034 quam-

161 2052 288 2092 quam
325 2036 534 2078 confidere
572 2037 796 2078 videbatur
831 2040 873 2078 te
905 2052 979 2078 sua
1011 2052 1149 2092 causa,
1189 2053 1295 2093 quae
1325 2038 1503 2080 honeste

159 2110 323 2150 posses,
363 2096 546 2136 libenter
586 2109 674 2136 esse
714 2096 946 2151 facturum,
989 2111 1191 2152 magnum
1232 2111 1320 2138 esse
1360 2100 1502 2138 tamen

107 2166 140 2190 30
160 2155 344 2208 speravit
382 2154 494 2209 apud
529 2156 571 2194 te
610 2168 724 2195 meas
763 2169 930 2208 quoque
961 2154 1126 2196 litteras
1149 2157 1314 2208 pondus
1343 2156 1503 2197 habitu-

158 2226 239 2254 ras.
299 2211 351 2254 Id
377 2227 471 2254 cum
502 2212 591 2266 ipse
623 2212 683 2253 ita
714 2213 929 2254 iudicabat
954 2216 1045 2254 tum
1076 2228 1154 2268 pro
1181 2213 1382 2258 familiari
1407 2228 1502 2256 con-

159 2271 379 2313 suetudine
405 2285 527 2325 saepe
553 2285 603 2311 ex
629 2285 695 2312 me
716 2272 917 2327 audierat,
945 2286 1070 2326 quam
1092 2273 1231 2314 suavis
1258 2275 1366 2314 esset
1391 2273 1503 2314 inter
