1659 2552
103 322 122 352 Ν)

151 96 236 138 392
618 95 959 131 EPISTULARUM

150 206 239 232 esse
278 191 438 247 omnia,
477 192 614 233 multo
652 206 752 232 vero
791 191 915 245 plura
952 193 995 232 et
1032 191 1195 232 maiora
1232 192 1391 234 fecisse.
1451 191 1501 234 Id

150 251 284 306 igitur
322 250 445 306 (puto
483 251 597 291 enim
636 251 763 291 etiam
802 253 928 305 atque
967 250 1095 291 etiam
1137 250 1243 291 mihi
1276 251 1498 293 dicendum

150 309 259 365 esse)
285 311 414 351 velim
441 310 656 351 existimes
682 309 789 349 mihi
808 312 850 350 te
871 309 1019 350 fecisse
1038 310 1340 365 gratissimum.
1378 310 1501 360 Quod

150 368 321 422 quidem
364 369 447 409 hoc
486 368 723 409 vementius
766 368 918 423 laetor,
964 368 1078 422 quod
1121 383 1172 409 ex
1216 369 1308 423 ipso
1352 369 1501 411 Mesci-

149 427 221 468 nio
253 430 294 468 te
326 428 449 468 video
486 442 685 482 magnam
718 429 941 481 capturum
972 427 1254 482 voluptatem3
1292 430 1355 469 est
1387 428 1499 470 enim
1537 440 1554 466 5

149 486 193 527 in
220 500 269 527 eo
296 501 392 527 cum
419 486 554 527 virtus
581 488 622 526 et
647 485 841 540 probitas
867 488 908 527 et
933 500 1146 527 summum
1174 486 1363 528 officium
1389 501 1500 528 sum—

148 559 301 599 maque
329 544 598 599 opservantia
623 547 716 585 tum
742 545 882 585 studia
908 545 981 585 issa
1007 548 1163 599 nostra,
1196 545 1351 599 quibus
1377 549 1501 587 antea

151 604 484 658 delectabamur,
534 618 647 644 nunc
691 604 819 644 etiam
863 603 1056 645 vivimus.
1120 604 1243 653 Quod
1287 605 1499 659 reliquum

150 666 224 717 est,
258 664 385 704 velim
417 677 571 718 augeas
603 665 677 703 tua
703 663 746 703 in
773 677 869 704 eum
901 662 1106 704 beneficia
1132 663 1329 704 omnibus
1361 663 1499 719 rebus,

150 736 256 776 quae
300 724 341 762 te
386 724 521 766 erunt,
549 721 717 777 dignae3
762 722 835 762 sed
876 721 975 776 duo,
1020 736 1126 776 quae
1163 725 1205 763 te
1245 723 1499 764 nominatim
1519 735 1553 761 10

150 795 268 836 rogo,
306 781 493 835 primum
525 783 584 835 ut,
617 781 651 822 si
684 780 786 834 quid
818 781 920 821 satis
953 780 1136 821 dandum
1169 781 1250 821 erit
1282 782 1498 823 ‘AMPLIUS

149 850 209 880 EO
241 851 420 881 NOMINE
454 850 550 881 NON
581 840 718 893 PETI',
751 854 882 894 cures,
914 842 962 880 ut
993 840 1095 880 satis
1121 839 1244 880 detur
1274 840 1357 881 fide
1389 855 1500 895 mea3

151 898 312 953 deinde,
346 913 441 939 cum
473 899 560 939 fere
587 899 791 939 consistat
821 898 1034 939 hereditas
1066 898 1109 939 in
1143 899 1194 939 iis
1226 899 1363 953 rebus,
1396 913 1500 954 quas

150 958 304 998 avertit
336 957 485 1012 Oppia,
518 972 624 1012 quae
656 972 764 998 uxor
795 957 932 998 Mindi
962 958 1065 1011 fuit,
1097 957 1269 998 adiuves
1301 958 1500 1013 ineasque

149 1017 377 1071 rationem,
416 1030 543 1071 quem
579 1017 632 1057 ad
662 1017 837 1057 modum
869 1031 917 1057 ea
953 1017 1107 1057 mulier
1138 1015 1319 1058 Romam
1349 1017 1499 1071 perdu-
1520 1029 1553 1054 15

150 1078 279 1116 catur.
343 1074 466 1124 Quod
498 1076 533 1116 si
564 1076 726 1130 putarit
758 1075 831 1116 illa
862 1076 965 1130 fore,
997 1078 1045 1116 ut
1071 1075 1215 1129 opinio
1247 1079 1393 1117 nostra
1425 1078 1500 1131 est,

150 1135 372 1190 negotium
412 1135 693 1175 conficiemus.
770 1134 864 1175 Hoc
907 1137 955 1175 ut
998 1134 1295 1189 adsequamur,
1348 1138 1390 1176 te
1433 1149 1500 1176 ve-

150 1196 316 1235 menter
357 1194 485 1234 etiam
526 1196 651 1247 atque
693 1194 821 1234 etiam
863 1207 979 1249 rogo.
1047 1192 1177 1247 Illud,
1218 1193 1333 1248 quod
1373 1208 1500 1248 supra

151 1253 321 1307 scripsi,
354 1252 397 1293 id
428 1252 509 1293 tibi
536 1253 741 1293 confirmo
774 1253 817 1292 111
849 1266 1000 1305 meque
1032 1253 1202 1306 recipio,
1234 1255 1275 1293 te
1302 1267 1360 1307 ea,
1393 1267 1500 1306 quae

149 1312 288 1352 fecisti
320 1311 497 1352 Mescini
536 1326 660 1352 causa
697 1325 887 1365 quaeque
925 1311 1091 1365 feceris,
1130 1311 1189 1352 ita
1220 1311 1327 1351 bene
1359 1311 1499 1352 conlo-
1518 1323 1553 1348 20

150 1373 361 1424 catur-um,
400 1373 447 1410 ut
479 1370 568 1424 ipse
600 1370 760 1410 iudices
791 1369 955 1410 homini
987 1372 1028 1410 te
1060 1370 1322 1425 gratissimo,
1355 1370 1500 1410 iucun-

151 1429 324 1469 dissimo
358 1429 540 1484 benigne
572 1429 730 1469 fecisse.
792 1427 904 1469 Volo
937 1428 1050 1469 enim
1082 1428 1135 1468 ad
1166 1428 1229 1483 id,
1263 1429 1376 1482 quod
1406 1443 1500 1470 mea

150 1501 274 1528 causa
306 1487 462 1542 fecisti,
494 1488 574 1528 hoc
607 1487 735 1528 etiam
768 1487 973 1532 accedere.

703 1637 890 1680 XXVIII
911 1654 944 1679 a.

434 1718 508 1754 Ser.
536 1719 684 1762 Romae,
711 1724 751 1754 ut
776 1720 929 1762 videtur,
960 1731 993 1753 α.
1023 1721 1096 1753 708
1124 1721 1215 1763 (46).
1520 1733 1554 1759 25

591 1801 782 1836 CICERO
808 1800 1006 1835 SERVIO
1032 1800 1066 1836 S.

238 1896 327 1937 Nec
354 1896 711 1937 Lacedaemonios
739 1896 933 1937 dubitare
960 1896 1158 1951 arbitror,
1191 1897 1293 1951 quin
1319 1896 1401 1951 ipsi
1427 1911 1502 1937 sua

149 1956 445 2010 maiorumque
477 1970 651 1996 suorum
683 1955 935 1996 auctoritate
969 1956 1070 1996 satis
1103 1955 1384 1997 commendati
1416 1955 1502 1996 sint

150 2015 249 2055 fidei
284 2018 325 2055 et
357 2015 545 2055 iustitiae
577 2017 687 2069 tuae,
720 2017 761 2055 et
792 2029 884 2070 ego,
918 2014 991 2068 qui
1018 2017 1059 2055 te
1087 2015 1245 2070 optime
1277 2014 1500 2068 novissem,

150 2088 235 2114 non
280 2073 491 2127 dubitavi,
533 2073 636 2127 quin
676 2073 758 2114 tibi
798 2073 1022 2114 notissima
1059 2076 1101 2114 et
1139 2074 1231 2114 iura
1268 2076 1310 2113 et
1349 2073 1501 2113 merita
1521 2085 1555 2110 30

150 2132 408 2187 populorum
447 2135 596 2173 essent.
658 2130 825 2186 Itaque,
868 2146 963 2173 cum
996 2146 1019 2172 a
1050 2147 1117 2173 me
1148 2134 1311 2187 peteret
1341 2130 1503 2185 Philip-

150 2206 229 2245 pus
267 2191 643 2245 Lacedaemonius,
686 2193 732 2231 ut
774 2190 854 2231 tibi
897 2190 1112 2232 civitatem
1135 2189 1502 2245 commendarem,

152 2250 229 2290 etsi
268 2250 546 2291 memineram
583 2264 650 2290 me
689 2249 727 2290 ei
766 2249 929 2290 civitati
969 2250 1111 2290 omnia
1150 2248 1320 2302 debere,
1361 2252 1503 2290 tamen

152 2308 350 2362 respondi
392 2307 758 2349 commendatione
796 2307 1152 2350 Lacedaemonios
1193 2310 1295 2361 aput
1338 2310 1379 2348 te
1418 2321 1503 2349 non
