1659 2552
185 108 266 150 192
679 107 1022 142 EPISTULARUM

134 217 154 248 2
180 202 317 244 Licini
354 202 650 257 Hipponacteo
687 202 924 257 praeconio.
986 201 1044 242 At
1077 201 1189 257 vide,
1228 202 1330 256 quid
1361 217 1527 244 suscen-

136 1684 156 1714 ιθ

183 264 281 303 seat.
322 261 532 303 Phameae
559 277 726 303 causam
753 275 991 315 receperam
1023 261 1156 315 ipsius
1188 261 1360 315 quidem
1386 275 1526 317 causa;

182 323 272 362 erat
303 321 416 362 enim
447 321 553 361 mihi
585 335 684 361 sane
716 319 949 360 familiaris.
1010 318 1051 360 Is
1084 319 1137 360 ad
1166 334 1234 361 me
1260 320 1376 361 venit
1403 320 1527 362 dixit-

182 394 263 434 que
294 379 476 420 iudicem
509 379 591 419 sibi
625 394 795 433 operam
829 378 926 419 dare
958 377 1228 420 constituisse
1254 393 1303 420 eo
1329 379 1422 433 ipso
1449 379 1527 434 die,

183 452 266 493 quo
305 438 355 480 de
391 437 436 478 P.
471 437 609 479 Sestio
648 438 692 478 in
731 437 955 478 consilium
995 437 1049 477 iri
1085 451 1253 478 necesse
1286 440 1386 479 erat.
1448 437 1526 478 Re-
1565 450 1581 475 5

182 497 333 551 spondi
358 496 476 537 nullo
502 496 628 537 modo
654 510 721 536 me
747 496 883 536 facere
908 510 1049 550 posse3
1081 510 1207 550 quem
1233 496 1371 551 vellet,
1397 496 1528 538 alium

183 556 294 596 diem
327 555 361 596 si
394 555 652 609 sumpsisset,
684 569 751 595 me
785 555 821 595 ei
853 569 939 595 non
972 554 1227 596 defuturum.
1271 553 1348 596 Ille
1374 557 1527 609 autem,

183 615 256 668 qui
287 614 413 655 sciret
445 628 488 655 se
519 616 717 668 nepotem
755 613 915 654 bellum
952 613 1172 654 tibicinem
1203 613 1359 655 habere
1391 616 1433 655 et
1464 616 1528 654 sat

182 673 342 714 bonum
375 675 606 727 unctorem,
640 672 831 713 discessit
857 687 881 712 a
905 686 984 725 me,
1016 675 1064 713 ut
1095 672 1155 713 mi
1180 672 1415 727 videbatur,
1447 673 1527 714 ira-

182 732 277 773 tior.
339 731 482 772 Habes
529 730 706 772 ‘Sardos
747 731 907 771 venalis
947 731 1078 772 alium
1119 731 1202 772 alio
1246 731 1527 786 nequiorem'.
1549 744 1582 769 ιο

185 790 389 846 Cognosti
421 805 558 830 meam
591 804 759 830 causam
786 792 827 830 et
852 789 976 830 istius
1008 789 1214 831 salaconis
1246 790 1527 844 iniquitatem.

184 848 419 890 ‘Catonem’
457 851 579 889 tuum
616 848 724 889 mihi
760 849 901 903 mitte3
940 848 1063 903 cupio
1096 849 1209 890 enim
1246 849 1396 905 legere.
1459 847 1528 890 Me

183 908 320 949 adhuc
349 922 435 948 non
472 907 626 963 legisse
657 909 782 962 turpe
814 908 984 962 utrique
1016 910 1210 948 nostrum
1242 910 1315 948 est.

790 1059 923 1101 XXV.

327 1141 400 1176 Ser.
428 1142 468 1175 in
499 1140 705 1175 Tusculano
736 1141 818 1175 cire.
851 1140 918 1173 IX
940 1140 987 1175 K.
1015 1140 1107 1185 Sept.
1135 1152 1168 1175 a.
1196 1143 1268 1175 709
1295 1142 1384 1183 (45).
1550 1154 1582 1180 15

484 1222 652 1257 CICERO
680 1222 714 1257 S.
741 1222 783 1256 D.
812 1222 859 1257 M.
886 1221 1031 1256 FADIO
1060 1221 1227 1256 GALLO.

272 1317 396 1367 Quod
439 1317 663 1372 epistulam
706 1317 960 1358 conscissam
1005 1317 1140 1371 doles,
1190 1317 1278 1358 noli
1322 1316 1528 1371 laborare,

183 1377 298 1418 salva
329 1379 409 1432 est3
451 1377 575 1417 domo
608 1378 742 1430 peteS,
782 1390 878 1417 cum
908 1376 1071 1417 libebit.
1135 1375 1257 1425 Quod
1288 1377 1430 1416 autem
1459 1389 1527 1416 me

183 1450 340 1489 mones,
372 1434 493 1476 valde
518 1438 689 1490 gratum
716 1437 790 1489 est,
816 1435 942 1489 idque
969 1437 1016 1476 ut
1042 1448 1206 1489 semper
1231 1434 1372 1489 facias,
1404 1447 1527 1490 rogo3

182 1494 338 1535 videris
370 1493 483 1535 enim
513 1493 620 1534 mihi
651 1493 798 1547 vereri,
829 1494 967 1547 ”puisi
997 1494 1127 1534 istum
1157 1492 1443 1547 habuerimus,
1475 1492 1528 1533 ri·
1548 1507 1581 1531 πο

185 1554 355 1594 deamus
394 1551 558 1605 γέλωτα
597 1552 850 1606 σαρδάνιον.
915 1552 997 1593 Sed
1034 1552 1138 1593 heus
1169 1554 1234 1606 tu,
1272 1566 1445 1592 manum
1478 1551 1527 1592 de

184 1612 345 1652 tabula!
378 1611 581 1666 magister
605 1611 722 1651 adest
749 1611 885 1664 citius,
918 1626 1043 1665 quam
1069 1613 1337 1665 putaramus3
1368 1623 1527 1664 vereor,

183 1685 235 1712 ne
266 1670 311 1711 in
343 1672 555 1710 catomum
582 1668 823 1710 Catoninos.
884 1669 945 1710 Mi
974 1669 1103 1724 Galle,
1137 1683 1235 1710 cave
1265 1671 1388 1723 putes
1415 1668 1528 1723 quic·

184 1744 310 1783 quam
342 1729 492 1769 melius
525 1743 652 1782 quam
684 1728 888 1782 epistulae
921 1732 1016 1769 tuae
1053 1731 1218 1783 partem
1250 1728 1302 1768 ab
1335 1742 1384 1769 eo
1415 1728 1526 1768 loco:

184 1788 350 1829 ‘Cetera
386 1787 620 1828 labuntur'.
690 1786 860 1828 Secreto
901 1787 982 1828 hoc
1023 1787 1138 1841 audi,
1178 1790 1319 1828 tecum
1358 1786 1526 1841 habeto,
1547 1798 1579 1823 25

182 1861 234 1888 ne
265 1846 441 1901 Apellae
474 1846 664 1900 quidem,
696 1845 851 1887 liberto
884 1849 976 1901 tuo,
1010 1846 1176 1887 dixeris.
1239 1844 1412 1886 Praeter
1444 1845 1526 1885 duo

181 1920 260 1947 nos
296 1905 488 1959 loquitur
528 1905 610 1945 isto
651 1905 777 1945 modo
818 1919 960 1961 nemo3
1001 1904 1107 1946 bene
1147 1904 1328 1958 malene,
1369 1903 1526 1956 videro,

183 1965 265 2019 sed,
299 1964 500 2019 quicquid
526 1966 599 2018 est,
631 1966 825 2004 nostrum
852 1966 924 2005 est.
968 1963 1086 2019 Urge
1112 1963 1246 2019 igitur
1270 1975 1346 2003 nec
1377 1962 1526 2002 ‘trans-

182 2038 350 2064 versum
382 2023 600 2079 unguem',
634 2022 748 2077 quod
780 2022 916 2077 aiunt,
955 2038 979 2063 a
1011 2022 1127 2077 stilo3
1159 2022 1195 2062 is
1228 2021 1339 2062 enim
1372 2023 1434 2061 est
1467 2020 1527 2061 di-

183 2082 301 2123 cendi
340 2082 492 2136 opifex.
554 2081 696 2136 Atque
736 2082 931 2136 equidem
969 2081 1232 2135 aliquantum
1274 2080 1356 2120 iam
1399 2079 1579 2120 etiamao

181 2141 317 2182 noctis
350 2141 535 2182 adsumo.
