1659 2552
91 913 112 943 ιο

138 103 222 144 126
635 99 976 135 EPISTULARUM

762 241 853 283 XV.

239 325 313 360 Ser.
340 326 497 359 Asturae
523 325 652 368 paucis
677 325 798 357 (listas
821 326 903 366 post
928 333 979 366 ep.
1012 321 1116 356 XIV
1137 333 1159 355 a
1187 323 1259 356 709
1286 323 1378 365 (45).

404 405 451 440 M.
480 405 649 440 CICERO
676 404 710 439 S.
742 404 783 438 D.
812 404 848 438 L.
877 401 1076 437 LUCCEIO
1104 401 1145 443 Q.
1171 401 1210 438 F.

228 490 376 530 Omnis
409 504 527 529 amor
558 492 656 529 tuus
688 502 738 528 ex
772 487 970 527 omnibus
999 486 1194 541 partibus
1227 499 1270 527 se
1296 485 1482 528 ostendit

139 549 181 589 in
215 549 267 589 iis
299 549 464 601 litteris,
497 562 600 601 quas
631 562 655 587 a
685 549 727 587 te
757 546 951 600 proxime
983 545 1136 600 accepi,
1170 559 1257 586 non
1288 545 1360 586 ille
1391 545 1481 599 qui·
1517 558 1534 583 5

139 607 233 648 dem
266 607 369 647 mihi
403 607 593 661 ignotus,
626 605 697 646 sed
728 608 869 645 tamen
901 607 1048 660 gratus
1080 607 1122 645 et
1154 606 1324 658 optatus
1355 602 1482 660 (dice-

138 680 227 707 rem
260 665 520 718 ‘iucundus’,
559 665 640 705 nisi
678 664 721 704 id
752 663 929 704 verbum
962 663 1006 703 in
1038 677 1162 704 omne
1192 666 1360 717 tempus
1390 676 1482 717 per-

139 724 369 777 didissem),
400 738 541 777 neque
568 723 621 764 ob
654 738 745 763 eam
777 737 904 763 unam
937 736 1125 776 causam,
1165 736 1292 776 quam
1329 724 1377 762 tu
1417 735 1482 762 su-

139 783 312 837 spicaris
338 785 378 823 et
406 783 447 822 in
474 797 556 835 qua
586 796 652 822 me
683 781 911 821 lenissimis
941 783 984 821 et
1015 781 1316 822 amantissimis
1340 780 1482 821 verbis

138 845 260 882 utens
298 856 340 882 re
377 841 565 896 graviter
601 854 786 894 accusas,
825 839 897 880 sed
928 840 1060 894 quod,
1098 840 1213 880 illius
1252 839 1362 880 tanti
1393 839 1481 880 vul·
1501 852 1534 877 10

138 901 250 941 neris
283 914 388 954 quae
420 899 605 940 remedia
635 913 724 939 esse
751 898 972 953 debebant,
1004 913 1052 939 ea
1076 899 1194 939 nulla
1219 901 1328 938 sunt.
1369 896 1482 946 Quid

140 959 281 999 enim?
325 958 377 998 ad
417 958 628 998 amicosne
669 957 945 1013 confugiam?
1007 956 1142 1006 Quam
1185 957 1310 998 multi
1354 957 1481 997 sunt?

139 1017 364 1058 habuimus
405 1017 517 1057 enim
558 1017 645 1057 fere
687 1016 940 1071 communis3
984 1030 1165 1070 quorum
1209 1015 1281 1056 alii
1322 1015 1481 1056 occide-

139 1079 248 1129 runt,
280 1076 351 1116 alii
383 1076 524 1116 nescio
551 1090 634 1129 quo
660 1078 784 1129 pacto
811 1075 1113 1116 obduruerunt.
1157 1074 1314 1115 Tecum
1339 1074 1481 1115 vivere

138 1149 304 1189 possem
348 1134 543 1187 equidem
581 1136 623 1174 et
659 1134 842 1174 maxime
882 1134 1056 1188 vellem3
1099 1136 1306 1187 vetustas,
1350 1147 1481 1187 amor,
1500 1145 1534 1171 15

139 1193 415 1245 consuetudo,
454 1192 593 1233 studia
624 1193 758 1246 paria3
792 1192 905 1246 quod
935 1192 1140 1247 vinclum,
1178 1205 1351 1247 quaeso,
1389 1192 1482 1233 dest

137 1255 305 1292 nostrae
344 1251 682 1292 coniunctionis?
742 1250 1026 1292 Possumusne
1066 1251 1200 1307 igitur
1239 1265 1328 1292 esse
1368 1250 1480 1292 una?

137 1324 214 1351 nec
243 1310 482 1350 mehercule
514 1310 733 1365 intellego,
772 1310 873 1363 quid
904 1310 1124 1364 impediat3
1165 1309 1237 1350 sed
1269 1312 1380 1350 certe
1411 1309 1481 1350 ad-

137 1369 220 1409 huc
251 1382 336 1408 non
368 1368 537 1422 fuimus,
570 1382 664 1408 cum
696 1381 880 1408 essemus
911 1368 1040 1408 vicini
1072 1368 1115 1408 in
1147 1367 1404 1422 Tusculano,
1435 1368 1480 1408 in

138 1426 390 1479 Puteolan03
423 1442 519 1466 nam
552 1427 654 1480 quid
686 1426 821 1467 dicam
854 1427 897 1466 in
929 1426 1063 1467 urbe?
1103 1427 1147 1467 in
1179 1441 1262 1480 qua
1293 1441 1388 1467 cum
1419 1426 1479 1468 fo-
1499 1438 1533 1464 20

91 1500 110 1527 3
139 1500 232 1525 rum
265 1499 485 1526 commune
518 1485 589 1538 sit,
622 1485 816 1525 vicinitas
847 1499 932 1526 non
964 1485 1205 1539 requiritur.
1269 1484 1350 1526 Sed
1382 1499 1479 1526 casu

91 2314 109 2343 5

138 1543 278 1584 nescio
310 1558 393 1597 quo
426 1544 469 1583 in
501 1558 549 1584 ea
579 1547 769 1598 tempora
794 1546 939 1584 nostra
964 1546 1077 1584 aetas
1103 1544 1263 1598 incidit,
1294 1547 1352 1598 ut,
1384 1558 1480 1585 cum

137 1603 319 1643 maxime
359 1602 510 1642 florere
550 1617 628 1642 nos
669 1605 899 1656 oporteret,
940 1605 1031 1643 tum
1063 1602 1204 1643 vivere
1241 1603 1369 1643 etiam
1405 1617 1480 1657 pu-

138 1661 264 1701 deret.
328 1660 449 1709 Quod
489 1660 601 1701 enim
639 1675 727 1701 esse
765 1663 931 1714 poterat
968 1661 1073 1701 mihi
1111 1661 1355 1717 perfugium
1387 1675 1481 1716 spo-

136 1719 240 1760 liato
273 1722 313 1759 et
347 1719 588 1759 domesticis
620 1722 661 1759 et
692 1719 931 1760 forensibus
968 1720 1227 1761 ornamentis
1259 1724 1385 1774 atque
1416 1734 1480 1761 so·
1499 1732 1533 1757 ²⁵

136 1778 284 1818 laeiis?
315 1777 513 1831 Litterae,
547 1778 682 1831 credo,
715 1778 868 1831 quibus
895 1781 993 1819 utor
1017 1779 1200 1830 assidue3
1233 1779 1335 1832 quid
1365 1779 1478 1820 enim

136 1837 250 1877 aliud
282 1836 416 1877 facere
448 1837 649 1891 possum?
682 1835 763 1877 Sed
795 1837 935 1878 nescio
967 1852 1050 1891 quo
1076 1837 1203 1879 modo
1235 1838 1350 1892 ipsae
1381 1837 1478 1878 illae

136 1895 355 1936 excludere
393 1910 460 1936 me
506 1909 529 1935 a
566 1898 693 1949 portu
735 1898 776 1936 et
814 1896 1011 1951 perfugio
1042 1896 1241 1937 videntur
1277 1899 1318 1937 et
1358 1896 1478 1950 quasi

137 1953 404 2008 exprobrare,
437 1954 550 2007 quod
578 1954 619 1994 in
645 1968 693 1994 ea
719 1954 805 1995 vita
830 1970 1034 2009 maneam,
1066 1955 1110 1995 in
1137 1969 1219 2009 qua
1243 1954 1352 1995 nihil
1376 1954 1478 1995 insit

136 2013 217 2052 nisi
249 2013 501 2067 propagatio
533 2013 759 2053 miserrimi
785 2014 1000 2068 temporis.
1061 2013 1144 2054 Hic
1168 2016 1215 2054 tu
1241 2027 1308 2054 me
1333 2012 1478 2054 abesse
1496 2025 1531 2050 3ο

136 2071 239 2111 urbe
283 2071 470 2126 miraris,
519 2071 563 2111 in
608 2086 689 2126 qua
734 2072 883 2113 domus
931 2072 1040 2113 nihil
1083 2072 1288 2113 delectare
1331 2071 1477 2126 possit,

137 2144 345 2170 summum
374 2130 427 2170 sit
455 2130 599 2170 odium
630 2133 883 2184 temporum,
914 2130 1150 2184 hominum,
1182 2130 1277 2183 fori,
1309 2129 1478 2171 curiae?

136 2186 282 2241 Itaque
315 2188 373 2228 sic
405 2188 559 2229 litteris
590 2191 699 2242 utor,
731 2189 775 2229 in
807 2189 961 2243 quibus
987 2203 1188 2230 consumo
1221 2202 1344 2229 omne
1375 2191 1478 2230 tem-

136 2260 230 2299 pus,
263 2260 346 2286 non
379 2250 425 2287 ut
458 2247 510 2287 ab
543 2247 595 2287 iis
626 2247 878 2288 medicinam
910 2250 1174 2302 perpetuam,
1213 2246 1284 2287 sed
1315 2249 1362 2287 ut
1394 2246 1479 2288 exi-

135 2318 261 2358 guam
295 2304 553 2346 oblivionem
586 2305 744 2346 doloris
774 2309 926 2360 petam.
988 2305 1147 2354 Quodsi
1178 2305 1221 2345 id
1247 2305 1530 2361 egissemus&
