1659 2552
201 91 288 133 436
701 89 1040 125 EPISTULARUM

813 231 928 274 XVI.

435 314 509 350 Ser.
537 314 721 349 Brundisi
741 324 798 358 μ’.
827 312 923 348 Non.
950 313 1034 347 Ian.
1061 324 1094 347 a.
1123 315 1195 348 707
1223 314 1312 358 (47).

482 395 681 430 TULLIUS
708 394 984 429 TERENTIAE
1013 393 1134 429 SUAE
1162 394 1195 429 S.
1221 394 1263 429 D.

289 480 328 523 S.
355 496 391 522 v.
419 481 457 521 b.
486 494 517 520 e.
545 495 581 520 v.
643 478 738 520 Etsi
771 479 860 520 eius
891 478 1007 520 modi
1040 481 1232 532 tempora
1263 481 1409 519 nostra
1434 480 1544 533 sunt,

198 542 246 581 ut
277 540 385 580 nihil
417 539 614 593 habeam,
656 537 771 592 quod
802 540 874 578 aut
906 553 929 578 a
960 540 1001 578 te
1032 537 1273 578 litterarum
1305 539 1543 592 exspectem
1582 547 1598 573 5

198 601 271 640 aut
302 599 391 653 ipse
419 598 471 637 ad
496 600 537 638 te
564 596 758 651 scribam,
790 599 931 637 tamen
957 596 1098 637 nescio
1125 610 1208 650 quo
1234 596 1361 637 modo
1387 598 1429 637 et
1454 596 1543 650 ipse

198 660 359 698 vestras
390 656 554 697 litteras
587 658 784 709 exspecto
817 658 858 696 ct
890 655 1029 696 scribo
1061 655 1114 695 ad
1145 668 1237 709 vos,
1270 668 1364 696 cum
1395 654 1544 709 habeo,

200 717 272 770 qui
305 716 423 756 ferat.

288 773 519 815 Volumnia
557 773 704 814 debuit
736 772 780 812 in
811 775 852 813 te
885 772 1116 813 officiosior
1147 786 1254 826 esse,
1293 787 1419 826 quam
1450 772 1544 826 fuit,

201 836 241 875 et
279 834 323 874 id
360 834 518 888 ipsum,
557 831 671 886 quod
708 831 825 886 fecit,
865 831 1006 886 potuit
1045 831 1291 887 diligentius
1328 832 1464 872 facere
1502 834 1544 872 et
1564 843 1597 868 10

200 892 373 933 cautius.
436 891 702 945 Quamquam
743 890 826 930 alia
865 893 983 944 sunt,
1028 904 1134 944 quae
1173 890 1310 945 magis
1351 904 1544 932 curemus

198 951 418 1007 magisque
452 950 685 1003 doleamus,
718 963 824 1003 quae
855 964 922 990 me
955 949 1015 989 ita
1046 948 1294 1003 conficiunt,
1331 951 1380 990 ut
1410 949 1441 990 ii
1473 962 1543 989 vo-

198 1010 385 1064 luerunt,
428 1009 500 1064 qui
531 1023 599 1049 me
632 1008 682 1049 de
712 1022 806 1048 mea
837 1008 1046 1049 sententia
1079 1007 1357 1048 detruserunt.
1421 1006 1543 1062 Cura,

200 1071 247 1109 ut
278 1069 429 1110 valeas.
462 1067 530 1108 Pr.
562 1067 672 1109 Non.
705 1065 790 1107 Ian.

805 1182 940 1225 XVII.
1565 1194 1596 1219 15

386 1265 460 1301 Sor.
487 1265 671 1300 Brundisi
695 1276 728 1299 a.
757 1267 829 1299 706
863 1266 941 1308 (48)
969 1265 1050 1299 circ.
1080 1264 1170 1298 XII
1196 1264 1242 1298 K.
1269 1264 1354 1299 Ian.

482 1345 682 1380 TULLIUS
707 1339 983 1379 TERENTIAE
1011 1345 1132 1379 SUAE
1160 1344 1193 1380 S.
1221 1345 1263 1379 D.

288 1430 327 1472 S.
360 1446 396 1472 v.
428 1431 467 1471 b.
500 1445 532 1471 e.
565 1445 601 1470 v.
644 1428 688 1470 Si
715 1429 817 1483 quid
847 1429 1058 1482 haberem,
1092 1428 1205 1482 quod
1231 1428 1284 1469 ad
1314 1431 1355 1469 te
1388 1428 1541 1469 scribe-

199 1505 305 1544 rem,
337 1490 517 1530 facerem
550 1489 593 1528 id
624 1491 665 1529 et
695 1487 889 1542 pluribus
921 1487 1061 1528 verbis
1094 1490 1135 1528 et
1167 1487 1343 1542 saepius.
1404 1486 1541 1541 Nunc,

201 1563 306 1603 quae
338 1548 422 1588 sint
454 1547 636 1602 negotia,
668 1547 801 1600 vides3
834 1560 912 1601 ego
939 1548 1079 1586 autem
1106 1561 1189 1600 quo
1215 1546 1342 1586 modo
1369 1546 1449 1586 sim
1475 1546 1543 1586 ad·
1562 1558 1595 1583 20

198 1609 349 1661 fectus,
390 1621 442 1647 ex
472 1606 606 1659 Lepta
643 1607 684 1646 et
722 1604 921 1645 Trebatio
959 1604 1118 1659 poteris
1151 1619 1414 1660 cognoscere.
1477 1604 1541 1645 Tu

198 1666 274 1720 fac,
306 1668 353 1706 ut
383 1667 501 1706 tuam
533 1667 575 1705 et
606 1663 769 1704 Tulliae
801 1663 1086 1704 valetudinem
1119 1678 1249 1705 cures.
1306 1662 1423 1704 Vale..

792 1803 947 1845 XVIII.

454 1885 528 1920 Ser.
557 1885 717 1920 Formiis
742 1885 808 1918 IX
831 1884 878 1919 K.
907 1884 1012 1919 Febr.
1039 1896 1072 1919 a.
1101 1886 1172 1919 705
1200 1887 1289 1928 (49).

233 1966 431 2001 TULLIUS
457 1965 733 2000 TERENTIAE
766 1966 887 2000 SUAE
913 1966 974 1999 ET
1000 1965 1159 1999 PATER
1186 1964 1502 2000 SUAVISSIMAE
1559 1978 1593 2004 25

349 2024 526 2067 FLLIAE,
554 2024 723 2059 CICERO
751 2024 904 2058 MATRI
929 2024 990 2057 ET
1017 2023 1192 2058 SORORI
1219 2024 1251 2058 S.
1278 2023 1320 2058 D.
1347 2022 1384 2057 P.

287 2119 648 2161 Considerandum
694 2120 816 2160 vobis
857 2119 984 2160 etiam
1025 2122 1150 2173 atque
1191 2119 1335 2172 etiam,
1376 2117 1539 2158 animae

197 2193 324 2232 meae,
358 2178 584 2234 diligenter
614 2181 736 2232 puto,
771 2178 873 2232 quid
904 2178 1085 2231 faciatis,
1117 2177 1330 2218 Romaene
1362 2176 1455 2216 sitis
1487 2191 1539 2216 an

198 2252 363 2278 mecum
407 2252 459 2277 an
504 2237 646 2291 aliquo
691 2239 785 2277 tuto
830 2237 946 2291 loco3
996 2236 1039 2276 id
1082 2250 1166 2276 non
1217 2235 1354 2276 solum
1397 2249 1539 2275 meum

200 2296 423 2336 consilium
465 2298 547 2350 est,
592 2295 664 2336 sed
705 2295 832 2336 etiam
874 2298 1070 2336 vestrum.
1131 2293 1238 2334 Mihi
1280 2293 1455 2334 veniunt
1496 2293 1539 2333 in
1557 2293 1593 2330 30
