1659 2552
125 1920 144 1949 10

164 110 220 152 56
664 107 1003 143 EPISTULARUM

165 221 190 247 a
220 208 262 246 te
295 205 536 259 discederet,
568 204 782 259 integrum
814 203 1000 243 militum
1025 216 1248 243 numerum
1274 201 1413 243 fuisse.
1453 200 1504 243 Id

166 265 202 306 si
234 265 293 305 ita
324 267 398 318 est,
429 266 674 319 pergratum
706 262 811 303 mihi
843 261 1003 315 feceiiS,
1034 260 1069 301 si
1101 260 1202 301 istas
1234 261 1407 317 exiguas
1438 274 1504 302 co-

165 324 268 378 pias,
300 337 403 377 quas
433 322 632 376 habuisti,
665 336 790 375 quam
816 320 990 360 minime
1015 319 1275 360 inminueris.
1337 318 1428 368 Qua
1454 319 1503 361 de

167 396 211 423 re
243 384 411 422 senatus
443 381 635 422 consulta
667 394 772 434 quae
803 380 914 419 facta
945 380 1060 433 sunt,
1101 378 1153 418 ad
1184 380 1225 419 te
1256 377 1385 419 missa
1415 391 1503 419 esse

167 440 362 482 arbitror
425 439 634 494 Equidem
672 453 748 493 pio
787 452 853 491 eo,
887 437 1033 492 quanti
1065 438 1107 477 te
1137 437 1264 491 facio,
1305 436 1505 491 quicquid
1540 447 1557 474 5

167 499 327 553 feceris,
360 498 616 553 adprobabo,
648 497 721 538 sed
751 499 791 537 te
825 510 992 550 quoque
1018 495 1183 536 confido
1210 509 1258 536 ea
1282 495 1504 549 facturum,

167 573 273 612 quae
304 557 409 598 mihi
442 557 660 611 intelle‹›·es
692 555 874 596 maxime
906 569 994 595 esse
1026 554 1349 595 accommodata.
1411 553 1505 610 Ego

169 616 211 657 C.
242 616 538 671 Pomptinum.
578 616 765 670 le‹ratum
804 627 966 667 meum,
1003 612 1203 654 Brundisi
1234 613 1506 667 expectabam

168 690 347 729 eumque
380 678 475 715 ante
507 672 975 714 K.Iu11.B1undjsium
999 674 1225 713 venturum
1257 672 1505 713 arbitrabar.

168 734 248 783 Qui
282 749 376 774 cum
407 733 581 786 venelit,
613 746 718 786 quae
748 731 934 786 primum
965 731 1193 786 navigandi
1222 731 1348 772 nobis
1378 730 1506 772 facul·
1526 741 1560 767 10

169 796 233 834 tas
267 793 362 833 data
395 793 485 846 erit,
519 795 696 832 utemur.

800 894 873 937 IV.

217 978 291 1013 Ser.
319 978 503 1013 Brundisi
522 977 621 1021 prid.
649 976 746 1011 Non.
773 980 839 1012 aut
866 977 954 1020 ipsis
974 977 1070 1012 Non.
1098 976 1181 1010 Iun.
1209 988 1241 1011 a.
1271 977 1342 1010 703
1369 977 1458 1018 (51).

482 1058 671 1094 CICERO
697 1058 731 1093 S.
759 1059 808 1094 D.
834 1058 914 1094 AP.
941 1057 1201 1094 PULCHRO.

257 1143 399 1184 Pridie
429 1142 576 1184 Nonas
605 1141 766 1197 Iunias,
805 1156 899 1183 cum
931 1157 1064 1183 essem
1094 1141 1312 1195 Brundisi,
1343 1141 1507 1182 litteras
1528 1151 1561 1178 ¹5

170 1205 264 1243 tuas
302 1202 452 1256 accepi,
492 1201 646 1255 quibus
684 1204 773 1242 erat
811 1201 1014 1255 scriptum
1051 1203 1092 1241 te
1129 1200 1174 1241 L.
1209 1199 1356 1241 Clodio
1393 1213 1508 1240 man-

172 1262 300 1314 dasse,
333 1275 438 1315 quae
470 1260 592 1301 illum
623 1274 788 1300 mecum
819 1260 937 1313 loqui
968 1260 1106 1301 velles.
1168 1259 1279 1300 Eum
1312 1272 1409 1299 sane
1440 1272 1509 1300 ex-

170 1319 410 1373 pectabam,
455 1321 503 1359 ut
540 1333 606 1372 ea,
651 1333 756 1372 quae
794 1333 817 1358 a
849 1321 890 1359 te
922 1318 1121 1372 adferret,
1160 1332 1285 1372 quam
1321 1317 1507 1371 primum

171 1392 478 1433 cognoscerem.
539 1376 683 1417 Meum
722 1377 908 1417 studium
946 1392 1046 1432 erga
1082 1379 1124 1417 te
1155 1379 1197 1417 et
1229 1376 1416 1417 officium
1446 1377 1507 1416 ta-

170 1437 294 1477 metsi
332 1436 478 1477 multis
516 1436 600 1476 iam
637 1435 762 1476 rebus
794 1450 915 1489 spero
947 1435 1027 1476 tibi
1059 1449 1146 1475 esse
1179 1434 1414 1499 cognitum,
1446 1437 1505 1474 ta·
1525 1445 1561 1471 20

169 1510 266 1536 men
298 1495 340 1535 in
372 1495 424 1535 iis
455 1495 637 1535 maxime
669 1494 901 1548 declarabo,
933 1494 1087 1548 quibus
1117 1493 1348 1547 pluiimum
1379 1493 1507 1548 signi-

169 1554 294 1595 ficare
325 1555 503 1608 potuero
535 1555 652 1594 tuam
677 1553 782 1593 mihi
809 1552 1164 1599 existimationem
1189 1554 1231 1592 et
1257 1551 1507 1607 dignitatem

171 1611 431 1654 carissimam
475 1626 573 1653 esse.
635 1610 742 1652 Mihi
786 1614 828 1652 et
871 1610 916 1660 Q.
952 1611 1108 1651 labius
1151 1609 1423 1666 Vergilianus
1466 1612 1508 1651 et

172 1669 215 1714 C.
245 1669 422 1713 Flaccus
461 1670 506 1712 L.
539 1671 565 1711 f.
599 1672 640 1710 et
681 1670 1001 1725 dili‹re11tissime
1041 1669 1097 1710 M.
1131 1668 1330 1710 Octavius
1368 1668 1441 1709 Cn.
1479 1669 1506 1709 f.

171 1730 476 1773 demonstiavit
501 1744 567 1770 me
594 1744 616 1769 a
642 1731 682 1769 te
708 1729 880 1783 plurimi
901 1729 1010 1783 fieri3
1037 1728 1150 1794 quod
1169 1730 1337 1784 egomet
1360 1727 1507 1768 multis
1526 1738 1560 1764 25

171 1789 432 1845 algumentis
464 1788 547 1828 iam
579 1790 701 1828 antea
732 1788 962 1828 iudicaram
992 1787 1258 1840 maximeque
1289 1786 1364 1828 illo
1395 1786 1506 1827 libro

172 1848 381 1903 augurali,
420 1862 544 1901 quem
583 1847 635 1887 ad
665 1861 731 1887 me
764 1846 1049 1887 amantissime
1080 1846 1284 1900 scriptum
1315 1844 1508 1886 suavissi-

171 1922 287 1948 mum
318 1906 483 1947 misisti.
545 1905 640 1946 Mea
671 1905 715 1945 in
747 1907 787 1946 te
820 1905 961 1946 omnia
993 1919 1155 1946 summa
1188 1902 1507 1945 necessitudinis

173 1966 312 2007 officia
344 1965 607 2006 constabunt.
669 1963 780 2005 Nam
819 1978 914 2005 cum
944 1967 986 2004 te
1018 1964 1176 2017 ipsum,
1208 1978 1259 2004 ex
1290 1976 1373 2016 quo
1403 1963 1507 2002 tem-

171 2039 272 2079 pore
309 2027 355 2065 ιιι
393 2038 459 2065 me
493 2024 667 2079 diligere
707 2023 893 2077 coepisti,
931 2022 1085 2063 cotidie
1115 1997 1249 2076 plin-is
1280 2020 1376 2073 feci,
1413 2022 1505 2060 tum
1525 2031 1560 2057 30

173 2086 434 2124 accesserunt
465 2083 592 2123 etiam
628 2082 944 2123 coniunctiones
974 2080 1303 2122 necessariorum
1334 2081 1506 2119 tuorum

173 2141 274 2184 (duo
313 2142 424 2182 enim
463 2142 639 2182 duarum
677 2143 863 2182 aetatum
899 2139 1073 2194 plurimi
1112 2138 1237 2192 facio,
1280 2136 1351 2178 Cn.
1384 2136 1507 2177 Pom-

171 2201 333 2254 peium,
373 2201 484 2241 filiae
521 2203 618 2241 tuae
655 2213 867 2252 socer,um
908 2201 949 2239 et
986 2197 1041 2238 M.
1073 2197 1272 2249 Brutum,
1303 2210 1506 2251 generum

171 2257 328 2314 tuum),
368 2259 632 2314 conleoiique
669 2233 909 2299 coniunet’io
940 2255 1188 2311 praesertim
1219 2257 1306 2294 tam
1337 2254 1507 2295 honori-

171 2317 247 2357 fice
281 2332 303 2356 a
334 2320 374 2357 te
407 2317 638 2371 adprobata
676 2331 762 2357 non
793 2315 1001 2357 mediocre
1033 2313 1248 2354 vinculum
1279 2312 1383 2353 mihi
1417 2312 1506 2366 qui-
1525 2322 1559 2349 ⁸5
