1659 2552
1171 35 1197 65 Q

156 115 238 156 146
648 111 987 147 EPISTULARUM

153 210 381 252 metuendo
418 209 517 250 mali
557 209 612 250 sit
650 223 775 262 quani
818 207 861 248 in
900 207 993 261 ipso
1032 206 1124 260 illo,
1163 205 1277 260 quod
1313 205 1500 260 timetur,

155 269 312 324 desino,
337 268 586 323 praescitim
614 282 707 308 cum
736 267 777 307 id
803 265 1055 319 impendeat,
1081 264 1126 306 in
1152 278 1236 319 quo
1261 278 1348 306 non
1371 263 1500 306 modo

156 329 278 369 dolor
319 328 482 380 nullus,
526 341 672 367 verum
716 325 813 365 finis
858 324 985 364 etiam
1030 323 1190 365 doloris
1226 323 1396 364 futurus
1432 322 1500 364 sit.

155 386 238 428 Sed
269 387 372 428 haec
410 386 511 426 satis
543 385 677 425 multa
708 383 774 424 vel
811 383 934 437 plura
971 383 1131 437 potius,
1170 396 1297 437 quam
1332 395 1501 422 necesse

155 446 254 494 fuit;
286 445 388 485 facit
420 447 561 484 autem
593 457 678 484 non
711 442 946 496 loquacitas
977 456 1082 496 mea,
1115 441 1188 482 sed
1212 440 1501 482 benivolentia
1537 450 1555 477 ὅ

155 495 372 559 longiores
404 502 613 557 epistolas.

230 539 441 603 ‘'Servium
469 560 705 601 discessisse
730 558 913 599 Athenis
943 557 1121 598 moleste
1147 557 1246 613 tuli3
1277 572 1363 599 non
1388 556 1502 599 enim

157 621 324 674 dubito,
357 620 458 674 quin
489 633 666 674 magnae
698 617 779 658 tibi
809 616 1014 658 levationi
1046 616 1197 657 solitus
1229 617 1285 657 sit
1315 630 1405 658 esse
1436 629 1502 657 co-

156 679 342 720 tidianus
381 691 630 733 congressus
667 679 709 717 et
747 689 886 717 sermo
929 689 1024 716 cum
1066 675 1388 716 familiarissimi
1427 674 1502 716 ho-

156 738 283 779 minis
323 741 414 778 tum
460 736 610 790 optimi
654 737 695 775 et
737 733 1060 789 prudentissimi
1101 734 1193 775 viri.
1268 733 1333 775 Tu
1372 733 1501 775 velim
1522 743 1556 768 1⁰

156 800 216 852 te,
248 799 294 836 ut
322 796 446 836 debes
473 798 514 835 et
541 795 660 847 soles
692 796 766 834 tua
791 793 949 843 virtute
974 795 1194 834 sustentes,
1256 792 1364 849 Ego,
1396 806 1502 847 quae

155 858 198 896 te
236 855 343 895 velle
382 868 570 908 quieque
609 827 661 892 ad
698 855 739 893 te
778 855 819 893 et
859 852 912 893 ad
949 854 1047 893 tuos
1082 852 1295 906 pertinere
1326 851 1504 892 arbitra—

157 913 252 966 bor,
295 913 436 953 omnia
468 912 655 952 studiose
689 911 998 966 diligenterque
1031 910 1198 951 curabo.
1261 910 1376 959 Quae
1407 924 1504 951 cum

157 972 324 1025 faciam,
356 970 689 1012 benivolentiam
720 972 839 1011 tuam
870 983 971 1025 erga
1001 983 1069 1010 me
1100 969 1320 1024 imitabor,
1350 969 1504 1010 merita

155 1045 242 1072 non
276 1031 491 1084 adsequar.
553 1028 671 1070 Vale.
1523 1047 1556 1073 15

798 1179 850 1221 V.

438 1261 510 1296 Ser.
538 1261 675 1296 Romae
699 1272 752 1295 ex.
779 1273 822 1295 m.
844 1261 933 1295 Dec.
965 1272 998 1295 a.
1027 1262 1100 1295 708
1129 1262 1219 1304 (46).

462 1342 511 1377 M.
539 1341 707 1376 CICERO
735 1342 768 1377 S.
795 1342 837 1376 D.
866 1342 907 1376 A.
936 1341 1186 1376 CAECINAE.

246 1438 632 1491 Quotienscumque
669 1437 806 1478 filium
844 1440 967 1478 tuum
1010 1437 1134 1478 video
1179 1435 1321 1492 (video
1361 1437 1503 1476 autem

158 1498 244 1539 fere
285 1495 479 1552 cotidie),
520 1496 725 1550 polliceor
762 1496 800 1536 ei
841 1495 1030 1536 studium
1072 1495 1242 1549 quidem
1280 1509 1423 1535 meum
1460 1496 1502 1535 et
1522 1505 1557 1530 2⁰

158 1571 329 1611 operam
368 1556 456 1596 sine
494 1555 581 1596 ulla
625 1554 872 1608 exceptione
911 1556 983 1595 aut
1020 1554 1180 1595 laboris
1220 1555 1292 1594 aut
1330 1567 1504 1607 occupa-

156 1615 286 1655 tionis
325 1616 398 1654 aut
437 1613 662 1667 temporis,
702 1613 885 1669 gratiam
928 1615 1069 1654 autem
1112 1615 1238 1667 atque
1279 1612 1505 1653 auctorita·

157 1677 242 1714 tem
270 1687 364 1713 cum
390 1672 468 1713 hac
499 1672 758 1726 exceptione,
791 1674 998 1726 quantum
1024 1671 1188 1712 valeam
1215 1673 1504 1725 quantumque

158 1732 328 1786 possim.

245 1789 374 1830 Liber
405 1792 503 1829 tuus
535 1791 576 1829 et
606 1788 740 1829 lectus
771 1792 834 1829 est
866 1791 908 1829 et
938 1789 1097 1845 legitur
1129 1803 1152 1829 a
1182 1803 1250 1829 me
1278 1788 1505 1844 diligenter
1523 1796 1557 1824 2⁵

159 1851 200 1889 et
226 1848 463 1889 custoditur
489 1847 824 1903 diligentissime.
868 1846 953 1888 Res
979 1850 1021 1888 et
1046 1848 1241 1888 fortunae
1274 1850 1371 1888 tuae
1396 1845 1503 1887 mihi

158 1907 365 1947 maximae
411 1921 532 1947 curae
577 1909 692 1961 sunt3
737 1920 843 1959 quae
885 1906 1056 1960 quidem
1098 1906 1252 1947 cotidie
1291 1905 1503 1946 faciliores

157 1966 264 2006 mihi
304 1968 346 2006 et
386 1965 583 2005 meliores
623 1965 841 2019 videntur,
885 1965 1117 2019 multisque
1157 1964 1280 2006 video
1323 1976 1503 2019 magnae

159 2038 247 2065 esse
280 2038 421 2078 curae3
453 2038 633 2078 quorum
667 2024 716 2064 de
748 2023 889 2064 studio
922 2026 964 2064 et
996 2024 1046 2065 de
1078 2038 1153 2065 sua
1183 2037 1256 2078 spe
1281 2022 1419 2063 filium
1450 2021 1504 2062 ad

115 2114 132 2122 -
159 2085 199 2122 te
231 2082 524 2136 perscripsisse
557 2084 671 2123 certo
703 2082 801 2123 scio.
861 2080 920 2123 Iis
959 2085 1100 2123 autem
1133 2082 1182 2123 de
1214 2080 1357 2135 rebus,
1399 2093 1503 2135 quas
1522 2091 1556 2116 ³0

160 2141 399 2181 coniectura
431 2141 630 2195 consequi
656 2155 893 2195 possumus,
925 2155 1011 2182 non
1035 2140 1143 2182 mihi
1170 2153 1303 2193 sumo⁷
1334 2141 1382 2180 ut
1407 2139 1504 2194 plus

161 2199 248 2252 ipse
279 2200 546 2253 prospiciam,
579 2214 705 2253 quam
731 2202 773 2241 te
798 2199 941 2241 videre
967 2202 1094 2254 atque
1124 2198 1371 2253 intellegere
1395 2197 1504 2238 mihi·

160 2259 456 2313 persuaserim3
488 2258 561 2298 sed
585 2261 738 2312 tamen,
771 2258 871 2312 quia
894 2258 987 2299 fieri
1012 2260 1164 2313 potest,
1195 2259 1243 2297 ut
1268 2259 1315 2297 tu
1341 2271 1389 2297 ea
1412 2270 1505 2311 per-

161 2315 395 2356 turbatiore
417 2316 557 2357 animo
578 2317 750 2372 cogites,
775 2319 881 2371 puto
902 2331 991 2358 esse
1009 2331 1163 2370 meum,
1190 2315 1292 2370 quid
1312 2315 1503 2369 sentiam,
