<?xml version="1.0" encoding="UTF-8"?>
<!DOCTYPE html PUBLIC "-//W3C//DTD XHTML 1.0 Transitional//EN"
    "http://www.w3.org/TR/xhtml1/DTD/xhtml1-transitional.dtd">
<html xmlns="http://www.w3.org/1999/xhtml" xml:lang="en" lang="en">
 <head>
  <title>
</title>
<meta http-equiv="Content-Type" content="text/html;charset=utf-8" />
  <meta name='ocr-system' content='tesseract 3.04.00' />
  <meta name='ocr-capabilities' content='ocr_page ocr_carea ocr_par ocr_line ocrx_word'/>
</head>
<body>
  <div class='ocr_page' id='page_1' title='image "./p1scriptaquaemanse03ciceuoft_0680.png"; bbox 0 0 1659 2552; ppageno 0'>
   <div class='ocr_carea' id='block_1_1' title="bbox 180 114 1019 157">
    <p class='ocr_par' dir='ltr' id='par_1_1' title="bbox 180 114 1019 157">
     <span class='ocr_line' id='line_1_1' title="bbox 180 114 1019 157; baseline -0.011 0"><span class='ocrx_word' id='word_1_1' title='bbox 180 116 266 157; x_wconf 79' lang='lat'>550</span> <span class='ocrx_word' id='word_1_2' title='bbox 679 114 1019 150; x_wconf 81' lang='lat' dir='ltr'>EPISTULARUM</span> 
     </span>
    </p>
   </div>
   <div class='ocr_carea' id='block_1_2' title="bbox 175 208 1620 1616">
    <p class='ocr_par' dir='ltr' id='par_1_2' title="bbox 175 208 1572 676">
     <span class='ocr_line' id='line_1_2' title="bbox 177 208 1519 266; baseline -0.001 -14"><span class='ocrx_word' id='word_1_3' title='bbox 177 226 339 266; x_wconf 83' lang='lat' dir='ltr'>omneS,</span> <span class='ocrx_word' id='word_1_4' title='bbox 376 213 593 265; x_wconf 78' lang='lat' dir='ltr'>tamquam</span> <span class='ocrx_word' id='word_1_5' title='bbox 632 211 665 251; x_wconf 88' lang='lat' dir='ltr'>si</span> <span class='ocrx_word' id='word_1_6' title='bbox 703 214 750 251; x_wconf 90' lang='lat' dir='ltr'>tu</span> <span class='ocrx_word' id='word_1_7' title='bbox 790 225 915 264; x_wconf 83' lang='lat' dir='ltr'>esses,</span> <span class='ocrx_word' id='word_1_8' title='bbox 957 210 1017 251; x_wconf 87' lang='lat' dir='ltr'>ita</span> <span class='ocrx_word' id='word_1_9' title='bbox 1048 211 1230 252; x_wconf 88' lang='lat' dir='ltr'>fuerunt.</span> <span class='ocrx_word' id='word_1_10' title='bbox 1290 208 1414 250; x_wconf 88' lang='lat' dir='ltr'>Nihil</span> <span class='ocrx_word' id='word_1_11' title='bbox 1443 209 1519 250; x_wconf 89' lang='lat' dir='ltr'>ho-</span> 
     </span>
     <span class='ocr_line' id='line_1_3' title="bbox 176 269 1517 325; baseline -0.001 -14"><span class='ocrx_word' id='word_1_12' title='bbox 176 270 340 311; x_wconf 89' lang='lat' dir='ltr'>minum</span> <span class='ocrx_word' id='word_1_13' title='bbox 382 284 572 311; x_wconf 83' lang='lat' dir='ltr'>sermone</span> <span class='ocrx_word' id='word_1_14' title='bbox 614 270 717 310; x_wconf 82' lang='lat' dir='ltr'>foris</span> <span class='ocrx_word' id='word_1_15' title='bbox 759 269 922 310; x_wconf 84' lang='lat' dir='ltr'>clarius.</span> <span class='ocrx_word' id='word_1_16' title='bbox 984 269 1079 325; x_wconf 86' lang='lat' dir='ltr'>Ego</span> <span class='ocrx_word' id='word_1_17' title='bbox 1119 271 1261 310; x_wconf 88' lang='lat' dir='ltr'>tamen</span> <span class='ocrx_word' id='word_1_18' title='bbox 1297 282 1361 310; x_wconf 81' lang='lat' dir='ltr'>me</span> <span class='ocrx_word' id='word_1_19' title='bbox 1393 270 1517 309; x_wconf 87' lang='lat' dir='ltr'>teneo</span> 
     </span>
     <span class='ocr_line' id='line_1_4' title="bbox 176 326 1518 383; baseline -0.001 -13"><span class='ocrx_word' id='word_1_20' title='bbox 176 329 228 370; x_wconf 87' lang='lat' dir='ltr'>ab</span> <span class='ocrx_word' id='word_1_21' title='bbox 249 329 494 383; x_wconf 86' lang='lat' dir='ltr'>accusando,</span> <span class='ocrx_word' id='word_1_22' title='bbox 525 329 597 368; x_wconf 80' lang='lat' dir='ltr'>vix</span> <span class='ocrx_word' id='word_1_23' title='bbox 616 328 866 381; x_wconf 80' lang='lat' dir='ltr'>mehercule,</span> <span class='ocrx_word' id='word_1_24' title='bbox 894 328 966 369; x_wconf 85' lang='lat' dir='ltr'>sed</span> <span class='ocrx_word' id='word_1_25' title='bbox 984 330 1126 369; x_wconf 87' lang='lat' dir='ltr'>tamen</span> <span class='ocrx_word' id='word_1_26' title='bbox 1145 330 1281 382; x_wconf 89' lang='lat' dir='ltr'>teneo,</span> <span class='ocrx_word' id='word_1_27' title='bbox 1312 326 1380 368; x_wconf 85' lang='lat' dir='ltr'>vel</span> <span class='ocrx_word' id='word_1_28' title='bbox 1404 326 1518 381; x_wconf 92' lang='lat' dir='ltr'>quod</span> 
     </span>
     <span class='ocr_line' id='line_1_5' title="bbox 175 385 1518 442; baseline -0.002 -13"><span class='ocrx_word' id='word_1_29' title='bbox 175 389 275 429; x_wconf 89' lang='lat' dir='ltr'>nolo</span> <span class='ocrx_word' id='word_1_30' title='bbox 308 403 402 429; x_wconf 89' lang='lat' dir='ltr'>cum</span> <span class='ocrx_word' id='word_1_31' title='bbox 434 387 638 441; x_wconf 86' lang='lat' dir='ltr'>Pompeio</span> <span class='ocrx_word' id='word_1_32' title='bbox 668 401 858 442; x_wconf 82' lang='lat' dir='ltr'>pugnare</span> <span class='ocrx_word' id='word_1_33' title='bbox 890 386 1011 441; x_wconf 83' lang='lat' dir='ltr'>(satis</span> <span class='ocrx_word' id='word_1_34' title='bbox 1043 389 1123 441; x_wconf 88' lang='lat' dir='ltr'>est,</span> <span class='ocrx_word' id='word_1_35' title='bbox 1162 386 1275 440; x_wconf 91' lang='lat' dir='ltr'>quod</span> <span class='ocrx_word' id='word_1_36' title='bbox 1306 386 1436 426; x_wconf 88' lang='lat' dir='ltr'>instat</span> <span class='ocrx_word' id='word_1_37' title='bbox 1467 385 1518 427; x_wconf 89' lang='lat' dir='ltr'>de</span> 
     </span>
     <span class='ocr_line' id='line_1_6' title="bbox 176 444 1572 503; baseline -0.002 -15"><span class='ocrx_word' id='word_1_38' title='bbox 176 446 367 503; x_wconf 79' lang='lat' dir='ltr'>Milone),</span> <span class='ocrx_word' id='word_1_39' title='bbox 399 447 466 487; x_wconf 83' lang='lat' dir='ltr'>vel</span> <span class='ocrx_word' id='word_1_40' title='bbox 498 446 611 500; x_wconf 87' lang='lat' dir='ltr'>quod</span> <span class='ocrx_word' id='word_1_41' title='bbox 643 445 801 486; x_wconf 87' lang='lat' dir='ltr'>iudices</span> <span class='ocrx_word' id='word_1_42' title='bbox 827 446 966 486; x_wconf 90' lang='lat' dir='ltr'>nullos</span> <span class='ocrx_word' id='word_1_43' title='bbox 997 445 1212 486; x_wconf 88' lang='lat' dir='ltr'>habemus.</span> <span class='ocrx_word' id='word_1_44' title='bbox 1251 444 1518 499; x_wconf 76' lang='grc' dir='ltr'><strong><em>Ἀπότευγμα</em></strong></span> <span class='ocrx_word' id='word_1_45' title='bbox 1555 459 1572 485; x_wconf 85' lang='grc'>5</span> 
     </span>
     <span class='ocr_line' id='line_1_7' title="bbox 176 503 1518 559; baseline -0.001 -13"><span class='ocrx_word' id='word_1_46' title='bbox 176 506 371 559; x_wconf 88' lang='lat' dir='ltr'>formido,</span> <span class='ocrx_word' id='word_1_47' title='bbox 404 505 511 545; x_wconf 85' lang='lat' dir='ltr'>addo</span> <span class='ocrx_word' id='word_1_48' title='bbox 533 505 660 546; x_wconf 89' lang='lat' dir='ltr'>etiam</span> <span class='ocrx_word' id='word_1_49' title='bbox 682 504 1024 545; x_wconf 88' lang='lat' dir='ltr'>malevolentiam</span> <span class='ocrx_word' id='word_1_50' title='bbox 1048 504 1283 558; x_wconf 89' lang='lat' dir='ltr'>hominum,</span> <span class='ocrx_word' id='word_1_51' title='bbox 1309 505 1351 544; x_wconf 88' lang='lat' dir='ltr'>et</span> <span class='ocrx_word' id='word_1_52' title='bbox 1375 503 1518 557; x_wconf 88' lang='lat' dir='ltr'>timeo,</span> 
     </span>
     <span class='ocr_line' id='line_1_8' title="bbox 177 563 1518 617; baseline -0.001 -12"><span class='ocrx_word' id='word_1_53' title='bbox 177 579 228 605; x_wconf 91' lang='lat' dir='ltr'>ne</span> <span class='ocrx_word' id='word_1_54' title='bbox 260 565 323 605; x_wconf 91' lang='lat' dir='ltr'>illi</span> <span class='ocrx_word' id='word_1_55' title='bbox 355 578 422 605; x_wconf 90' lang='lat' dir='ltr'>me</span> <span class='ocrx_word' id='word_1_56' title='bbox 455 566 674 604; x_wconf 72' lang='lat' dir='ltr'>accusante</span> <span class='ocrx_word' id='word_1_57' title='bbox 707 563 869 617; x_wconf 88' lang='lat' dir='ltr'>aliquid</span> <span class='ocrx_word' id='word_1_58' title='bbox 899 563 1076 617; x_wconf 86' lang='lat' dir='ltr'>accidat,</span> <span class='ocrx_word' id='word_1_59' title='bbox 1114 577 1191 604; x_wconf 89' lang='grc'><strong>1100</strong></span> <span class='ocrx_word' id='word_1_60' title='bbox 1223 563 1397 617; x_wconf 88' lang='lat' dir='ltr'>despero</span> <span class='ocrx_word' id='word_1_61' title='bbox 1429 576 1518 603; x_wconf 86' lang='lat' dir='ltr'>rem</span> 
     </span>
     <span class='ocr_line' id='line_1_9' title="bbox 177 622 1306 676; baseline -0.002 -12"><span class='ocrx_word' id='word_1_62' title='bbox 177 626 218 664; x_wconf 88' lang='lat' dir='ltr'>et</span> <span class='ocrx_word' id='word_1_63' title='bbox 249 623 338 664; x_wconf 84' lang='lat' dir='ltr'>sine</span> <span class='ocrx_word' id='word_1_64' title='bbox 369 637 436 663; x_wconf 88' lang='lat' dir='ltr'>me</span> <span class='ocrx_word' id='word_1_65' title='bbox 467 626 505 663; x_wconf 73' lang='lat' dir='ltr'>ct</span> <span class='ocrx_word' id='word_1_66' title='bbox 533 636 619 663; x_wconf 88' lang='lat' dir='ltr'>non</span> <span class='ocrx_word' id='word_1_67' title='bbox 648 622 758 662; x_wconf 78' lang='lat' dir='ltr'>nihjl</span> <span class='ocrx_word' id='word_1_68' title='bbox 788 636 863 676; x_wconf 85' lang='lat' dir='ltr'>per</span> <span class='ocrx_word' id='word_1_69' title='bbox 893 636 960 663; x_wconf 90' lang='lat' dir='ltr'>me</span> <span class='ocrx_word' id='word_1_70' title='bbox 993 622 1142 663; x_wconf 86' lang='lat' dir='ltr'>confici</span> <span class='ocrx_word' id='word_1_71' title='bbox 1173 636 1306 676; x_wconf 86' lang='lat' dir='ltr'>posse.</span> 
     </span>
    </p>

    <p class='ocr_par' dir='ltr' id='par_1_3' title="bbox 176 679 1574 852">
     <span class='ocr_line' id='line_1_10' title="bbox 265 679 1519 735; baseline -0.002 -13"><span class='ocrx_word' id='word_1_72' title='bbox 265 682 327 722; x_wconf 89' lang='lat' dir='ltr'>De</span> <span class='ocrx_word' id='word_1_73' title='bbox 366 681 529 722; x_wconf 85' lang='lat' dir='ltr'>ambitu</span> <span class='ocrx_word' id='word_1_74' title='bbox 567 681 771 735; x_wconf 88' lang='lat' dir='ltr'>postulati</span> <span class='ocrx_word' id='word_1_75' title='bbox 809 684 905 721; x_wconf 85' lang='lat' dir='ltr'>sunt</span> <span class='ocrx_word' id='word_1_76' title='bbox 945 695 1106 735; x_wconf 82' lang='lat' dir='ltr'>omnes,</span> <span class='ocrx_word' id='word_1_77' title='bbox 1148 681 1220 734; x_wconf 90' lang='lat' dir='ltr'>qui</span> <span class='ocrx_word' id='word_1_78' title='bbox 1253 679 1519 721; x_wconf 84' lang='lat' dir='ltr'>consulatum</span> 
     </span>
     <span class='ocr_line' id='line_1_11' title="bbox 176 738 1574 795; baseline -0.001 -14"><span class='ocrx_word' id='word_1_79' title='bbox 176 744 344 795; x_wconf 83' lang='lat' dir='ltr'>petunt,</span> <span class='ocrx_word' id='word_1_80' title='bbox 389 755 412 780; x_wconf 88' lang='lat' dir='ltr'>a</span> <span class='ocrx_word' id='word_1_81' title='bbox 448 739 650 780; x_wconf 81' lang='lat' dir='ltr'>Memmio</span> <span class='ocrx_word' id='word_1_82' title='bbox 688 740 924 793; x_wconf 72' lang='lat' dir='ltr'>Domitius,</span> <span class='ocrx_word' id='word_1_83' title='bbox 969 755 993 780; x_wconf 90' lang='lat' dir='ltr'>a</span> <span class='ocrx_word' id='word_1_84' title='bbox 1030 739 1076 788; x_wconf 84' lang='lat' dir='ltr'>Q.</span> <span class='ocrx_word' id='word_1_85' title='bbox 1108 738 1282 793; x_wconf 86' lang='lat' dir='ltr'>Acutio,</span> <span class='ocrx_word' id='word_1_86' title='bbox 1325 738 1438 780; x_wconf 90' lang='lat' dir='ltr'>bono</span> <span class='ocrx_word' id='word_1_87' title='bbox 1478 740 1574 779; x_wconf 77' lang='lat' dir='ltr'>etio</span> 
     </span>
     <span class='ocr_line' id='line_1_12' title="bbox 176 796 1519 853; baseline -0.002 -14"><span class='ocrx_word' id='word_1_88' title='bbox 176 800 342 840; x_wconf 86' lang='lat' dir='ltr'>erudito</span> <span class='ocrx_word' id='word_1_89' title='bbox 375 799 651 853; x_wconf 86' lang='lat' dir='ltr'>adulescente,</span> <span class='ocrx_word' id='word_1_90' title='bbox 684 798 925 852; x_wconf 84' lang='lat' dir='ltr'>Memmius,</span> <span class='ocrx_word' id='word_1_91' title='bbox 958 814 981 839; x_wconf 88' lang='lat' dir='ltr'>a</span> <span class='ocrx_word' id='word_1_92' title='bbox 1013 797 1060 847; x_wconf 83' lang='lat' dir='ltr'>Q.</span> <span class='ocrx_word' id='word_1_93' title='bbox 1091 797 1296 852; x_wconf 87' lang='lat' dir='ltr'>Pompeio</span> <span class='ocrx_word' id='word_1_94' title='bbox 1328 796 1519 851; x_wconf 87' lang='lat' dir='ltr'>Messala,</span> 
     </span>
    </p>

    <p class='ocr_par' dir='ltr' id='par_1_4' title="bbox 176 857 1620 1616">
     <span class='ocr_line' id='line_1_13' title="bbox 176 857 1522 913; baseline -0.001 -15"><span class='ocrx_word' id='word_1_95' title='bbox 176 873 199 898; x_wconf 84' lang='lat' dir='ltr'>a</span> <span class='ocrx_word' id='word_1_96' title='bbox 231 857 395 898; x_wconf 73' lang='lat' dir='ltr'>Triario</span> <span class='ocrx_word' id='word_1_97' title='bbox 423 857 615 899; x_wconf 80' lang='lat' dir='ltr'>Scaurus.</span> <span class='ocrx_word' id='word_1_98' title='bbox 677 857 833 913; x_wconf 71' lang='lat' dir='ltr'>ano</span> <span class='ocrx_word' id='word_1_99' title='bbox 867 871 932 898; x_wconf 90' lang='lat' dir='ltr'>res</span> <span class='ocrx_word' id='word_1_100' title='bbox 964 857 1007 897; x_wconf 91' lang='lat' dir='ltr'>in</span> <span class='ocrx_word' id='word_1_101' title='bbox 1038 860 1158 897; x_wconf 90' lang='lat' dir='ltr'>motu</span> <span class='ocrx_word' id='word_1_102' title='bbox 1191 859 1265 911; x_wconf 90' lang='lat' dir='ltr'>est,</span> <span class='ocrx_word' id='word_1_103' title='bbox 1296 858 1522 911; x_wconf 72' lang='lat' dir='ltr'>propterea</span> 
     </span>
     <span class='ocr_line' id='line_1_14' title="bbox 177 914 1519 971; baseline -0.002 -14"><span class='ocrx_word' id='word_1_104' title='bbox 177 917 290 971; x_wconf 85' lang='lat' dir='ltr'>quod</span> <span class='ocrx_word' id='word_1_105' title='bbox 334 919 406 957; x_wconf 90' lang='lat' dir='ltr'>aut</span> <span class='ocrx_word' id='word_1_106' title='bbox 455 917 677 957; x_wconf 87' lang='lat' dir='ltr'>hominum</span> <span class='ocrx_word' id='word_1_107' title='bbox 721 919 794 957; x_wconf 88' lang='lat' dir='ltr'>aut</span> <span class='ocrx_word' id='word_1_108' title='bbox 841 916 985 971; x_wconf 83' lang='lat' dir='ltr'>legum</span> <span class='ocrx_word' id='word_1_109' title='bbox 1030 916 1227 956; x_wconf 83' lang='lat' dir='ltr'>interitus</span> <span class='ocrx_word' id='word_1_110' title='bbox 1271 914 1519 956; x_wconf 76' lang='lat' dir='ltr'>ostenditur.</span> 
     </span>
     <span class='ocr_line' id='line_1_15' title="bbox 177 974 1520 1030; baseline -0.001 -14"><span class='ocrx_word' id='word_1_111' title='bbox 177 975 315 1030; x_wconf 73' lang='lat' dir='ltr'>Opeia</span> <span class='ocrx_word' id='word_1_112' title='bbox 341 976 475 1029; x_wconf 81' lang='lat' dir='ltr'>datul,</span> <span class='ocrx_word' id='word_1_113' title='bbox 508 978 555 1016; x_wconf 88' lang='lat' dir='ltr'>ut</span> <span class='ocrx_word' id='word_1_114' title='bbox 580 975 735 1016; x_wconf 83' lang='lat' dir='ltr'>iudicia</span> <span class='ocrx_word' id='word_1_115' title='bbox 765 989 817 1015; x_wconf 89' lang='lat' dir='ltr'>ne</span> <span class='ocrx_word' id='word_1_116' title='bbox 848 975 963 1015; x_wconf 89' lang='lat' dir='ltr'>fiant.</span> <span class='ocrx_word' id='word_1_117' title='bbox 1024 974 1108 1015; x_wconf 89' lang='lat' dir='ltr'>Res</span> <span class='ocrx_word' id='word_1_118' title='bbox 1134 975 1302 1015; x_wconf 85' lang='lat' dir='ltr'>videtur</span> <span class='ocrx_word' id='word_1_119' title='bbox 1332 976 1520 1028; x_wconf 86' lang='lat' dir='ltr'>spectare</span> 
     </span>
     <span class='ocr_line' id='line_1_16' title="bbox 176 1031 1573 1090; baseline -0.001 -15"><span class='ocrx_word' id='word_1_120' title='bbox 176 1035 229 1075; x_wconf 86' lang='lat' dir='ltr'>ad</span> <span class='ocrx_word' id='word_1_121' title='bbox 261 1035 561 1090; x_wconf 70' lang='lat' dir='ltr'>interregnum.</span> <span class='ocrx_word' id='word_1_122' title='bbox 608 1033 810 1075; x_wconf 86' lang='lat' dir='ltr'>Consules</span> <span class='ocrx_word' id='word_1_123' title='bbox 843 1034 1013 1075; x_wconf 84' lang='lat' dir='ltr'>comitia</span> <span class='ocrx_word' id='word_1_124' title='bbox 1044 1033 1200 1074; x_wconf 88' lang='lat' dir='ltr'>habere</span> <span class='ocrx_word' id='word_1_125' title='bbox 1234 1033 1426 1088; x_wconf 81' lang='lat' dir='ltr'>cupiunt3</span> <span class='ocrx_word' id='word_1_126' title='bbox 1458 1031 1519 1073; x_wconf 87' lang='lat' dir='ltr'>rei</span> <span class='ocrx_word' id='word_1_127' title='bbox 1540 1046 1573 1072; x_wconf 89' lang='lat'>15</span> 
     </span>
     <span class='ocr_line' id='line_1_17' title="bbox 176 1091 1519 1147; baseline -0.001 -13"><span class='ocrx_word' id='word_1_128' title='bbox 176 1093 328 1134; x_wconf 88' lang='lat' dir='ltr'>nolunt</span> <span class='ocrx_word' id='word_1_129' title='bbox 366 1096 407 1134; x_wconf 92' lang='lat' dir='ltr'>et</span> <span class='ocrx_word' id='word_1_130' title='bbox 446 1093 629 1133; x_wconf 79' lang='lat' dir='ltr'>maxime</span> <span class='ocrx_word' id='word_1_131' title='bbox 667 1092 913 1147; x_wconf 83' lang='lat' dir='ltr'>Memmius,</span> <span class='ocrx_word' id='word_1_132' title='bbox 955 1092 1068 1146; x_wconf 86' lang='lat' dir='ltr'>quod</span> <span class='ocrx_word' id='word_1_133' title='bbox 1107 1091 1295 1132; x_wconf 84' lang='lat' dir='ltr'>Caesaris</span> <span class='ocrx_word' id='word_1_134' title='bbox 1336 1091 1519 1132; x_wconf 84' lang='lat' dir='ltr'>adventu</span> 
     </span>
     <span class='ocr_line' id='line_1_18' title="bbox 177 1149 1520 1206; baseline -0.002 -13"><span class='ocrx_word' id='word_1_135' title='bbox 177 1166 220 1193; x_wconf 89' lang='lat' dir='ltr'>se</span> <span class='ocrx_word' id='word_1_136' title='bbox 263 1154 404 1206; x_wconf 86' lang='lat' dir='ltr'>sperat</span> <span class='ocrx_word' id='word_1_137' title='bbox 446 1152 639 1192; x_wconf 84' lang='lat' dir='ltr'>futurum</span> <span class='ocrx_word' id='word_1_138' title='bbox 677 1152 913 1205; x_wconf 86' lang='lat' dir='ltr'>consulem,</span> <span class='ocrx_word' id='word_1_139' title='bbox 957 1151 1030 1192; x_wconf 88' lang='lat' dir='ltr'>sed</span> <span class='ocrx_word' id='word_1_140' title='bbox 1070 1151 1226 1191; x_wconf 89' lang='lat' dir='ltr'>mirum</span> <span class='ocrx_word' id='word_1_141' title='bbox 1262 1151 1307 1191; x_wconf 90' lang='lat' dir='ltr'>in</span> <span class='ocrx_word' id='word_1_142' title='bbox 1346 1149 1520 1191; x_wconf 89' lang='lat' dir='ltr'>modum</span> 
     </span>
     <span class='ocr_line' id='line_1_19' title="bbox 177 1208 1520 1262; baseline -0.001 -11"><span class='ocrx_word' id='word_1_143' title='bbox 177 1211 295 1252; x_wconf 87' lang='lat' dir='ltr'>iacet.</span> <span class='ocrx_word' id='word_1_144' title='bbox 356 1210 572 1251; x_wconf 72' lang='lat' dir='ltr'>Domitius</span> <span class='ocrx_word' id='word_1_145' title='bbox 614 1225 709 1251; x_wconf 88' lang='lat' dir='ltr'>cum</span> <span class='ocrx_word' id='word_1_146' title='bbox 750 1210 929 1251; x_wconf 84' lang='lat' dir='ltr'>Messala</span> <span class='ocrx_word' id='word_1_147' title='bbox 971 1212 1108 1250; x_wconf 89' lang='lat' dir='ltr'>certus</span> <span class='ocrx_word' id='word_1_148' title='bbox 1150 1223 1238 1250; x_wconf 88' lang='lat' dir='ltr'>esse</span> <span class='ocrx_word' id='word_1_149' title='bbox 1278 1208 1520 1262; x_wconf 74' lang='lat' dir='ltr'>videbatui-3</span> 
     </span>
     <span class='ocr_line' id='line_1_20' title="bbox 178 1268 1521 1323; baseline -0.002 -13"><span class='ocrx_word' id='word_1_150' title='bbox 178 1269 360 1310; x_wconf 85' lang='lat' dir='ltr'>Scaurus</span> <span class='ocrx_word' id='word_1_151' title='bbox 390 1269 624 1310; x_wconf 81' lang='lat' dir='ltr'>refrixerat.</span> <span class='ocrx_word' id='word_1_152' title='bbox 675 1268 840 1323; x_wconf 88' lang='lat' dir='ltr'>Appius</span> <span class='ocrx_word' id='word_1_153' title='bbox 872 1269 961 1309; x_wconf 90' lang='lat' dir='ltr'>sine</span> <span class='ocrx_word' id='word_1_154' title='bbox 992 1268 1085 1323; x_wconf 79' lang='lat' dir='ltr'>lege</span> <span class='ocrx_word' id='word_1_155' title='bbox 1112 1268 1273 1309; x_wconf 88' lang='lat' dir='ltr'>curiata</span> <span class='ocrx_word' id='word_1_156' title='bbox 1299 1268 1521 1308; x_wconf 85' lang='lat' dir='ltr'>confirmat</span> 
     </span>
     <span class='ocr_line' id='line_1_21' title="bbox 177 1325 1620 1381; baseline -0.003 -12"><span class='ocrx_word' id='word_1_157' title='bbox 177 1343 219 1369; x_wconf 89' lang='lat' dir='ltr'>se</span> <span class='ocrx_word' id='word_1_158' title='bbox 252 1328 432 1369; x_wconf 85' lang='lat' dir='ltr'>Lentulo</span> <span class='ocrx_word' id='word_1_159' title='bbox 470 1331 616 1368; x_wconf 89' lang='lat' dir='ltr'>nostro</span> <span class='ocrx_word' id='word_1_160' title='bbox 654 1342 960 1381; x_wconf 78' lang='lat' dir='ltr'>successurum3</span> <span class='ocrx_word' id='word_1_161' title='bbox 1003 1327 1072 1381; x_wconf 87' lang='lat' dir='ltr'>qui</span> <span class='ocrx_word' id='word_1_162' title='bbox 1107 1327 1278 1380; x_wconf 85' lang='lat' dir='ltr'>quidem</span> <span class='ocrx_word' id='word_1_163' title='bbox 1315 1325 1519 1366; x_wconf 89' lang='lat' dir='ltr'>mirificus</span> <span class='ocrx_word' id='word_1_164' title='bbox 1540 1339 1573 1364; x_wconf 80' lang='lat'>20</span> <span class='ocrx_word' id='word_1_165' title='bbox 1615 1357 1620 1362; x_wconf 88' lang='lat'><em>.</em></span> 
     </span>
     <span class='ocr_line' id='line_1_22' title="bbox 177 1384 1519 1441; baseline -0.003 -14"><span class='ocrx_word' id='word_1_166' title='bbox 177 1387 251 1428; x_wconf 92' lang='lat' dir='ltr'>illo</span> <span class='ocrx_word' id='word_1_167' title='bbox 280 1387 357 1441; x_wconf 91' lang='lat' dir='ltr'>die,</span> <span class='ocrx_word' id='word_1_168' title='bbox 390 1387 502 1440; x_wconf 88' lang='lat' dir='ltr'>quod</span> <span class='ocrx_word' id='word_1_169' title='bbox 534 1401 664 1440; x_wconf 87' lang='lat' dir='ltr'>paene</span> <span class='ocrx_word' id='word_1_170' title='bbox 695 1386 912 1440; x_wconf 87' lang='lat' dir='ltr'>praeterii,</span> <span class='ocrx_word' id='word_1_171' title='bbox 945 1386 1027 1425; x_wconf 87' lang='lat' dir='ltr'>fuit</span> <span class='ocrx_word' id='word_1_172' title='bbox 1054 1385 1096 1425; x_wconf 91' lang='lat' dir='ltr'>in</span> <span class='ocrx_word' id='word_1_173' title='bbox 1125 1384 1370 1439; x_wconf 80' lang='lat' dir='ltr'>Gabinium3</span> <span class='ocrx_word' id='word_1_174' title='bbox 1403 1398 1519 1424; x_wconf 85' lang='lat' dir='ltr'>accu-</span> 
     </span>
     <span class='ocr_line' id='line_1_23' title="bbox 176 1443 1518 1500; baseline -0.002 -14"><span class='ocrx_word' id='word_1_175' title='bbox 176 1446 285 1486; x_wconf 73' lang='lat' dir='ltr'>savit</span> <span class='ocrx_word' id='word_1_176' title='bbox 310 1445 559 1500; x_wconf 78' lang='lat' dir='ltr'>maiestatis3</span> <span class='ocrx_word' id='word_1_177' title='bbox 592 1445 763 1485; x_wconf 86' lang='lat' dir='ltr'>nomina</span> <span class='ocrx_word' id='word_1_178' title='bbox 790 1444 896 1498; x_wconf 86' lang='lat' dir='ltr'>data,</span> <span class='ocrx_word' id='word_1_179' title='bbox 929 1457 1023 1484; x_wconf 88' lang='lat' dir='ltr'>cum</span> <span class='ocrx_word' id='word_1_180' title='bbox 1049 1443 1120 1483; x_wconf 90' lang='lat' dir='ltr'>ille</span> <span class='ocrx_word' id='word_1_181' title='bbox 1140 1443 1317 1483; x_wconf 82' lang='lat' dir='ltr'>verbum</span> <span class='ocrx_word' id='word_1_182' title='bbox 1343 1443 1518 1483; x_wconf 91' lang='lat' dir='ltr'>nullum.</span> 
     </span>
     <span class='ocr_line' id='line_1_24' title="bbox 176 1501 1520 1556; baseline -0.002 -11"><span class='ocrx_word' id='word_1_183' title='bbox 176 1503 319 1545; x_wconf 83' lang='lat' dir='ltr'>Habes</span> <span class='ocrx_word' id='word_1_184' title='bbox 345 1504 537 1545; x_wconf 83' lang='lat' dir='ltr'>forensia.</span> <span class='ocrx_word' id='word_1_185' title='bbox 589 1503 716 1543; x_wconf 87' lang='lat' dir='ltr'>Domi</span> <span class='ocrx_word' id='word_1_186' title='bbox 749 1505 860 1543; x_wconf 87' lang='lat' dir='ltr'>recte</span> <span class='ocrx_word' id='word_1_187' title='bbox 885 1505 968 1555; x_wconf 67' lang='lat' dir='ltr'>est·,</span> <span class='ocrx_word' id='word_1_188' title='bbox 1002 1502 1091 1556; x_wconf 88' lang='lat' dir='ltr'>ipsa</span> <span class='ocrx_word' id='word_1_189' title='bbox 1119 1501 1268 1542; x_wconf 88' lang='lat' dir='ltr'>domus</span> <span class='ocrx_word' id='word_1_190' title='bbox 1287 1516 1311 1542; x_wconf 90' lang='lat' dir='ltr'>a</span> <span class='ocrx_word' id='word_1_191' title='bbox 1331 1501 1520 1556; x_wconf 88' lang='lat' dir='ltr'>redemp-</span> 
     </span>
     <span class='ocr_line' id='line_1_25' title="bbox 176 1561 1013 1616; baseline -0.002 -13"><span class='ocrx_word' id='word_1_192' title='bbox 176 1563 342 1604; x_wconf 86' lang='lat' dir='ltr'>toribus</span> <span class='ocrx_word' id='word_1_193' title='bbox 373 1564 581 1603; x_wconf 85' lang='lat' dir='ltr'>tractatur</span> <span class='ocrx_word' id='word_1_194' title='bbox 611 1576 697 1602; x_wconf 90' lang='lat' dir='ltr'>non</span> <span class='ocrx_word' id='word_1_195' title='bbox 730 1561 1013 1616; x_wconf 81' lang='lat' dir='ltr'>indiligenter.</span> 
     </span>
    </p>
   </div>
   <div class='ocr_carea' id='block_1_3' title="bbox 505 1712 1640 1838">
    <p class='ocr_par' dir='ltr' id='par_1_5' title="bbox 505 1712 1640 1838">
     <span class='ocr_line' id='line_1_26' title="bbox 808 1712 1573 1754; baseline -0.007 0"><span class='ocrx_word' id='word_1_196' title='bbox 808 1712 882 1754; x_wconf 85' lang='lat' dir='ltr'><strong>III.</strong></span> <span class='ocrx_word' id='word_1_197' title='bbox 1540 1723 1573 1749; x_wconf 81' lang='lat'>25</span> 
     </span>
     <span class='ocr_line' id='line_1_27' title="bbox 505 1779 1640 1838; baseline -0.002 -9"><span class='ocrx_word' id='word_1_198' title='bbox 505 1794 579 1829; x_wconf 78' lang='lat' dir='ltr'>Ser.</span> <span class='ocrx_word' id='word_1_199' title='bbox 607 1794 743 1829; x_wconf 83' lang='lat' dir='ltr'>Romae</span> <span class='ocrx_word' id='word_1_200' title='bbox 768 1806 812 1829; x_wconf 79' lang='lat' dir='ltr'>m.</span> <span class='ocrx_word' id='word_1_201' title='bbox 844 1796 916 1829; x_wconf 74' lang='lat' dir='ltr'>Oct.</span> <span class='ocrx_word' id='word_1_202' title='bbox 944 1807 976 1829; x_wconf 83' lang='grc' dir='ltr'>α.</span> <span class='ocrx_word' id='word_1_203' title='bbox 1007 1797 1079 1829; x_wconf 83' lang='grc'>700</span> <span class='ocrx_word' id='word_1_204' title='bbox 1106 1796 1196 1838; x_wconf 78' lang='lat'><em>(54).</em></span> <span class='ocrx_word' id='word_1_205' title='bbox 1635 1779 1640 1788; x_wconf 53' lang='grc'><strong><em>’</em></strong></span> 
     </span>
    </p>
   </div>
   <div class='ocr_carea' id='block_1_4' title="bbox 362 1875 1331 1921">
    <p class='ocr_par' dir='ltr' id='par_1_6' title="bbox 362 1875 1331 1921">
     <span class='ocr_line' id='line_1_28' title="bbox 362 1875 1331 1921; baseline -0.001 -10"><span class='ocrx_word' id='word_1_206' title='bbox 362 1876 581 1911; x_wconf 69' lang='lat' dir='ltr'>MARCUS</span> <span class='ocrx_word' id='word_1_207' title='bbox 607 1875 806 1921; x_wconf 75' lang='lat' dir='ltr'><em>QUINTO</em></span> <span class='ocrx_word' id='word_1_208' title='bbox 833 1876 1042 1911; x_wconf 85' lang='lat' dir='ltr'><em>FRATRI</em></span> <span class='ocrx_word' id='word_1_209' title='bbox 1063 1875 1161 1910; x_wconf 83' lang='lat' dir='ltr'>SA]</span> <span class='ocrx_word' id='word_1_210' title='bbox 1170 1875 1331 1910; x_wconf 84' lang='lat' dir='ltr'>UTEM.</span> 
     </span>
    </p>
   </div>
   <div class='ocr_carea' id='block_1_5' title="bbox 176 1969 1573 2377">
    <p class='ocr_par' dir='ltr' id='par_1_7' title="bbox 176 1969 1573 2377">
     <span class='ocr_line' id='line_1_29' title="bbox 265 1969 1520 2027; baseline -0.002 -14"><span class='ocrx_word' id='word_1_211' title='bbox 265 1971 602 2026; x_wconf 86' lang='lat' dir='ltr'>Occupationum</span> <span class='ocrx_word' id='word_1_212' title='bbox 633 1985 822 2012; x_wconf 89' lang='lat' dir='ltr'>mearum</span> <span class='ocrx_word' id='word_1_213' title='bbox 854 1971 934 2011; x_wconf 86' lang='lat' dir='ltr'>tibi</span> <span class='ocrx_word' id='word_1_214' title='bbox 965 1971 1133 2027; x_wconf 83' lang='lat' dir='ltr'>signum</span> <span class='ocrx_word' id='word_1_215' title='bbox 1160 1971 1214 2011; x_wconf 89' lang='lat' dir='ltr'>sit</span> <span class='ocrx_word' id='word_1_216' title='bbox 1245 1969 1410 2011; x_wconf 88' lang='lat' dir='ltr'>librarii</span> <span class='ocrx_word' id='word_1_217' title='bbox 1435 1983 1520 2010; x_wconf 86' lang='lat' dir='ltr'>ma-</span> 
     </span>
     <span class='ocr_line' id='line_1_30' title="bbox 176 2029 1518 2084; baseline -0.002 -12"><span class='ocrx_word' id='word_1_218' title='bbox 176 2046 264 2072; x_wconf 88' lang='lat' dir='ltr'>nus.</span> <span class='ocrx_word' id='word_1_219' title='bbox 317 2031 441 2072; x_wconf 90' lang='lat' dir='ltr'>Diem</span> <span class='ocrx_word' id='word_1_220' title='bbox 474 2031 579 2071; x_wconf 90' lang='lat' dir='ltr'>scito</span> <span class='ocrx_word' id='word_1_221' title='bbox 613 2044 700 2071; x_wconf 88' lang='lat' dir='ltr'>esse</span> <span class='ocrx_word' id='word_1_222' title='bbox 731 2030 909 2084; x_wconf 73' lang='lat' dir='ltr'>nullum,</span> <span class='ocrx_word' id='word_1_223' title='bbox 943 2044 1026 2084; x_wconf 93' lang='lat' dir='ltr'>quo</span> <span class='ocrx_word' id='word_1_224' title='bbox 1060 2030 1125 2070; x_wconf 88' lang='lat' dir='ltr'>die</span> <span class='ocrx_word' id='word_1_225' title='bbox 1156 2043 1242 2070; x_wconf 90' lang='lat' dir='ltr'>non</span> <span class='ocrx_word' id='word_1_226' title='bbox 1275 2029 1410 2070; x_wconf 89' lang='lat' dir='ltr'>dicam</span> <span class='ocrx_word' id='word_1_227' title='bbox 1440 2042 1518 2082; x_wconf 88' lang='lat' dir='ltr'>pro</span> 
     </span>
     <span class='ocr_line' id='line_1_31' title="bbox 177 2086 1573 2144; baseline -0.004 -14"><span class='ocrx_word' id='word_1_228' title='bbox 177 2104 258 2131; x_wconf 91' lang='lat' dir='ltr'>reo.</span> <span class='ocrx_word' id='word_1_229' title='bbox 309 2088 390 2143; x_wconf 85' lang='lat' dir='ltr'>Ita,</span> <span class='ocrx_word' id='word_1_230' title='bbox 423 2089 625 2143; x_wconf 88' lang='lat' dir='ltr'>quicquid</span> <span class='ocrx_word' id='word_1_231' title='bbox 657 2089 833 2130; x_wconf 87' lang='lat' dir='ltr'>conficio</span> <span class='ocrx_word' id='word_1_232' title='bbox 859 2091 931 2129; x_wconf 87' lang='lat' dir='ltr'>aut</span> <span class='ocrx_word' id='word_1_233' title='bbox 957 2088 1111 2144; x_wconf 79' lang='lat' dir='ltr'>cogito,</span> <span class='ocrx_word' id='word_1_234' title='bbox 1144 2088 1187 2128; x_wconf 90' lang='lat' dir='ltr'>in</span> <span class='ocrx_word' id='word_1_235' title='bbox 1219 2086 1519 2128; x_wconf 87' lang='lat' dir='ltr'>ambulationis</span> <span class='ocrx_word' id='word_1_236' title='bbox 1539 2098 1573 2124; x_wconf 78' lang='lat'>30</span> 
     </span>
     <span class='ocr_line' id='line_1_32' title="bbox 176 2144 1520 2202; baseline -0.003 -13"><span class='ocrx_word' id='word_1_237' title='bbox 176 2152 343 2202; x_wconf 86' lang='lat' dir='ltr'>tempus</span> <span class='ocrx_word' id='word_1_238' title='bbox 385 2148 471 2188; x_wconf 87' lang='lat' dir='ltr'>fere</span> <span class='ocrx_word' id='word_1_239' title='bbox 513 2148 695 2188; x_wconf 87' lang='lat' dir='ltr'>confero.</span> <span class='ocrx_word' id='word_1_240' title='bbox 758 2146 943 2202; x_wconf 83' lang='lat' dir='ltr'>Negotia</span> <span class='ocrx_word' id='word_1_241' title='bbox 989 2162 1031 2187; x_wconf 88' lang='lat' dir='ltr'>se</span> <span class='ocrx_word' id='word_1_242' title='bbox 1072 2149 1215 2187; x_wconf 89' lang='lat' dir='ltr'>nostra</span> <span class='ocrx_word' id='word_1_243' title='bbox 1255 2146 1314 2186; x_wconf 92' lang='lat' dir='ltr'>sic</span> <span class='ocrx_word' id='word_1_244' title='bbox 1349 2144 1520 2200; x_wconf 85' lang='lat' dir='ltr'>habent,</span> 
     </span>
     <span class='ocr_line' id='line_1_33' title="bbox 178 2203 1520 2259; baseline -0.001 -13"><span class='ocrx_word' id='word_1_245' title='bbox 178 2207 407 2248; x_wconf 82' lang='lat' dir='ltr'>domestica</span> <span class='ocrx_word' id='word_1_246' title='bbox 446 2221 566 2259; x_wconf 89' lang='lat' dir='ltr'>vero,</span> <span class='ocrx_word' id='word_1_247' title='bbox 604 2209 652 2247; x_wconf 88' lang='lat' dir='ltr'>ut</span> <span class='ocrx_word' id='word_1_248' title='bbox 690 2205 896 2247; x_wconf 81' lang='lat' dir='ltr'>volumus.</span> <span class='ocrx_word' id='word_1_249' title='bbox 958 2205 1113 2246; x_wconf 87' lang='lat' dir='ltr'>Valent</span> <span class='ocrx_word' id='word_1_250' title='bbox 1155 2204 1292 2259; x_wconf 78' lang='lat' dir='ltr'>pueri,</span> <span class='ocrx_word' id='word_1_251' title='bbox 1333 2203 1520 2245; x_wconf 85' lang='lat' dir='ltr'>studiose</span> 
     </span>
     <span class='ocr_line' id='line_1_34' title="bbox 179 2240 1519 2320; baseline -0.002 -15"><span class='ocrx_word' id='word_1_252' title='bbox 179 2265 355 2319; x_wconf 83' lang='lat' dir='ltr'>discunt,</span> <span class='ocrx_word' id='word_1_253' title='bbox 390 2240 616 2320; x_wconf 82' lang='lat' dir='ltr'>diligenter</span> <span class='ocrx_word' id='word_1_254' title='bbox 648 2264 863 2318; x_wconf 86' lang='lat' dir='ltr'>docentur,</span> <span class='ocrx_word' id='word_1_255' title='bbox 896 2266 937 2304; x_wconf 89' lang='lat' dir='ltr'>et</span> <span class='ocrx_word' id='word_1_256' title='bbox 969 2278 1045 2305; x_wconf 86' lang='lat' dir='ltr'>nos</span> <span class='ocrx_word' id='word_1_257' title='bbox 1078 2266 1119 2304; x_wconf 91' lang='lat' dir='ltr'>et</span> <span class='ocrx_word' id='word_1_258' title='bbox 1150 2264 1261 2304; x_wconf 86' lang='lat' dir='ltr'>inter</span> <span class='ocrx_word' id='word_1_259' title='bbox 1291 2276 1334 2303; x_wconf 88' lang='lat' dir='ltr'>se</span> <span class='ocrx_word' id='word_1_260' title='bbox 1366 2264 1519 2303; x_wconf 86' lang='lat' dir='ltr'>amant.</span> 
     </span>
     <span class='ocr_line' id='line_1_35' title="bbox 178 2298 1522 2377; baseline -0.001 -14"><span class='ocrx_word' id='word_1_261' title='bbox 178 2299 491 2377; x_wconf 63' lang='grc' dir='ltr'><strong>ΕΧ110111101108</strong></span> <span class='ocrx_word' id='word_1_262' title='bbox 507 2323 728 2377; x_wconf 87' lang='lat' dir='ltr'>utriusque</span> <span class='ocrx_word' id='word_1_263' title='bbox 761 2298 954 2364; x_wconf 59' lang='lat' dir='ltr'>nostrum</span> <span class='ocrx_word' id='word_1_264' title='bbox 980 2324 1078 2363; x_wconf 91' lang='lat' dir='ltr'>sunt</span> <span class='ocrx_word' id='word_1_265' title='bbox 1104 2322 1147 2362; x_wconf 90' lang='lat' dir='ltr'>in</span> <span class='ocrx_word' id='word_1_266' title='bbox 1173 2320 1368 2362; x_wconf 88' lang='lat' dir='ltr'>manibus</span> <span class='ocrx_word' id='word_1_267' title='bbox 1393 2321 1423 2373; x_wconf 58' lang='grc' dir='ltr'>ἦ·</span> <span class='ocrx_word' id='word_1_268' title='bbox 1449 2319 1522 2362; x_wconf 89' lang='lat' dir='ltr'>sed</span> 
     </span>
    </p>
   </div>
   <div class='ocr_carea' id='block_1_6' title="bbox 1622 0 1659 2552">
    <p class='ocr_par' dir='ltr' id='par_1_8' title="bbox 1622 0 1659 2552">
     <span class='ocr_line' id='line_1_36' title="bbox 1622 0 1659 2552; baseline 0 0"><span class='ocrx_word' id='word_1_269' title='bbox 1622 0 1659 2552; x_wconf 95' lang='lat' dir='ltr'> </span> 
     </span>
    </p>
   </div>
  </div>
 </body>
</html>
