1659 2552
638 98 781 132 LIBER
806 97 856 132 IX
883 100 984 132 3—6.
1395 95 1479 136 231

787 240 828 281 V

424 322 497 358 Ser.
524 322 661 357 Romae
686 322 736 356 iu.
762 333 806 355 m.
833 321 917 355 Iun.
948 332 980 354 α.
1010 322 1082 355 708
1110 322 1201 363 (46).

599 403 766 438 CICERO
793 401 1022 437 VARRONI.

230 488 339 529 Mihi
371 503 470 529 vero
509 488 562 529 ad
597 487 743 529 Nonas
783 487 889 528 bene
926 488 1141 527 maturum
1179 485 1347 526 videtur
1383 485 1485 538 fore,
1514 494 1530 522 1

109 560 281 601 sneque
323 547 460 588 solum
500 550 675 601 propter
712 546 773 587 rei
809 561 860 600 p.,
902 545 975 586 sed
1012 544 1139 585 etiam
1175 546 1350 598 propter
1387 543 1486 583 anni

144 610 328 660 tempus3
355 620 483 659 quare
503 606 632 646 istum
653 605 763 645 diem
783 604 931 658 probo,
956 603 1099 657 itaque
1120 603 1298 643 eundem
1318 598 1407 656 ipse
1427 615 1487 642 se-

145 680 260 719 quar.
295 663 473 705 Consilii
492 664 639 718 nostri,
664 678 717 704 ne
738 664 773 704 si
793 677 863 704 eos
884 662 1066 716 quidem,
1093 662 1164 716 qui
1186 661 1230 702 id
1249 660 1381 702 secuti
1400 675 1487 701 non
1513 668 1532 698 2

145 726 254 778 sunt,
280 738 366 764 non
384 723 629 779 paeniteret,
649 722 773 763 nobis
792 721 1093 776 paenitendum
1123 723 1329 775 putarem3
1355 719 1487 760 secuti

147 783 259 823 enim
289 797 432 822 sumus
458 796 543 822 non
570 796 704 835 spem,
737 781 809 821 sed
835 780 1040 838 officium,
1072 779 1322 833 reliquimus
1347 780 1487 819 autem

92 854 126 879 10
145 856 231 882 non
258 841 458 895 officium,
485 840 557 881 sed
583 840 927 894 desperationem.
971 837 1037 878 Ita
1064 837 1385 878 verecundiores
1410 837 1488 877 fui-

146 914 251 954 mus,
267 914 393 953 quam
408 899 537 953 quise
553 899 677 939 domo
691 913 777 939 non
792 899 1123 951 commoverunt,
1144 896 1341 950 saniores,
1362 910 1488 950 quam

147 959 220 1012 qui
253 958 417 999 amissis
450 957 601 1011 opibus
634 958 805 998 domum
837 971 922 997 non
948 958 1224 996 reverterunt.
1274 953 1357 996 Sed
1380 954 1490 994 nihil

146 1018 286 1058 minus
327 1018 417 1058 fero
460 1031 586 1071 quam
627 1016 895 1057 severitatem
937 1014 1172 1055 otiosorum
1213 1016 1273 1068 et,
1318 1027 1488 1067 quoquo

147 1076 274 1116 modo
312 1090 356 1117 se
392 1089 458 1116 res
495 1075 642 1129 habet,
678 1075 816 1130 magis
853 1074 949 1114 illos
981 1087 1146 1127 vereor,
1184 1072 1258 1126 qui
1295 1072 1338 1112 in
1376 1071 1489 1112 bello

95 1147 127 1172 15
149 1135 408 1188 occiderunt,
442 1149 568 1188 quam
598 1133 677 1174 hos
709 1147 827 1187 curo,
866 1132 1020 1186 quibus
1051 1146 1136 1172 non
1168 1131 1270 1171 satis
1301 1131 1489 1183 facimus,

147 1194 247 1247 quia
278 1193 471 1234 vivimus.
533 1191 642 1232 Mihi
675 1192 710 1232 si
742 1191 926 1246 spatium
964 1190 1093 1231 fuerit
1130 1190 1174 1230 in
1205 1189 1489 1230 Tusculanum

147 1255 244 1293 ante
274 1251 421 1293 Nonas
452 1251 660 1305 veniendi,
693 1251 788 1291 istic:
819 1253 861 1290 te
892 1249 1064 1304 videb03
1096 1249 1132 1289 si
1162 1248 1323 1302 minus,
1354 1262 1491 1302 perse-

147 1326 253 1365 quar
284 1311 327 1351 in
361 1309 598 1351 Cumanum
631 1312 672 1350 et
704 1312 800 1350 ante
832 1312 874 1349 te
906 1308 1130 1349 certiorem
1161 1307 1325 1362 faciam,
1356 1309 1403 1347 ut
1434 1306 1491 1347 la-

146 1370 260 1411 vatio
291 1371 438 1424 parata
469 1369 536 1410 sit.

94 1488 126 1512 20
782 1471 854 1514 VI.

243 1555 317 1590 Ser.
344 1555 481 1589 Romae
515 1556 609 1589 ‘inter
635 1554 726 1588 XII
745 1558 778 1588 et
810 1553 891 1587 VII
915 1552 962 1586 K.
995 1552 1117 1597 Quint.
1145 1563 1178 1586 α.
1206 1553 1279 1586 708
1307 1553 1397 1594 (46).

605 1634 774 1670 CICERO
800 1633 1030 1669 VARRONI.

239 1719 440 1760 Caninius
471 1721 616 1759 noster
646 1733 714 1759 me
751 1719 836 1758 tuis
867 1718 1009 1758 verbis
1041 1716 1279 1770 admonuit,
1318 1718 1365 1756 ut
1396 1715 1495 1756 scri-
1523 1728 1539 1756 1

150 1779 294 1820 berem
332 1778 384 1818 ad
421 1780 483 1831 te,
525 1777 560 1817 si
604 1777 706 1830 quid
746 1779 874 1830 esset,
919 1776 1033 1829 quod
1071 1778 1266 1829 putarem
1306 1777 1348 1815 te
1389 1774 1494 1814 scire

98 1849 131 1874 25
152 1840 358 1892 oportere.
420 1835 499 1876 Est
537 1835 670 1891 igitur
701 1835 904 1875 adventus
938 1833 1126 1875 Caesaris
1160 1833 1319 1874 scilicet
1352 1832 1395 1872 in
1428 1847 1495 1872 ex-

150 1896 401 1951 pectatione,
433 1908 568 1947 neque
600 1896 648 1934 tu
679 1893 723 1933 id
753 1894 934 1948 ignoras.
998 1891 1081 1933 Sed
1111 1895 1264 1945 tamen,
1297 1905 1391 1931 cum
1422 1890 1494 1931 ille

151 1954 404 2009 scripsisset,
437 1955 484 1993 ut
517 1952 685 2006 opinor,
718 1966 760 1992 se
792 1952 836 1991 in
866 1950 1060 1992 Alsiense
1092 1949 1494 2003 venturum,'sorip-

151 2016 296 2054 serunt
329 2012 381 2053 ad
413 2026 507 2052 eum
540 2011 622 2064 sui,
659 2024 711 2050 ne
743 2010 787 2050 id
817 2010 991 2063 faceret3
1027 2009 1185 2049 multos
1218 2008 1256 2048 ei
1292 2007 1494 2047 molestos

152 2072 243 2113 fore
280 2072 503 2125 ipsumque
541 2069 705 2123 multis3
745 2067 888 2109 Ostiae
924 2067 1060 2108 videri
1099 2066 1359 2107 commodius
1399 2080 1494 2106 eum

100 2142 134 2167 30
154 2131 267 2171 exire
291 2144 425 2184 posse.
476 2127 525 2168 Id
557 2142 635 2183 ego
666 2141 752 2168 non
790 2126 1090 2181 intellegebam
1122 2125 1225 2179 quid
1256 2125 1494 2178 interesset3

154 2189 226 2230 sed
255 2191 397 2229 tamen
428 2187 596 2227 Hirtius
627 2186 734 2226 mihi
766 2185 874 2225 dixit
905 2187 946 2225 et
972 2199 1014 2225 se
1041 2184 1093 2225 ad
1118 2198 1214 2224 eum
1246 2186 1287 2223 et
1312 2182 1495 2223 Balbum

154 2250 195 2288 et
226 2245 411 2301 Oppium
444 2245 676 2299 scripsisse,
716 2246 764 2284 ut
802 2244 861 2284 ita
898 2244 1071 2296 faceret,
1108 2242 1319 2295 homines,
1351 2243 1397 2281 ut
1430 2255 1495 2281 co-

152 2306 294 2361 gnovi,
326 2305 505 2346 amantis
537 2304 611 2344 tui.
673 2302 766 2343 Hoc
793 2316 870 2358 ego
898 2302 1030 2343 idciro
1062 2315 1184 2342 nosse
1215 2303 1257 2341 te
1289 2299 1416 2354 volui,
1448 2302 1495 2340 ut
1521 2310 1540 2340 2
1582 2321 1586 2323 >
