1659 2552
76 838 108 863 10

81 1482 114 1506 20

88 2065 122 2090 30

610 81 753 115 LIBER
778 80 863 115 VIII
889 84 992 115 2—4.
1376 77 1462 119 205

122 181 347 234 σύνταγμα
379 178 629 219 conscribas.
681 176 778 226 ‘Qui
804 176 885 218 tibi
911 175 1047 228 istuc’,
1079 174 1232 228 inquis,
1265 174 1325 214 ‘in
1350 187 1465 214 men-

122 242 208 280 tem
228 238 355 292 venit,
374 237 537 278 homini
559 251 644 277 non
665 235 858 290 i11epto‘?'
890 233 1119 289 †Aliquod
1139 247 1191 273 ex
1209 235 1297 273 tam
1316 232 1464 273 multis

122 298 208 339 tuis
248 295 521 338 monimentis
561 298 724 348 extare,
769 293 883 349 quod
921 295 1090 334 nostrae
1131 291 1341 332 amicitiae
1381 304 1466 331 me-

123 356 303 397 moriam
344 355 524 409 posteris
565 368 732 408 quoque
773 353 935 407 prodat.
1007 350 1137 392 Cuius
1176 350 1293 391 modi
1324 349 1465 402 velim,

124 418 240 470 puto,
272 414 449 468 quaeris.
499 412 563 453 Tu
589 412 724 466 citius,
758 412 830 466 qui
857 425 1024 452 omnem
1048 409 1162 450 nosti
1188 408 1466 463 disciplinam,

125 473 239 528 quod
257 473 440 514 maxime
461 472 668 525 convenit,
695 470 968 526 excogitabis,
994 482 1147 525 genere
1173 470 1327 521 tamen,
1353 466 1468 521 quod

126 536 167 573 et
199 532 251 573 ad
280 546 358 572 nos
394 530 603 585 pertineat
636 532 676 570 et
709 530 995 570 διδασκαλίαν
1027 526 1258 582 quandam,
1298 528 1347 566 ut
1378 540 1469 566 ver—

126 593 242 632 setur
273 590 384 631 inter
414 604 581 643 manus,
613 588 779 629 habeat.

762 739 836 781 IV.

452 821 526 856 Ser.
554 821 689 856 Romae
716 820 764 854 K.
791 820 946 855 Seaet.'a.
974 821 1046 854 '703
1073 820 1163 862 (51).

540 901 738 937 CAELIUS
765 900 988 936 CICERONI
1017 900 1050 935 S.

216 997 390 1040 Invideo
421 998 523 1052 tib13
555 1000 642 1038 tam
668 997 802 1037 multa
829 996 995 1049 cotidie,
1028 1009 1134 1049 quae
1165 994 1330 1048 mirere,
1363 994 1471 1035 istoc

129 1058 416 1113 perferuntur,
448 1057 633 1111 primum
665 1055 783 1110 illud,
816 1055 1059 1096 absolutum
1090 1053 1332 1107 Messalam,
1359 1052 1471 1093 dein-

131 1117 181 1158 de
219 1116 397 1158 eundem
434 1115 776 1168 condemnatum,
819 1112 861 1154 C.
899 1112 1149 1153 Marcellum
1187 1126 1268 1153 cos.
1300 1112 1472 1165 factum,

96 1188 111 1213 3
131 1175 186 1216 M.
221 1174 431 1215 Calidium
468 1174 520 1214 ab
559 1173 726 1228 repulsa
762 1172 1025 1227 postulatum
1056 1185 1080 1211 a
1114 1170 1262 1212 Galliis
1295 1170 1471 1224 duobus,

131 1234 176 1275 P.
208 1232 474 1274 Dolabellam
511 1244 574 1273 XV
604 1232 745 1272 virum
782 1232 951 1272 factum.
1013 1229 1108 1270 Hoc
1138 1230 1219 1270 tibi
1250 1243 1336 1270 non
1368 1228 1473 1269 invi-

133 1292 230 1347 deo,
281 1291 461 1333 caruisse
509 1294 551 1332 te
600 1290 886 1345 pulcherrimo
936 1288 1174 1343 spectaculo
1219 1290 1260 1328 et
1302 1287 1473 1328 Lentuli

134 1350 278 1392 Cruris
309 1350 468 1405 repulsi
491 1349 659 1390 vultum
689 1363 775 1390 non
800 1348 965 1389 vidisse.
1026 1346 1086 1388 At
1118 1361 1200 1400 qua
1231 1361 1315 1401 spe,
1348 1360 1474 1399 quam

134 1412 247 1450 certa
278 1409 476 1463 opinione
508 1407 789 1462 descenderat,
821 1421 948 1461 quam
980 1406 1071 1460 ipso
1105 1405 1323 1446 diffidente
1348 1404 1475 1445 Dola-

133 1468 264 1509 bella!
296 1467 353 1508 Et
382 1467 585 1521 hercules,
616 1466 699 1507 nisi
729 1466 865 1507 nostri
896 1466 1044 1518 equites
1070 1464 1233 1505 acutius
1258 1463 1475 1516 vidissent,

134 1540 266 1581 paene
298 1526 550 1567 concedente
587 1525 826 1566 adversario
865 1525 1112 1578 superasset.
1173 1521 1287 1563 Illud
1316 1524 1358 1563 te
1390 1536 1476 1562 non

136 1585 321 1626 arbitror
351 1585 571 1637 miratum,
611 1583 855 1637 Servaeum,
894 1583 1161 1638 designatum
1197 1584 1248 1622 tr.
1280 1581 1349 1635 pl,
1382 1594 1475 1621 con-

138 1643 397 1697 demnatum3
427 1644 474 1684 in
499 1643 616 1683 cuius
640 1642 781 1683 locum
809 1640 851 1682 C.
874 1640 1002 1682 Curio
1032 1640 1168 1695 petiit.
1210 1639 1318 1680 Sane
1351 1653 1477 1693 quam

136 1701 290 1742 incutit
314 1701 472 1754 multis,
505 1701 577 1755 qui
604 1715 699 1741 eum
725 1700 1056 1753 facilitatemque
1083 1699 1171 1739 eius
1196 1713 1283 1739 non
1307 1700 1477 1750 norunt,

85 1773 100 1798 2
138 1774 340 1816 magnum
370 1762 548 1813 metum,
587 1759 674 1812 sed,
707 1761 754 1798 ut
786 1772 908 1811 spero
940 1760 981 1798 et
1011 1757 1127 1810 volo,
1169 1759 1210 1797 et
1241 1759 1289 1797 ut
1321 1770 1363 1796 se
1395 1756 1479 1796 fert

138 1819 244 1873 ipse,
276 1818 410 1858 bonos
442 1821 482 1858 et
514 1819 705 1858 senatum
736 1817 885 1871 malet3
916 1818 1050 1869 totus,
1082 1818 1129 1856 ut
1153 1829 1266 1855 nunc
1291 1817 1365 1868 est,
1396 1814 1478 1854 hoc

139 1877 325 1919 scaturit.
380 1875 519 1916 Huius
545 1878 685 1915 autem
711 1874 942 1915 voluntatis
974 1873 1144 1914 initium
1177 1876 1218 1914 et
1250 1887 1372 1913 causa
1405 1874 1478 1925 est,

140 1936 254 1990 quod
293 1950 389 1976 eum
429 1949 514 1975 non
553 1933 823 1974 mediocriter
855 1932 1023 1985 Caesar,
1064 1931 1137 1985 qui
1175 1931 1283 1972 solet
1315 1930 1480 1971 infimo-

140 2009 234 2035 rum
264 1994 486 2034 hominum
524 1992 754 2033 amicitiam
794 1991 876 2032 sibi
908 1990 1097 2044 qualibet
1129 1990 1303 2043 inpensa
1335 1989 1479 2028 adiun-

141 2067 257 2109 gere,
287 2052 408 2093 valde
440 2051 703 2104 contempsit.
766 2049 857 2098 Qua
888 2049 932 2089 in
963 2063 1007 2089 re
1037 2048 1144 2089 mihi
1176 2047 1343 2088 videtur
1374 2046 1481 2087 illud

141 2125 343 2165 perquam
374 2112 549 2151 venuste
581 2108 789 2163 cecidisse,
822 2107 936 2162 quod
961 2122 984 2147 a
1009 2106 1183 2160 reliquis
1216 2119 1383 2160 quoque
1415 2119 1480 2145 us-

143 2184 222 2223 que
254 2184 302 2210 eo
335 2172 396 2210 est
428 2168 776 2221 animadversum,
808 2169 855 2206 ut
888 2165 1027 2219 Curio,
1060 2165 1133 2219 qui
1163 2165 1273 2205 nihil
1304 2163 1480 2204 consilio

142 2228 259 2282 facit,
303 2228 466 2268 ratione
511 2230 551 2267 et
595 2225 759 2266 insidiis
802 2239 902 2265 usus
939 2224 1154 2265 videretur
1191 2223 1235 2264 in
1273 2222 1480 2264 evitandis

142 2286 194 2327 iis
238 2286 443 2341 consiliis,
488 2286 560 2339 qui
604 2299 646 2325 se
689 2283 957 2324 intenderant
1000 2282 1260 2323 adversarios
1303 2281 1348 2322 in
1392 2281 1481 2322 eius

1502 1533 1521 1562 [Θ
