1659 2552
186 113 240 153 72
673 111 1011 146 EPISTULARUM

185 209 325 264 potui,
363 208 399 249 si
430 211 472 249 te
503 207 642 262 palam
676 207 877 261 odissem,
909 206 1061 260 minus,
1094 207 1207 260 quod
1238 206 1316 247 tibi
1350 207 1528 261 obesset,

187 269 340 322 facere,
378 267 414 308 si
446 266 570 319 clam,
608 266 744 321 magis
782 268 924 320 aperte
963 265 1158 306 inimicus
1190 266 1307 306 esse?
1369 265 1526 315 Quodsi

188 341 320 368 essem
360 341 408 367 ea
437 325 631 381 perfidia,
671 340 753 379 qua
785 327 881 365 sunt
914 324 961 378 ii,
1001 324 1073 377 qui
1111 324 1153 364 in
1191 338 1267 365 nos
1299 324 1402 365 haec
1433 339 1526 366 0011-

187 387 340 440 ferunt,
372 389 513 426 tamen
545 399 593 425 ea
625 383 806 424 stultitia
838 386 948 423 certe
980 397 1065 423 non
1097 383 1282 437 fuissem,
1313 386 1360 424 ut
1385 387 1458 424 aut
1483 383 1526 424 in

189 444 368 486 obscuro
401 444 498 485 odio
531 446 695 497 apertas
728 441 971 482 inimicitias
1003 444 1086 495 aut,
1118 442 1162 482 in
1194 456 1277 496 quo
1309 441 1390 482 tibi
1420 442 1528 483 nihil

187 517 394 557 nocerem,
420 517 628 543 summam
655 501 918 542 ostenderem
943 500 1205 541 voluntatem
1231 501 1420 542 nocendi.
1459 499 1529 542 Ad

187 576 255 603 me
287 562 401 602 adire
434 561 638 626 quosdam
669 559 862 613 memini,
893 559 1095 600 nimirum
1127 574 1177 600 ex
1209 558 1423 614 Epicteto,
1456 560 1527 614 qui

191 621 376 662 dicerent
406 620 533 661 nimis
570 633 746 674 maonos
785 593 977 683 sumptus
1008 618 1159 674 legatis
1192 618 1368 659 decerni
1430 617 1528 668 Qui-

188 680 268 721 bus
300 694 379 735 ego
416 694 501 720 non
532 681 626 718 tam
663 677 868 731 imperavi
907 691 1032 731 quam
1071 677 1212 718 censui
1249 679 1442 732 sumptus
1473 677 1528 718 10-

189 739 300 795 gatis
331 753 457 792 quam
488 737 670 778 maxime
703 737 755 777 ad
784 736 922 792 legem
955 735 1194 777 Corneliam
1227 736 1528 792 decernendos3

190 801 315 851 atque
348 797 391 837 in
423 811 471 837 eo
505 796 596 850 ipso
627 810 694 836 me
732 809 818 835 non
854 809 1140 849 perseverasse
1177 797 1305 836 testes
1337 797 1434 836 sunt
1465 810 1527 836 ra-

189 857 327 897 tiones
358 855 595 909 civitatum,
632 854 677 894 in
709 854 879 909 quibus,
919 856 1123 907 quantum
1161 868 1350 908 quaeque
1380 853 1529 909 voluit,

190 915 342 971 legatis
373 914 458 955 tuis
491 914 635 954 datum
672 913 850 953 induxit.
912 912 970 953 Te
1005 915 1145 954 autem
1178 912 1331 966 quibus
1361 912 1529 953 menda-

192 974 266 1015 ciis
302 972 495 1014 homines
531 971 736 1013 levissimi
773 973 1016 1013 onerarunt!
1059 986 1145 1013 non
1181 971 1307 1013 modo
1339 971 1528 1013 sublatos

191 1035 400 1087 sumptus,
439 1032 512 1072 sed
543 1032 669 1073 etiam
702 1046 725 1071 a
755 1030 1101 1085 procuratoribus
1138 1044 1301 1085 eorum,
1339 1030 1412 1084 qui
1444 1030 1527 1071 iam

190 1092 370 1147 profecti
412 1092 569 1146 essent,
610 1090 812 1144 repetitos
851 1092 893 1130 et
931 1089 1114 1143 ablatos,
1155 1103 1329 1143 eamque
1361 1103 1528 1130 causam

191 1151 337 1192 multis
370 1150 542 1191 omnino
582 1164 667 1190 non
706 1148 832 1189 eundi
863 1147 1002 1189 fuisse.
1065 1147 1270 1197 Quererer
1299 1151 1439 1189 tecum
1470 1150 1529 1189 at-

192 1224 272 1264 que
299 1209 621 1263 expostularem,
653 1207 709 1261 ni,
740 1210 788 1248 ut
814 1222 939 1261 supra
965 1207 1124 1262 scripsi,
1150 1221 1331 1263 purgare
1355 1221 1423 1248 me
1447 1206 1529 1248 tibi

189 1269 272 1310 hoc
302 1271 376 1309 tuo
408 1270 598 1321 tempore
637 1281 763 1320 quam
800 1280 993 1307 accusare
1024 1268 1066 1306 te
1097 1266 1267 1306 mallem
1299 1265 1424 1320 idque
1454 1280 1529 1320 pu-

190 1330 323 1368 tarem
356 1340 444 1367 esse
476 1325 641 1366 rectius.
667 1324 815 1379 Itaque
840 1325 948 1365 nihil
980 1325 1029 1365 de
1060 1327 1114 1378 te,
1146 1324 1259 1378 quod
1291 1324 1527 1378 credideris,

192 1386 241 1427 de
273 1400 352 1439 me,
385 1400 509 1438 quam
543 1384 597 1425 ob
630 1398 718 1424 rem
749 1398 834 1424 non
867 1383 1060 1424 debueris
1092 1383 1275 1437 credere,
1307 1397 1439 1437 pauca
1471 1383 1529 1423 dj-

192 1459 292 1486 cam.
353 1443 477 1497 Nam,
509 1443 544 1483 si
575 1457 641 1483 me
673 1442 811 1482 virum
836 1442 1008 1496 bonum,
1039 1441 1074 1482 si
1101 1441 1276 1497 dignum
1301 1441 1352 1481 iis
1379 1441 1530 1482 studiis

192 1517 321 1557 eaque
355 1502 556 1555 doctrina,
589 1501 656 1542 cui
687 1516 753 1542 1110
785 1516 808 1541 a
839 1500 1022 1554 pueritia
1054 1500 1159 1554 dedi,
1191 1500 1226 1540 si
1253 1500 1354 1540 satis
1384 1500 1528 1556 magni

192 1562 339 1615 animi,
371 1576 456 1602 non
487 1560 653 1601 minimi
686 1559 850 1600 consilii
883 1559 925 1599 in
957 1559 1153 1604 maximis
1185 1558 1309 1599 rebus
1340 1573 1529 1613 perspec-

191 1624 282 1662 tum
313 1619 455 1674 habes,
486 1619 594 1659 nihil
626 1619 669 1659 in
700 1633 767 1659 me
798 1632 883 1659 non
914 1618 1040 1658 modo
1065 1617 1339 1672 perfidiosum
1364 1620 1405 1658 et
1431 1617 1528 1658 insi-

194 1679 358 1720 diosum
400 1681 441 1719 et
481 1678 610 1718 fallax
647 1677 690 1717 in
729 1677 932 1731 amicitia,
974 1676 1047 1717 sed
1083 1691 1135 1717 ne
1166 1676 1327 1717 humile
1359 1676 1528 1730 quidem

192 1741 264 1779 aut
295 1738 483 1778 ieiunum
516 1736 641 1777 debes
673 1749 909 1791 agnoscere.
973 1734 1046 1776 Sin
1079 1738 1219 1776 autem
1249 1749 1316 1776 me
1342 1737 1529 1776 astutum

191 1800 233 1838 et
259 1797 470 1838 occultum
501 1795 619 1836 lubet
644 1795 815 1850 fingere,
848 1794 951 1848 quid
975 1797 1048 1847 est,
1081 1794 1195 1848 quod
1218 1794 1358 1835 minus
1384 1794 1529 1835 cadere

192 1856 235 1897 in
273 1855 362 1896 eius
399 1854 515 1896 modi
552 1856 747 1894 naturam
786 1853 921 1907 possit
963 1867 1088 1907 quam
1129 1855 1201 1893 aut
1240 1851 1527 1894 florentissimi

190 1914 375 1956 hominis
424 1913 637 1968 aspernari
687 1911 1023 1953 benevolentiam
1072 1915 1144 1952 aut
1187 1911 1275 1952 eius
1319 1910 1528 1951 existima-

191 1974 351 2015 tionem
393 1986 637 2027 oppu‹rnare
678 1971 721 2011 in
761 1970 999 2025 provincia,
1043 1970 1160 2011 cuius
1203 1969 1369 2010 laudem
1414 1969 1527 2009 domi

193 2032 444 2085 defenderis,
484 2034 555 2072 aut
587 2031 631 2071 in
663 2045 710 2071 ea
741 2044 785 2071 re
823 2030 1010 2070 animum
1049 2028 1266 2070 ostendere
1297 2027 1528 2080 inimicum,

192 2091 234 2132 in
267 2106 349 2145 qua
379 2090 488 2131 nihil
520 2089 650 2142 obsis,
689 2091 761 2129 aut
792 2088 836 2129 id
866 2088 1020 2143 eligere
1059 2087 1111 2128 ad
1140 2086 1376 2141 perfidiam,
1416 2061 1529 2139 quod

191 2150 243 2190 ad
275 2149 543 2190 indicandum
577 2149 720 2189 odium
755 2147 1066 2201 apertissimum
1098 2145 1170 2199 sit,
1211 2144 1263 2185 ad
1293 2145 1528 2186 nocendum

1547 748 1582 774 10

1547 1041 1581 1067 15

1548 1337 1582 1362 20

1548 1629 1582 1654 25

1547 1923 1581 1947 30

191 2208 484 2248 levissimum?
540 2206 650 2256 Quid
682 2208 770 2247 erat
802 2208 954 2258 autem,
987 2219 1060 2245 cur
1091 2218 1168 2259 ego
1202 2203 1244 2243 in
1275 2205 1316 2243 te
1347 2206 1434 2244 tam
1467 2202 1526 2244 111-
1545 2214 1579 2240 35

191 2267 412 2319 placabilis
451 2280 600 2319 essem,
643 2279 737 2306 cum
774 2267 816 2305 te
857 2278 908 2304 ex
938 2264 1067 2304 fratre
1098 2276 1192 2302 meo
1224 2275 1275 2302 ne
1306 2264 1407 2302 tunc
1439 2262 1527 2317 qui-

192 2325 302 2378 dem,
344 2339 437 2365 011111
478 2325 558 2365 tibi
598 2337 729 2378 prope
766 2336 932 2364 necesse
972 2323 1080 2375 esset
1117 2334 1184 2361 eas
1223 2334 1346 2376 agere
1383 2320 1528 2376 partis,
