1659 2552
123 331 142 360 [Ο

123 1037 141 1067 0>

170 106 255 147 280
673 105 1011 140 EPISTULARUM

170 201 220 242 de
250 204 292 242 te
323 204 465 242 tamen
496 202 607 242 fama
634 205 830 243 constans
855 215 932 242 nec
965 200 1099 255 decipi
1131 215 1253 256 posse
1278 215 1354 242 nec
1379 201 1510 258 vinci3

170 274 350 315 quorum
382 260 554 301 alterius
586 261 756 301 fortuna
787 263 951 314 partem
982 260 1110 300 habet
1142 260 1369 314 quandam,
1409 261 1508 302 alte-

170 333 263 360 rum
294 320 515 373 proprium
541 323 603 360 est
634 320 881 373 piudentiae
914 322 1021 360 tuae.
1074 317 1156 359 Sed
1181 320 1320 374 accepi
1345 319 1509 361 litteras

169 392 193 419 a
225 378 389 443 collega
418 382 492 419 tuo
526 378 642 418 datas
673 377 819 418 Idibus
844 377 981 431 Maiis,
1012 378 1057 418 in
1089 377 1243 432 quibus
1275 381 1364 419 erat
1389 381 1430 420 te
1456 378 1509 419 ad

170 451 212 478 36
245 437 460 491 sciipsisse
487 451 509 477 a
534 436 695 491 Lepido
726 451 812 477 non
843 436 972 502 recipi
1004 435 1259 501 Antonium3
1291 437 1404 491 quod
1429 437 1509 478 erit
1527 447 1545 474 5

170 496 340 550 ceitius,
380 496 414 536 si
446 499 491 536 tu
525 496 576 535 ad
607 510 684 536 nos
722 495 833 535 idem
866 495 1093 550 sciipseriS.
1155 494 1238 536 Sed
1267 496 1408 536 minus
1440 510 1509 537 au—

171 554 241 595 des
273 556 450 595 fortasse
481 557 655 608 pr·opte1
686 554 854 595 inanem
884 554 1091 595 laetitiam
1121 554 1360 595 litterarum
1391 569 1509 609 supe-

171 613 340 653 riorum.
404 612 442 652 Χ
446 628 584 666 erum,
622 615 668 653 ut
700 627 856 666 errare,
887 613 946 653 mi
976 611 1148 667 Plance,
1178 613 1357 667 potuisti
1395 612 1510 669 (quis

169 672 282 713 enim
319 672 363 712 id
401 671 668 727 effugerit'?),
710 672 769 712 sic
811 671 945 726 decipi
986 674 1027 712 te
1064 686 1150 712 non
1189 672 1377 726 potuisse
1415 672 1509 727 quis

168 745 254 771 non
280 731 422 771 videt?
454 745 565 771 nunc
590 745 690 771 vero
717 731 844 771 etiam
877 730 998 785 [iam]
1026 731 1180 771 erroris
1213 745 1336 772 causa
1372 731 1509 772 subla·
1530 743 1563 768 1⁰

170 792 271 843 tast3
304 789 426 843 culpa
452 789 564 829 enim
590 789 663 829 illa
695 789 792 829 ‘bis
825 790 882 830 ad
914 789 1143 830 eundem'
1175 790 1341 846 vulgari
1372 804 1509 845 repre-

168 848 298 889 hensa-
333 848 561 902 proverbio
600 850 672 888 est.
735 847 830 902 Sin,
874 851 921 888 ut
959 848 1163 902 scripsisti
1202 849 1254 889 ad
1291 848 1509 905 collegam,

170 907 228 947 ita
260 921 302 947 se
334 921 400 947 res
430 906 571 961 habet,
608 907 722 947 omni
755 921 854 948 cura
884 907 1054 948 liberati
1087 922 1230 948 sumus
1261 921 1338 948 nec
1367 910 1510 949 tamen

170 966 325 1006 erimus
362 966 496 1020 prius,
539 980 665 1019 quam
703 966 762 1006 ita
800 980 887 1006 esse
924 969 971 1007 tu
1008 980 1086 1006 nos
1118 966 1266 1007 feceris
1297 967 1508 1008 certiores.

169 1024 263 1065 Mea
301 1025 488 1078 quidem,
526 1028 573 1065 ut
605 1024 657 1066 ad
693 1027 735 1065 te
769 1025 933 1079 saepius
965 1025 1130 1079 scripsi,
1166 1025 1271 1066 haec
1302 1025 1510 1067 sententia
1529 1036 1563 1061 15

169 1086 248 1137 est,
287 1084 359 1138 qui
398 1084 598 1138 reliquias
634 1083 761 1124 huius
798 1084 901 1124 belli
939 1084 1212 1139 oppresserit,
1250 1098 1346 1125 eum
1377 1085 1509 1125 totius

169 1142 270 1183 belli
309 1143 592 1184 confectorem
630 1143 737 1197 fore3
780 1157 904 1197 quem
935 1145 977 1183 te
1010 1145 1051 1184 et
1089 1146 1189 1197 opto
1222 1157 1310 1184 esse
1342 1145 1383 1184 et
1415 1157 1511 1184 con-

169 1201 253 1241 fido
286 1201 488 1242 futurum.
551 1200 701 1242 Studia
730 1216 824 1242 mea
855 1216 954 1257 erga
985 1204 1038 1256 te,
1072 1202 1225 1256 quibus
1257 1204 1368 1243 certe
1393 1202 1510 1243 nulla

169 1274 257 1301 esse
287 1260 449 1300 maiora
479 1263 721 1315 potuerunt,
753 1260 833 1300 tibi
865 1263 952 1300 tam
983 1263 1105 1315 grata
1137 1275 1236 1315 esse,
1272 1275 1397 1314 quam
1430 1274 1509 1317 ego

168 1319 314 1373 putavi
340 1319 442 1372 fore,
473 1319 647 1359 minime
673 1319 806 1359 miror
825 1318 1178 1373 vehementerque
1203 1319 1348 1360 laetor.
1393 1318 1508 1368 Quae
1528 1330 1562 1355 20

170 1377 339 1431 quidem
371 1380 435 1430 tu,
477 1378 510 1417 si
543 1381 654 1418 recte
687 1377 782 1418 istic
814 1378 912 1431 erit,
949 1378 1110 1418 maiora
1142 1381 1183 1418 et
1214 1378 1411 1434 graviora
1443 1391 1507 1419 co-

168 1450 355 1491 gnosces.
417 1447 485 1476 1111
516 1436 567 1476 K.
592 1434 682 1476 Iun.

781 1507 893 1582 xxi.

392 1621 466 1656 Ser.
495 1621 533 1654 in
558 1621 685 1655 casm-is
705 1622 802 1665 prid.
828 1621 885 1656 Icl.
913 1621 1008 1656 Mai.
1035 1634 1068 1656 a.
1100 1625 1165 1656 711
1195 1623 1285 1665 (43).

598 1702 814 1737 PLANCUS
841 1702 1074 1738 CICERONI.
1210 1741 1213 1743 ,
1527 1718 1561 1743 25

256 1786 438 1828 Puderet
482 1801 548 1827 me
593 1786 899 1828 inconstantiae
942 1801 1131 1828 mearum
1171 1787 1430 1842 litterarum,
1473 1786 1509 1828 si

169 1860 253 1887 non
294 1846 395 1886 haec
437 1860 488 1886 ex
528 1845 664 1886 aliena
703 1845 875 1887 levitate
915 1846 1156 1900 penderent.
1225 1844 1378 1886 Omnia
1416 1845 1508 1900 feci,

170 1920 252 1959 qua
283 1919 327 1945 re
357 1903 518 1958 Lepido
558 1905 782 1945 coniuncto
814 1905 866 1945 ad
897 1920 985 1945 rem
1022 1921 1061 1959 p.
1095 1904 1403 1946 defendundam
1432 1904 1509 1944 mi-

169 1978 270 2004 nore
309 1963 592 2004 sollicitudine
624 1966 762 2004 vestra
793 1963 970 2017 perditis
1001 1963 1257 2017 resisterem3
1299 1962 1440 2004 omnia
1471 1962 1508 2003 ei

170 2025 210 2063 et
241 2022 402 2076 petenti
435 2022 572 2075 recepi
599 2024 640 2062 et
666 2022 778 2063 ultro
809 2022 1026 2076 pollicitus
1052 2037 1145 2062 sum
1171 2021 1401 2076 scripsique
1426 2021 1507 2062 tibi
1527 2033 1562 2058 30

168 2081 298 2122 biduo
344 2084 439 2121 ante
484 2080 692 2122 confidere
735 2095 802 2122 me
845 2081 958 2122 bono
998 2080 1159 2135 Lepido
1203 2094 1290 2121 esse
1333 2094 1509 2121 usurum

170 2139 466 2193 communique
499 2139 675 2180 consilio
707 2139 867 2180 bellum
894 2140 1296 2181 administraturum.
1340 2138 1508 2180 Credidi

170 2198 462 2254 chirographis
483 2199 584 2251 eius,
605 2198 889 2239 adfirmationi
909 2198 1141 2253 praesentis
1160 2196 1409 2251 Laterensis,
1436 2197 1509 2251 qui

169 2260 259 2297 tum
292 2257 403 2310 apud
433 2271 500 2297 me
533 2260 621 2297 erat
654 2257 1052 2311 reconciliaremque
1083 2270 1150 2297 me
1174 2255 1335 2310 Lepido
1366 2255 1510 2296 fidem-

170 2329 249 2368 que
286 2315 485 2356 haberem
525 2315 682 2356 orabat.
745 2315 845 2357 Non
880 2315 1001 2356 licuit
1043 2315 1201 2356 diutius
1238 2314 1343 2355 bene
1377 2314 1426 2355 de
1458 2328 1506 2355 eo
1526 2324 1561 2350 35
