<?xml version="1.0" encoding="UTF-8"?>
<!DOCTYPE html PUBLIC "-//W3C//DTD XHTML 1.0 Transitional//EN"
    "http://www.w3.org/TR/xhtml1/DTD/xhtml1-transitional.dtd">
<html xmlns="http://www.w3.org/1999/xhtml" xml:lang="en" lang="en">
 <head>
  <title>
</title>
<meta http-equiv="Content-Type" content="text/html;charset=utf-8" />
  <meta name='ocr-system' content='tesseract 3.04.00' />
  <meta name='ocr-capabilities' content='ocr_page ocr_carea ocr_par ocr_line ocrx_word'/>
</head>
<body>
  <div class='ocr_page' id='page_1' title='image "./p1scriptaquaemanse03ciceuoft_0438.png"; bbox 0 0 1659 2552; ppageno 0'>
   <div class='ocr_carea' id='block_1_1' title="bbox 201 80 1047 123">
    <p class='ocr_par' dir='ltr' id='par_1_1' title="bbox 201 80 1047 123">
     <span class='ocr_line' id='line_1_1' title="bbox 201 80 1047 123; baseline -0.004 -6"><span class='ocrx_word' id='word_1_1' title='bbox 201 82 286 123; x_wconf 83' lang='lat'>336</span> <span class='ocrx_word' id='word_1_2' title='bbox 707 80 1047 116; x_wconf 82' lang='lat' dir='ltr'><strong>EPISTULARUM</strong></span> 
     </span>
    </p>
   </div>
   <div class='ocr_carea' id='block_1_2' title="bbox 201 173 1551 1171">
    <p class='ocr_par' dir='ltr' id='par_1_2' title="bbox 201 173 1551 1171">
     <span class='ocr_line' id='line_1_2' title="bbox 201 173 1547 232; baseline -0.002 -13"><span class='ocrx_word' id='word_1_3' title='bbox 201 179 281 232; x_wconf 82' lang='lat' dir='ltr'>est3</span> <span class='ocrx_word' id='word_1_4' title='bbox 322 192 346 219; x_wconf 85' lang='lat' dir='ltr'>a</span> <span class='ocrx_word' id='word_1_5' title='bbox 375 177 513 232; x_wconf 91' lang='lat' dir='ltr'>prima</span> <span class='ocrx_word' id='word_1_6' title='bbox 552 177 664 218; x_wconf 89' lang='lat' dir='ltr'>enim</span> <span class='ocrx_word' id='word_1_7' title='bbox 704 191 776 217; x_wconf 89' lang='lat' dir='ltr'>ora</span> <span class='ocrx_word' id='word_1_8' title='bbox 811 174 1010 217; x_wconf 84' lang='lat' dir='ltr'>Graeciae</span> <span class='ocrx_word' id='word_1_9' title='bbox 1047 189 1179 229; x_wconf 85' lang='lat' dir='ltr'>usque</span> <span class='ocrx_word' id='word_1_10' title='bbox 1218 175 1271 216; x_wconf 87' lang='lat' dir='ltr'>ad</span> <span class='ocrx_word' id='word_1_11' title='bbox 1300 173 1547 231; x_wconf 85' lang='lat' dir='ltr'>Aegyptum</span> 
     </span>
     <span class='ocr_line' id='line_1_3' title="bbox 202 234 1547 290; baseline -0.002 -13"><span class='ocrx_word' id='word_1_12' title='bbox 202 236 463 290; x_wconf 87' lang='lat' dir='ltr'>optimorum</span> <span class='ocrx_word' id='word_1_13' title='bbox 501 235 657 276; x_wconf 81' lang='lat' dir='ltr'>civium</span> <span class='ocrx_word' id='word_1_14' title='bbox 698 234 888 288; x_wconf 86' lang='lat' dir='ltr'>imperiis</span> <span class='ocrx_word' id='word_1_15' title='bbox 932 234 1088 275; x_wconf 89' lang='lat' dir='ltr'>muniti</span> <span class='ocrx_word' id='word_1_16' title='bbox 1130 234 1286 275; x_wconf 87' lang='lat' dir='ltr'>erimus</span> <span class='ocrx_word' id='word_1_17' title='bbox 1324 236 1366 275; x_wconf 89' lang='lat' dir='ltr'>et</span> <span class='ocrx_word' id='word_1_18' title='bbox 1403 234 1547 288; x_wconf 87' lang='lat' dir='ltr'>copiis.</span> 
     </span>
     <span class='ocr_line' id='line_1_4' title="bbox 202 292 1549 349; baseline -0.002 -13"><span class='ocrx_word' id='word_1_19' title='bbox 202 294 478 349; x_wconf 77' lang='lat' dir='ltr'>Quamquam,</span> <span class='ocrx_word' id='word_1_20' title='bbox 510 294 591 335; x_wconf 90' lang='lat' dir='ltr'>nisi</span> <span class='ocrx_word' id='word_1_21' title='bbox 623 308 690 334; x_wconf 91' lang='lat' dir='ltr'>me</span> <span class='ocrx_word' id='word_1_22' title='bbox 722 293 908 347; x_wconf 83' lang='lat' dir='ltr'>fallebat,</span> <span class='ocrx_word' id='word_1_23' title='bbox 941 307 1006 334; x_wconf 89' lang='lat' dir='ltr'>res</span> <span class='ocrx_word' id='word_1_24' title='bbox 1033 307 1076 334; x_wconf 90' lang='lat' dir='ltr'>se</span> <span class='ocrx_word' id='word_1_25' title='bbox 1102 292 1162 333; x_wconf 88' lang='lat' dir='ltr'>sic</span> <span class='ocrx_word' id='word_1_26' title='bbox 1185 292 1382 347; x_wconf 87' lang='lat' dir='ltr'>habebat,</span> <span class='ocrx_word' id='word_1_27' title='bbox 1413 295 1462 334; x_wconf 89' lang='lat' dir='ltr'>ut</span> <span class='ocrx_word' id='word_1_28' title='bbox 1486 295 1549 333; x_wconf 88' lang='lat' dir='ltr'>to-</span> 
     </span>
     <span class='ocr_line' id='line_1_5' title="bbox 201 350 1549 405; baseline -0.002 -10"><span class='ocrx_word' id='word_1_29' title='bbox 201 354 287 395; x_wconf 91' lang='lat' dir='ltr'>tius</span> <span class='ocrx_word' id='word_1_30' title='bbox 318 353 420 395; x_wconf 92' lang='lat' dir='ltr'>belli</span> <span class='ocrx_word' id='word_1_31' title='bbox 459 368 582 394; x_wconf 86' lang='lat' dir='ltr'>omne</span> <span class='ocrx_word' id='word_1_32' title='bbox 616 352 841 393; x_wconf 79' lang='lat' dir='ltr'>discrimen</span> <span class='ocrx_word' id='word_1_33' title='bbox 879 351 923 392; x_wconf 89' lang='lat' dir='ltr'>in</span> <span class='ocrx_word' id='word_1_34' title='bbox 960 351 1011 392; x_wconf 94' lang='lat' dir='ltr'>D.</span> <span class='ocrx_word' id='word_1_35' title='bbox 1043 351 1179 392; x_wconf 89' lang='lat' dir='ltr'>Bruto</span> <span class='ocrx_word' id='word_1_36' title='bbox 1216 351 1405 405; x_wconf 87' lang='lat' dir='ltr'>positum</span> <span class='ocrx_word' id='word_1_37' title='bbox 1436 350 1549 392; x_wconf 84' lang='lat' dir='ltr'>vide-</span> 
     </span>
     <span class='ocr_line' id='line_1_6' title="bbox 202 409 1550 467; baseline -0.002 -14"><span class='ocrx_word' id='word_1_38' title='bbox 202 414 335 467; x_wconf 70' lang='lat' dir='ltr'>retur-3</span> <span class='ocrx_word' id='word_1_39' title='bbox 374 412 447 466; x_wconf 91' lang='lat' dir='ltr'>qui</span> <span class='ocrx_word' id='word_1_40' title='bbox 479 412 531 466; x_wconf 89' lang='lat' dir='ltr'>si,</span> <span class='ocrx_word' id='word_1_41' title='bbox 569 413 616 452; x_wconf 88' lang='lat' dir='ltr'>ut</span> <span class='ocrx_word' id='word_1_42' title='bbox 648 410 938 465; x_wconf 77' lang='lat' dir='ltr'>sperabamus,</span> <span class='ocrx_word' id='word_1_43' title='bbox 981 410 1187 464; x_wconf 72' lang='lat' dir='ltr'>erupisset</span> <span class='ocrx_word' id='word_1_44' title='bbox 1218 410 1403 464; x_wconf 86' lang='lat' dir='ltr'>Mutina,</span> <span class='ocrx_word' id='word_1_45' title='bbox 1439 409 1550 450; x_wconf 89' lang='lat' dir='ltr'>nihil</span> 
     </span>
     <span class='ocr_line' id='line_1_7' title="bbox 202 468 1548 525; baseline -0.001 -14"><span class='ocrx_word' id='word_1_46' title='bbox 202 471 304 512; x_wconf 87' lang='lat' dir='ltr'>belli</span> <span class='ocrx_word' id='word_1_47' title='bbox 337 471 490 525; x_wconf 82' lang='lat' dir='ltr'>reliqui</span> <span class='ocrx_word' id='word_1_48' title='bbox 522 472 613 511; x_wconf 90' lang='lat' dir='ltr'>fore</span> <span class='ocrx_word' id='word_1_49' title='bbox 644 469 878 510; x_wconf 78' lang='lat' dir='ltr'>videbatur.</span> <span class='ocrx_word' id='word_1_50' title='bbox 929 468 1077 510; x_wconf 79' lang='lat' dir='ltr'>Parvis</span> <span class='ocrx_word' id='word_1_51' title='bbox 1104 469 1277 510; x_wconf 91' lang='lat' dir='ltr'>omnino</span> <span class='ocrx_word' id='word_1_52' title='bbox 1304 469 1388 510; x_wconf 89' lang='lat' dir='ltr'>iam</span> <span class='ocrx_word' id='word_1_53' title='bbox 1415 468 1548 523; x_wconf 92' lang='lat' dir='ltr'>copiis</span> 
     </span>
     <span class='ocr_line' id='line_1_8' title="bbox 203 527 1550 583; baseline -0.001 -13"><span class='ocrx_word' id='word_1_54' title='bbox 203 529 493 583; x_wconf 76' lang='lat' dir='ltr'>obsidebatur,</span> <span class='ocrx_word' id='word_1_55' title='bbox 535 528 649 582; x_wconf 89' lang='lat' dir='ltr'>quod</span> <span class='ocrx_word' id='word_1_56' title='bbox 678 542 834 583; x_wconf 83' lang='lat' dir='ltr'>magno</span> <span class='ocrx_word' id='word_1_57' title='bbox 865 527 1076 581; x_wconf 86' lang='lat' dir='ltr'>praesidio</span> <span class='ocrx_word' id='word_1_58' title='bbox 1107 527 1346 568; x_wconf 85' lang='lat' dir='ltr'>Bononiam</span> <span class='ocrx_word' id='word_1_59' title='bbox 1377 527 1550 568; x_wconf 85' lang='lat' dir='ltr'>tenebat</span> 
     </span>
     <span class='ocr_line' id='line_1_9' title="bbox 201 585 1550 640; baseline -0.002 -11"><span class='ocrx_word' id='word_1_60' title='bbox 201 588 426 629; x_wconf 66' lang='lat' dir='ltr'>Antonius</span> <span class='ocrx_word' id='word_1_61' title='bbox 489 587 594 627; x_wconf 85' lang='lat' dir='ltr'>Erat</span> <span class='ocrx_word' id='word_1_62' title='bbox 635 589 776 628; x_wconf 87' lang='lat' dir='ltr'>autem</span> <span class='ocrx_word' id='word_1_63' title='bbox 819 586 1039 627; x_wconf 75' lang='lat' dir='ltr'>Claternae</span> <span class='ocrx_word' id='word_1_64' title='bbox 1079 589 1224 627; x_wconf 87' lang='lat' dir='ltr'>noster</span> <span class='ocrx_word' id='word_1_65' title='bbox 1262 585 1452 640; x_wconf 81' lang='lat' dir='ltr'>Hirtius,</span> <span class='ocrx_word' id='word_1_66' title='bbox 1497 585 1550 626; x_wconf 89' lang='lat' dir='ltr'>ad</span> 
     </span>
     <span class='ocr_line' id='line_1_10' title="bbox 201 644 1549 700; baseline -0.002 -12"><span class='ocrx_word' id='word_1_67' title='bbox 201 646 359 688; x_wconf 87' lang='lat' dir='ltr'>Forum</span> <span class='ocrx_word' id='word_1_68' title='bbox 394 646 638 687; x_wconf 86' lang='lat' dir='ltr'>Cornelium</span> <span class='ocrx_word' id='word_1_69' title='bbox 671 645 834 700; x_wconf 84' lang='lat' dir='ltr'>Caesar,</span> <span class='ocrx_word' id='word_1_70' title='bbox 866 648 1044 700; x_wconf 90' lang='lat' dir='ltr'>uterque</span> <span class='ocrx_word' id='word_1_71' title='bbox 1072 659 1167 686; x_wconf 87' lang='lat' dir='ltr'>cum</span> <span class='ocrx_word' id='word_1_72' title='bbox 1192 645 1316 686; x_wconf 90' lang='lat' dir='ltr'>firmo</span> <span class='ocrx_word' id='word_1_73' title='bbox 1349 644 1549 698; x_wconf 80' lang='lat' dir='ltr'>exercitu,</span> 
     </span>
     <span class='ocr_line' id='line_1_11' title="bbox 202 702 1549 761; baseline -0.001 -15"><span class='ocrx_word' id='word_1_74' title='bbox 202 719 460 761; x_wconf 77' lang='lat' dir='ltr'>magnasque</span> <span class='ocrx_word' id='word_1_75' title='bbox 485 704 646 752; x_wconf 87' lang='lat' dir='ltr'>Romae</span> <span class='ocrx_word' id='word_1_76' title='bbox 671 703 808 745; x_wconf 88' lang='lat' dir='ltr'>Pansa</span> <span class='ocrx_word' id='word_1_77' title='bbox 834 704 974 758; x_wconf 89' lang='lat' dir='ltr'>copias</span> <span class='ocrx_word' id='word_1_78' title='bbox 1007 719 1058 745; x_wconf 80' lang='lat' dir='ltr'>ex</span> <span class='ocrx_word' id='word_1_79' title='bbox 1085 704 1241 744; x_wconf 78' lang='lat' dir='ltr'>dilectu</span> <span class='ocrx_word' id='word_1_80' title='bbox 1264 702 1413 744; x_wconf 88' lang='lat' dir='ltr'>Italiae</span> <span class='ocrx_word' id='word_1_81' title='bbox 1440 717 1549 744; x_wconf 89' lang='lat' dir='ltr'>com-</span> 
     </span>
     <span class='ocr_line' id='line_1_12' title="bbox 202 761 1549 819; baseline -0.001 -15"><span class='ocrx_word' id='word_1_82' title='bbox 202 767 381 819; x_wconf 84' lang='lat' dir='ltr'>pararat.</span> <span class='ocrx_word' id='word_1_83' title='bbox 443 763 623 818; x_wconf 86' lang='lat' dir='ltr'>Hiemps</span> <span class='ocrx_word' id='word_1_84' title='bbox 649 763 786 804; x_wconf 89' lang='lat' dir='ltr'>adhuc</span> <span class='ocrx_word' id='word_1_85' title='bbox 811 778 900 804; x_wconf 88' lang='lat' dir='ltr'>rem</span> <span class='ocrx_word' id='word_1_86' title='bbox 925 763 1017 818; x_wconf 85' lang='lat' dir='ltr'>geri</span> <span class='ocrx_word' id='word_1_87' title='bbox 1041 762 1330 817; x_wconf 86' lang='lat' dir='ltr'>prohibuerat.</span> <span class='ocrx_word' id='word_1_88' title='bbox 1380 761 1549 803; x_wconf 84' lang='lat' dir='ltr'>Hirtius</span> 
     </span>
     <span class='ocr_line' id='line_1_13' title="bbox 202 820 1549 877; baseline -0.001 -14"><span class='ocrx_word' id='word_1_89' title='bbox 202 823 311 863; x_wconf 87' lang='lat' dir='ltr'>nihil</span> <span class='ocrx_word' id='word_1_90' title='bbox 349 822 431 863; x_wconf 82' lang='lat' dir='ltr'>nisi</span> <span class='ocrx_word' id='word_1_91' title='bbox 469 822 748 876; x_wconf 85' lang='lat' dir='ltr'>considerate,</span> <span class='ocrx_word' id='word_1_92' title='bbox 789 825 836 863; x_wconf 90' lang='lat' dir='ltr'>ut</span> <span class='ocrx_word' id='word_1_93' title='bbox 873 821 981 862; x_wconf 91' lang='lat' dir='ltr'>mihi</span> <span class='ocrx_word' id='word_1_94' title='bbox 1013 821 1171 863; x_wconf 81' lang='lat' dir='ltr'>crebris</span> <span class='ocrx_word' id='word_1_95' title='bbox 1202 821 1358 862; x_wconf 87' lang='lat' dir='ltr'>litteris</span> <span class='ocrx_word' id='word_1_96' title='bbox 1390 820 1549 877; x_wconf 86' lang='lat' dir='ltr'>signifi-</span> 
     </span>
     <span class='ocr_line' id='line_1_14' title="bbox 205 878 1550 936; baseline -0.001 -14"><span class='ocrx_word' id='word_1_97' title='bbox 205 884 287 936; x_wconf 88' lang='lat' dir='ltr'>cat,</span> <span class='ocrx_word' id='word_1_98' title='bbox 337 884 506 922; x_wconf 84' lang='lat' dir='ltr'>acturus</span> <span class='ocrx_word' id='word_1_99' title='bbox 550 881 784 922; x_wconf 87' lang='lat' dir='ltr'>videbatur.</span> <span class='ocrx_word' id='word_1_100' title='bbox 846 880 1019 921; x_wconf 84' lang='lat' dir='ltr'>Praeter</span> <span class='ocrx_word' id='word_1_101' title='bbox 1062 880 1316 935; x_wconf 77' lang='lat' dir='ltr'>Bononiam,</span> <span class='ocrx_word' id='word_1_102' title='bbox 1365 878 1550 935; x_wconf 85' lang='lat' dir='ltr'>Regium</span> 
     </span>
     <span class='ocr_line' id='line_1_15' title="bbox 203 937 1551 994; baseline -0.002 -13"><span class='ocrx_word' id='word_1_103' title='bbox 203 940 370 994; x_wconf 82' lang='lat' dir='ltr'>Lepidi,</span> <span class='ocrx_word' id='word_1_104' title='bbox 402 940 600 981; x_wconf 87' lang='lat' dir='ltr'>Parmam</span> <span class='ocrx_word' id='word_1_105' title='bbox 631 942 767 981; x_wconf 88' lang='lat' dir='ltr'>totam</span> <span class='ocrx_word' id='word_1_106' title='bbox 801 938 982 980; x_wconf 84' lang='lat' dir='ltr'>Galliam</span> <span class='ocrx_word' id='word_1_107' title='bbox 1013 939 1261 980; x_wconf 88' lang='lat' dir='ltr'>tenebamus</span> <span class='ocrx_word' id='word_1_108' title='bbox 1293 937 1551 980; x_wconf 89' lang='lat' dir='ltr'>studiosissi-</span> 
     </span>
     <span class='ocr_line' id='line_1_16' title="bbox 203 997 1549 1055; baseline -0.001 -15"><span class='ocrx_word' id='word_1_109' title='bbox 203 1014 317 1040; x_wconf 86' lang='lat' dir='ltr'>mam</span> <span class='ocrx_word' id='word_1_110' title='bbox 358 999 420 1040; x_wconf 86' lang='lat' dir='ltr'>rei</span> <span class='ocrx_word' id='word_1_111' title='bbox 459 999 672 1055; x_wconf 80' lang='lat' dir='ltr'>publicae3</span> <span class='ocrx_word' id='word_1_112' title='bbox 713 1001 809 1039; x_wconf 90' lang='lat' dir='ltr'>tuos</span> <span class='ocrx_word' id='word_1_113' title='bbox 851 999 979 1040; x_wconf 88' lang='lat' dir='ltr'>etiam</span> <span class='ocrx_word' id='word_1_114' title='bbox 1020 998 1186 1039; x_wconf 87' lang='lat' dir='ltr'>clientis</span> <span class='ocrx_word' id='word_1_115' title='bbox 1227 997 1549 1051; x_wconf 86' lang='lat' dir='ltr'>Transpadanos</span> 
     </span>
     <span class='ocr_line' id='line_1_17' title="bbox 203 1055 1551 1099; baseline -0.002 0"><span class='ocrx_word' id='word_1_116' title='bbox 203 1058 382 1099; x_wconf 90' lang='lat' dir='ltr'>mirifice</span> <span class='ocrx_word' id='word_1_117' title='bbox 420 1058 667 1099; x_wconf 85' lang='lat' dir='ltr'>coniunctos</span> <span class='ocrx_word' id='word_1_118' title='bbox 706 1072 800 1098; x_wconf 91' lang='lat' dir='ltr'>cum</span> <span class='ocrx_word' id='word_1_119' title='bbox 843 1071 966 1099; x_wconf 87' lang='lat' dir='ltr'>causa</span> <span class='ocrx_word' id='word_1_120' title='bbox 1004 1057 1276 1098; x_wconf 82' lang='lat' dir='ltr'>habebamus.</span> <span class='ocrx_word' id='word_1_121' title='bbox 1337 1055 1443 1097; x_wconf 87' lang='lat' dir='ltr'>Erat</span> <span class='ocrx_word' id='word_1_122' title='bbox 1482 1055 1551 1097; x_wconf 88' lang='lat' dir='ltr'>fir-</span> 
     </span>
     <span class='ocr_line' id='line_1_18' title="bbox 204 1115 1551 1171; baseline -0.001 -14"><span class='ocrx_word' id='word_1_123' title='bbox 204 1117 418 1158; x_wconf 84' lang='lat' dir='ltr'>missimus</span> <span class='ocrx_word' id='word_1_124' title='bbox 444 1119 613 1158; x_wconf 89' lang='lat' dir='ltr'>senatus</span> <span class='ocrx_word' id='word_1_125' title='bbox 639 1116 824 1170; x_wconf 76' lang='lat' dir='ltr'>exceptis</span> <span class='ocrx_word' id='word_1_126' title='bbox 851 1115 1154 1171; x_wconf 88' lang='lat' dir='ltr'>consularibus,</span> <span class='ocrx_word' id='word_1_127' title='bbox 1186 1130 1237 1157; x_wconf 82' lang='lat' dir='ltr'>ex</span> <span class='ocrx_word' id='word_1_128' title='bbox 1263 1115 1417 1170; x_wconf 87' lang='lat' dir='ltr'>quibus</span> <span class='ocrx_word' id='word_1_129' title='bbox 1442 1128 1551 1155; x_wconf 88' lang='lat' dir='ltr'>unus</span> 
     </span>
    </p>
   </div>
   <div class='ocr_carea' id='block_1_3' title="bbox 203 1174 1555 1229">
    <p class='ocr_par' dir='ltr' id='par_1_3' title="bbox 203 1174 1555 1229">
     <span class='ocr_line' id='line_1_19' title="bbox 203 1174 1555 1229; baseline -0.002 -12"><span class='ocrx_word' id='word_1_130' title='bbox 203 1175 249 1216; x_wconf 90' lang='lat' dir='ltr'>L.</span> <span class='ocrx_word' id='word_1_131' title='bbox 272 1174 425 1217; x_wconf 86' lang='lat' dir='ltr'>Caesar</span> <span class='ocrx_word' id='word_1_132' title='bbox 448 1176 596 1217; x_wconf 90' lang='lat' dir='ltr'>firmus</span> <span class='ocrx_word' id='word_1_133' title='bbox 623 1178 685 1217; x_wconf 89' lang='lat' dir='ltr'>est</span> <span class='ocrx_word' id='word_1_134' title='bbox 711 1178 752 1216; x_wconf 92' lang='lat' dir='ltr'>et</span> <span class='ocrx_word' id='word_1_135' title='bbox 778 1177 928 1216; x_wconf 86' lang='lat' dir='ltr'>rectus.</span> <span class='ocrx_word' id='word_1_136' title='bbox 990 1174 1077 1216; x_wconf 87' lang='lat' dir='ltr'>Ser.</span> <span class='ocrx_word' id='word_1_137' title='bbox 1105 1174 1267 1229; x_wconf 86' lang='lat' dir='ltr'>Sulpici</span> <span class='ocrx_word' id='word_1_138' title='bbox 1297 1176 1435 1215; x_wconf 86' lang='lat' dir='ltr'>morte</span> <span class='ocrx_word' id='word_1_139' title='bbox 1465 1187 1555 1214; x_wconf 66' lang='grc'>1113-</span> 
     </span>
    </p>
   </div>
   <div class='ocr_carea' id='block_1_4' title="bbox 203 1232 1551 1581">
    <p class='ocr_par' dir='ltr' id='par_1_4' title="bbox 203 1232 1551 1581">
     <span class='ocr_line' id='line_1_20' title="bbox 204 1232 1551 1290; baseline -0.001 -15"><span class='ocrx_word' id='word_1_140' title='bbox 204 1249 337 1290; x_wconf 83' lang='lat' dir='ltr'>gnum</span> <span class='ocrx_word' id='word_1_141' title='bbox 385 1235 644 1288; x_wconf 86' lang='lat' dir='ltr'>praesidium</span> <span class='ocrx_word' id='word_1_142' title='bbox 687 1234 923 1288; x_wconf 82' lang='lat' dir='ltr'>amisimus3</span> <span class='ocrx_word' id='word_1_143' title='bbox 974 1234 1127 1288; x_wconf 88' lang='lat' dir='ltr'>reliqui</span> <span class='ocrx_word' id='word_1_144' title='bbox 1175 1233 1332 1288; x_wconf 85' lang='lat' dir='ltr'>partim</span> <span class='ocrx_word' id='word_1_145' title='bbox 1382 1232 1551 1286; x_wconf 88' lang='lat' dir='ltr'>inertes,</span> 
     </span>
     <span class='ocr_line' id='line_1_21' title="bbox 204 1291 1550 1348; baseline -0.001 -14"><span class='ocrx_word' id='word_1_146' title='bbox 204 1293 361 1347; x_wconf 86' lang='lat' dir='ltr'>partim</span> <span class='ocrx_word' id='word_1_147' title='bbox 393 1293 596 1348; x_wconf 78' lang='lat' dir='ltr'>improbi3</span> <span class='ocrx_word' id='word_1_148' title='bbox 627 1307 714 1333; x_wconf 88' lang='lat' dir='ltr'>non</span> <span class='ocrx_word' id='word_1_149' title='bbox 744 1292 852 1333; x_wconf 89' lang='lat' dir='ltr'>nulli</span> <span class='ocrx_word' id='word_1_150' title='bbox 884 1292 1075 1333; x_wconf 84' lang='lat' dir='ltr'>invident</span> <span class='ocrx_word' id='word_1_151' title='bbox 1107 1306 1253 1333; x_wconf 88' lang='lat' dir='ltr'>eorum</span> <span class='ocrx_word' id='word_1_152' title='bbox 1284 1291 1412 1345; x_wconf 77' lang='lat' dir='ltr'>laudi,</span> <span class='ocrx_word' id='word_1_153' title='bbox 1444 1304 1550 1345; x_wconf 89' lang='lat' dir='ltr'>quos</span> 
     </span>
     <span class='ocr_line' id='line_1_22' title="bbox 206 1349 1550 1406; baseline -0.001 -14"><span class='ocrx_word' id='word_1_154' title='bbox 206 1352 250 1392; x_wconf 92' lang='lat' dir='ltr'>in</span> <span class='ocrx_word' id='word_1_155' title='bbox 275 1366 319 1393; x_wconf 89' lang='lat' dir='ltr'>re</span> <span class='ocrx_word' id='word_1_156' title='bbox 345 1367 383 1406; x_wconf 93' lang='lat' dir='ltr'>p.</span> <span class='ocrx_word' id='word_1_157' title='bbox 410 1352 583 1405; x_wconf 86' lang='lat' dir='ltr'>probari</span> <span class='ocrx_word' id='word_1_158' title='bbox 615 1351 777 1405; x_wconf 79' lang='lat' dir='ltr'>vident3</span> <span class='ocrx_word' id='word_1_159' title='bbox 808 1350 957 1405; x_wconf 89' lang='lat' dir='ltr'>populi</span> <span class='ocrx_word' id='word_1_160' title='bbox 987 1365 1088 1392; x_wconf 84' lang='lat' dir='ltr'>vero</span> <span class='ocrx_word' id='word_1_161' title='bbox 1119 1350 1302 1391; x_wconf 84' lang='lat' dir='ltr'>Romani</span> <span class='ocrx_word' id='word_1_162' title='bbox 1333 1349 1550 1403; x_wconf 89' lang='lat' dir='ltr'>totiusque</span> 
     </span>
     <span class='ocr_line' id='line_1_23' title="bbox 203 1407 1550 1462; baseline -0.001 -12"><span class='ocrx_word' id='word_1_163' title='bbox 203 1408 352 1450; x_wconf 86' lang='lat' dir='ltr'>Italiae</span> <span class='ocrx_word' id='word_1_164' title='bbox 384 1411 492 1451; x_wconf 88' lang='lat' dir='ltr'>mira</span> <span class='ocrx_word' id='word_1_165' title='bbox 521 1410 739 1451; x_wconf 88' lang='lat' dir='ltr'>consensio</span> <span class='ocrx_word' id='word_1_166' title='bbox 766 1412 839 1450; x_wconf 87' lang='lat' dir='ltr'>est.</span> <span class='ocrx_word' id='word_1_167' title='bbox 901 1408 1017 1450; x_wconf 89' lang='lat' dir='ltr'>Haec</span> <span class='ocrx_word' id='word_1_168' title='bbox 1049 1412 1168 1450; x_wconf 84' lang='lat' dir='ltr'>erant</span> <span class='ocrx_word' id='word_1_169' title='bbox 1199 1409 1298 1462; x_wconf 88' lang='lat' dir='ltr'>fere,</span> <span class='ocrx_word' id='word_1_170' title='bbox 1331 1422 1437 1462; x_wconf 88' lang='lat' dir='ltr'>quae</span> <span class='ocrx_word' id='word_1_171' title='bbox 1468 1407 1550 1449; x_wconf 87' lang='lat' dir='ltr'>tibi</span> 
     </span>
     <span class='ocr_line' id='line_1_24' title="bbox 204 1465 1550 1524; baseline -0.001 -15"><span class='ocrx_word' id='word_1_172' title='bbox 204 1471 306 1509; x_wconf 88' lang='lat' dir='ltr'>nota</span> <span class='ocrx_word' id='word_1_173' title='bbox 333 1483 419 1509; x_wconf 87' lang='lat' dir='ltr'>esse</span> <span class='ocrx_word' id='word_1_174' title='bbox 446 1469 615 1524; x_wconf 67' lang='lat' dir='ltr'>vellem,</span> <span class='ocrx_word' id='word_1_175' title='bbox 647 1482 759 1509; x_wconf 89' lang='lat' dir='ltr'>nunc</span> <span class='ocrx_word' id='word_1_176' title='bbox 791 1470 932 1522; x_wconf 86' lang='lat' dir='ltr'>autem</span> <span class='ocrx_word' id='word_1_177' title='bbox 959 1470 1059 1522; x_wconf 92' lang='lat' dir='ltr'>opto</span> <span class='ocrx_word' id='word_1_178' title='bbox 1085 1470 1133 1508; x_wconf 94' lang='lat' dir='ltr'>ut</span> <span class='ocrx_word' id='word_1_179' title='bbox 1159 1468 1212 1508; x_wconf 89' lang='lat' dir='ltr'>ab</span> <span class='ocrx_word' id='word_1_180' title='bbox 1244 1467 1337 1508; x_wconf 86' lang='lat' dir='ltr'>istis</span> <span class='ocrx_word' id='word_1_181' title='bbox 1364 1465 1550 1508; x_wconf 86' lang='lat' dir='ltr'>Orientis</span> 
     </span>
     <span class='ocr_line' id='line_1_25' title="bbox 204 1525 1289 1581; baseline -0.001 -13"><span class='ocrx_word' id='word_1_182' title='bbox 204 1527 397 1581; x_wconf 87' lang='lat' dir='ltr'>partibus</span> <span class='ocrx_word' id='word_1_183' title='bbox 430 1527 601 1569; x_wconf 80' lang='lat' dir='ltr'>virtutis</span> <span class='ocrx_word' id='word_1_184' title='bbox 633 1529 730 1568; x_wconf 89' lang='lat' dir='ltr'>tuae</span> <span class='ocrx_word' id='word_1_185' title='bbox 762 1527 906 1568; x_wconf 89' lang='lat' dir='ltr'>lumen</span> <span class='ocrx_word' id='word_1_186' title='bbox 938 1526 1109 1568; x_wconf 89' lang='lat' dir='ltr'>eluceat.</span> <span class='ocrx_word' id='word_1_187' title='bbox 1172 1525 1289 1567; x_wconf 88' lang='lat' dir='ltr'>Vale.</span> 
     </span>
    </p>
   </div>
   <div class='ocr_carea' id='block_1_5' title="bbox 227 1677 1526 1802">
    <p class='ocr_par' dir='ltr' id='par_1_5' title="bbox 227 1677 1526 1802">
     <span class='ocr_line' id='line_1_26' title="bbox 839 1677 911 1720; baseline 0 0"><span class='ocrx_word' id='word_1_188' title='bbox 839 1677 911 1720; x_wconf 90' lang='lat' dir='ltr'>VI.</span> 
     </span>
     <span class='ocr_line' id='line_1_27' title="bbox 227 1758 1526 1802; baseline -0.002 -8"><span class='ocrx_word' id='word_1_189' title='bbox 227 1758 302 1794; x_wconf 81' lang='lat' dir='ltr'>Ser.</span> <span class='ocrx_word' id='word_1_190' title='bbox 334 1759 471 1794; x_wconf 80' lang='lat' dir='ltr'>Romae</span> <span class='ocrx_word' id='word_1_191' title='bbox 496 1760 590 1795; x_wconf 73' lang='lat' dir='ltr'>inter</span> <span class='ocrx_word' id='word_1_192' title='bbox 615 1770 667 1794; x_wconf 80' lang='lat' dir='ltr'>ex.</span> <span class='ocrx_word' id='word_1_193' title='bbox 694 1771 739 1794; x_wconf 83' lang='lat' dir='ltr'>m.</span> <span class='ocrx_word' id='word_1_194' title='bbox 767 1759 883 1794; x_wconf 62' lang='grc' dir='ltr'>Βίαν-ἰ.</span> <span class='ocrx_word' id='word_1_195' title='bbox 910 1763 943 1794; x_wconf 78' lang='lat' dir='ltr'>et</span> <span class='ocrx_word' id='word_1_196' title='bbox 975 1759 1056 1794; x_wconf 90' lang='lat' dir='ltr'>VII</span> <span class='ocrx_word' id='word_1_197' title='bbox 1075 1759 1131 1793; x_wconf 83' lang='lat' dir='ltr'>Id.</span> <span class='ocrx_word' id='word_1_198' title='bbox 1158 1758 1249 1802; x_wconf 77' lang='lat' dir='ltr'>Apr.</span> <span class='ocrx_word' id='word_1_199' title='bbox 1277 1769 1310 1792; x_wconf 87' lang='lat' dir='ltr'>a.</span> <span class='ocrx_word' id='word_1_200' title='bbox 1345 1759 1413 1792; x_wconf 83' lang='lat'>711</span> <span class='ocrx_word' id='word_1_201' title='bbox 1436 1758 1526 1801; x_wconf 80' lang='lat'><em>(43).</em></span> 
     </span>
    </p>
   </div>
   <div class='ocr_carea' id='block_1_6' title="bbox 669 1839 1091 1875">
    <p class='ocr_par' dir='ltr' id='par_1_6' title="bbox 669 1839 1091 1875">
     <span class='ocr_line' id='line_1_28' title="bbox 669 1839 1091 1875; baseline -0.002 0"><span class='ocrx_word' id='word_1_202' title='bbox 669 1840 838 1875; x_wconf 84' lang='lat' dir='ltr'>CICERO</span> <span class='ocrx_word' id='word_1_203' title='bbox 868 1839 1030 1875; x_wconf 85' lang='lat' dir='ltr'>CASSIO</span> <span class='ocrx_word' id='word_1_204' title='bbox 1057 1839 1091 1875; x_wconf 84' lang='lat' dir='ltr'>S.</span> 
     </span>
    </p>
   </div>
   <div class='ocr_carea' id='block_1_7' title="bbox 202 1933 1552 2343">
    <p class='ocr_par' dir='ltr' id='par_1_7' title="bbox 202 1933 1552 2343">
     <span class='ocr_line' id='line_1_29' title="bbox 293 1933 1550 1990; baseline -0.004 -11"><span class='ocrx_word' id='word_1_205' title='bbox 293 1936 375 1987; x_wconf 86' lang='lat' dir='ltr'>Qui</span> <span class='ocrx_word' id='word_1_206' title='bbox 406 1940 541 1979; x_wconf 89' lang='lat' dir='ltr'>status</span> <span class='ocrx_word' id='word_1_207' title='bbox 570 1952 711 1979; x_wconf 88' lang='lat' dir='ltr'>rerum</span> <span class='ocrx_word' id='word_1_208' title='bbox 739 1936 869 1977; x_wconf 88' lang='lat' dir='ltr'>fuerit</span> <span class='ocrx_word' id='word_1_209' title='bbox 895 1939 998 1990; x_wconf 91' lang='lat' dir='ltr'>tum,</span> <span class='ocrx_word' id='word_1_210' title='bbox 1031 1950 1126 1976; x_wconf 88' lang='lat' dir='ltr'>cum</span> <span class='ocrx_word' id='word_1_211' title='bbox 1151 1935 1227 1976; x_wconf 88' lang='lat' dir='ltr'>has</span> <span class='ocrx_word' id='word_1_212' title='bbox 1252 1935 1416 1976; x_wconf 87' lang='lat' dir='ltr'>litteras</span> <span class='ocrx_word' id='word_1_213' title='bbox 1443 1933 1550 1988; x_wconf 88' lang='lat' dir='ltr'>dedi,</span> 
     </span>
     <span class='ocr_line' id='line_1_30' title="bbox 204 1993 1551 2050; baseline -0.003 -13"><span class='ocrx_word' id='word_1_214' title='bbox 204 1996 310 2037; x_wconf 91' lang='lat' dir='ltr'>scire</span> <span class='ocrx_word' id='word_1_215' title='bbox 347 1997 508 2050; x_wconf 90' lang='lat' dir='ltr'>poteris</span> <span class='ocrx_word' id='word_1_216' title='bbox 547 2011 598 2037; x_wconf 83' lang='lat' dir='ltr'>ex</span> <span class='ocrx_word' id='word_1_217' title='bbox 639 1995 682 2037; x_wconf 83' lang='lat' dir='ltr'>C.</span> <span class='ocrx_word' id='word_1_218' title='bbox 716 1995 831 2036; x_wconf 85' lang='lat' dir='ltr'>Titio</span> <span class='ocrx_word' id='word_1_219' title='bbox 865 1994 1092 2049; x_wconf 77' lang='lat' dir='ltr'>Strabone,</span> <span class='ocrx_word' id='word_1_220' title='bbox 1130 1994 1222 2035; x_wconf 85' lang='lat' dir='ltr'>viro</span> <span class='ocrx_word' id='word_1_221' title='bbox 1260 1993 1373 2034; x_wconf 91' lang='lat' dir='ltr'>bono</span> <span class='ocrx_word' id='word_1_222' title='bbox 1405 1995 1447 2033; x_wconf 91' lang='lat' dir='ltr'>et</span> <span class='ocrx_word' id='word_1_223' title='bbox 1480 2007 1551 2047; x_wconf 91' lang='lat' dir='ltr'>op-</span> 
     </span>
     <span class='ocr_line' id='line_1_31' title="bbox 202 2050 1550 2109; baseline -0.004 -13"><span class='ocrx_word' id='word_1_224' title='bbox 202 2055 305 2096; x_wconf 89' lang='lat' dir='ltr'>time</span> <span class='ocrx_word' id='word_1_225' title='bbox 339 2055 388 2096; x_wconf 89' lang='lat' dir='ltr'>de</span> <span class='ocrx_word' id='word_1_226' title='bbox 420 2070 464 2096; x_wconf 87' lang='lat' dir='ltr'>re</span> <span class='ocrx_word' id='word_1_227' title='bbox 495 2070 534 2109; x_wconf 92' lang='lat' dir='ltr'>p.</span> <span class='ocrx_word' id='word_1_228' title='bbox 567 2055 792 2109; x_wconf 82' lang='lat' dir='ltr'>sentiente3</span> <span class='ocrx_word' id='word_1_229' title='bbox 825 2068 923 2094; x_wconf 86' lang='lat' dir='ltr'>nam</span> <span class='ocrx_word' id='word_1_230' title='bbox 956 2053 1058 2107; x_wconf 90' lang='lat' dir='ltr'>quid</span> <span class='ocrx_word' id='word_1_231' title='bbox 1090 2053 1248 2093; x_wconf 89' lang='lat' dir='ltr'>dicam:</span> <span class='ocrx_word' id='word_1_232' title='bbox 1276 2050 1550 2106; x_wconf 78' lang='lat' dir='ltr'>cupidissimo</span> 
     </span>
     <span class='ocr_line' id='line_1_32' title="bbox 203 2109 1551 2168; baseline -0.003 -14"><span class='ocrx_word' id='word_1_233' title='bbox 203 2113 287 2168; x_wconf 87' lang='lat' dir='ltr'>tui,</span> <span class='ocrx_word' id='word_1_234' title='bbox 329 2113 402 2167; x_wconf 90' lang='lat' dir='ltr'>qui</span> <span class='ocrx_word' id='word_1_235' title='bbox 444 2114 568 2155; x_wconf 90' lang='lat' dir='ltr'>domo</span> <span class='ocrx_word' id='word_1_236' title='bbox 607 2116 649 2154; x_wconf 92' lang='lat' dir='ltr'>et</span> <span class='ocrx_word' id='word_1_237' title='bbox 685 2112 870 2154; x_wconf 84' lang='lat' dir='ltr'>fortunis</span> <span class='ocrx_word' id='word_1_238' title='bbox 907 2111 1067 2153; x_wconf 88' lang='lat' dir='ltr'>relictis</span> <span class='ocrx_word' id='word_1_239' title='bbox 1105 2111 1158 2152; x_wconf 91' lang='lat' dir='ltr'>ad</span> <span class='ocrx_word' id='word_1_240' title='bbox 1197 2113 1239 2152; x_wconf 89' lang='lat' dir='ltr'>te</span> <span class='ocrx_word' id='word_1_241' title='bbox 1278 2109 1551 2164; x_wconf 87' lang='lat' dir='ltr'>potissimum</span> 
     </span>
     <span class='ocr_line' id='line_1_33' title="bbox 202 2168 1551 2226; baseline -0.002 -14"><span class='ocrx_word' id='word_1_242' title='bbox 202 2172 418 2225; x_wconf 87' lang='lat' dir='ltr'>profectus</span> <span class='ocrx_word' id='word_1_243' title='bbox 450 2172 534 2213; x_wconf 78' lang='lat' dir='ltr'>sit?</span> <span class='ocrx_word' id='word_1_244' title='bbox 570 2171 720 2226; x_wconf 89' lang='lat' dir='ltr'>Itaque</span> <span class='ocrx_word' id='word_1_245' title='bbox 753 2186 848 2212; x_wconf 90' lang='lat' dir='ltr'>eum</span> <span class='ocrx_word' id='word_1_246' title='bbox 880 2171 962 2211; x_wconf 86' lang='lat' dir='ltr'>tibi</span> <span class='ocrx_word' id='word_1_247' title='bbox 993 2185 1046 2211; x_wconf 89' lang='lat' dir='ltr'>ne</span> <span class='ocrx_word' id='word_1_248' title='bbox 1079 2169 1326 2211; x_wconf 85' lang='lat' dir='ltr'>commendo</span> <span class='ocrx_word' id='word_1_249' title='bbox 1360 2168 1551 2223; x_wconf 85' lang='lat' dir='ltr'>quidem3</span> 
     </span>
     <span class='ocr_line' id='line_1_34' title="bbox 203 2226 1552 2285; baseline -0.002 -15"><span class='ocrx_word' id='word_1_250' title='bbox 203 2230 407 2271; x_wconf 73' lang='lat' dir='ltr'>adventus</span> <span class='ocrx_word' id='word_1_251' title='bbox 439 2231 571 2285; x_wconf 89' lang='lat' dir='ltr'>ipsius</span> <span class='ocrx_word' id='word_1_252' title='bbox 597 2231 651 2272; x_wconf 88' lang='lat' dir='ltr'>ad</span> <span class='ocrx_word' id='word_1_253' title='bbox 675 2233 717 2271; x_wconf 90' lang='lat' dir='ltr'>te</span> <span class='ocrx_word' id='word_1_254' title='bbox 742 2230 844 2271; x_wconf 89' lang='lat' dir='ltr'>satis</span> <span class='ocrx_word' id='word_1_255' title='bbox 871 2243 966 2273; x_wconf 89' lang='lat' dir='ltr'>eum</span> <span class='ocrx_word' id='word_1_256' title='bbox 999 2227 1323 2270; x_wconf 86' lang='lat' dir='ltr'>commendabit.</span> <span class='ocrx_word' id='word_1_257' title='bbox 1385 2226 1451 2268; x_wconf 86' lang='lat' dir='ltr'>Tu</span> <span class='ocrx_word' id='word_1_258' title='bbox 1482 2241 1552 2268; x_wconf 84' lang='lat' dir='ltr'>ve-</span> 
     </span>
     <span class='ocr_line' id='line_1_35' title="bbox 202 2286 1551 2343; baseline -0.001 -15"><span class='ocrx_word' id='word_1_259' title='bbox 202 2288 277 2329; x_wconf 90' lang='lat' dir='ltr'>lim</span> <span class='ocrx_word' id='word_1_260' title='bbox 310 2289 369 2330; x_wconf 89' lang='lat' dir='ltr'>sic</span> <span class='ocrx_word' id='word_1_261' title='bbox 401 2290 615 2331; x_wconf 82' lang='lat' dir='ltr'>existimes</span> <span class='ocrx_word' id='word_1_262' title='bbox 647 2289 811 2343; x_wconf 87' lang='lat' dir='ltr'>tibique</span> <span class='ocrx_word' id='word_1_263' title='bbox 843 2288 1116 2343; x_wconf 87' lang='lat' dir='ltr'>persuadeas,</span> <span class='ocrx_word' id='word_1_264' title='bbox 1148 2300 1271 2328; x_wconf 91' lang='lat' dir='ltr'>omne</span> <span class='ocrx_word' id='word_1_265' title='bbox 1302 2286 1551 2342; x_wconf 82' lang='lat' dir='ltr'>perfugium</span> 
     </span>
    </p>
   </div>
   <div class='ocr_carea' id='block_1_8' title="bbox 1569 716 1604 742">
    <p class='ocr_par' dir='ltr' id='par_1_8' title="bbox 1569 716 1604 742">
     <span class='ocr_line' id='line_1_36' title="bbox 1569 716 1604 742; baseline 0.029 -1"><span class='ocrx_word' id='word_1_266' title='bbox 1569 716 1604 742; x_wconf 89' lang='lat'>10</span> 
     </span>
    </p>
   </div>
   <div class='ocr_carea' id='block_1_9' title="bbox 1570 1009 1602 1035">
    <p class='ocr_par' dir='ltr' id='par_1_9' title="bbox 1570 1009 1602 1035">
     <span class='ocr_line' id='line_1_37' title="bbox 1570 1009 1602 1035; baseline 0.031 -1"><span class='ocrx_word' id='word_1_267' title='bbox 1570 1009 1602 1035; x_wconf 88' lang='lat'>15</span> 
     </span>
    </p>
   </div>
   <div class='ocr_carea' id='block_1_10' title="bbox 1569 1303 1604 1328">
    <p class='ocr_par' dir='ltr' id='par_1_10' title="bbox 1569 1303 1604 1328">
     <span class='ocr_line' id='line_1_38' title="bbox 1569 1303 1604 1328; baseline 0 0"><span class='ocrx_word' id='word_1_268' title='bbox 1569 1303 1604 1328; x_wconf 84' lang='lat'>20</span> 
     </span>
    </p>
   </div>
   <div class='ocr_carea' id='block_1_11' title="bbox 1571 1689 1604 1715">
    <p class='ocr_par' dir='ltr' id='par_1_11' title="bbox 1571 1689 1604 1715">
     <span class='ocr_line' id='line_1_39' title="bbox 1571 1689 1604 1715; baseline 0 0"><span class='ocrx_word' id='word_1_269' title='bbox 1571 1689 1604 1715; x_wconf 78' lang='lat'>25</span> 
     </span>
    </p>
   </div>
   <div class='ocr_carea' id='block_1_12' title="bbox 1570 2064 1604 2089">
    <p class='ocr_par' dir='ltr' id='par_1_12' title="bbox 1570 2064 1604 2089">
     <span class='ocr_line' id='line_1_40' title="bbox 1570 2064 1604 2089; baseline 0 0"><span class='ocrx_word' id='word_1_270' title='bbox 1570 2064 1604 2089; x_wconf 76' lang='lat'>80</span> 
     </span>
    </p>
   </div>
  </div>
 </body>
</html>
