<?xml version="1.0" encoding="UTF-8"?>
<!DOCTYPE html PUBLIC "-//W3C//DTD XHTML 1.0 Transitional//EN"
    "http://www.w3.org/TR/xhtml1/DTD/xhtml1-transitional.dtd">
<html xmlns="http://www.w3.org/1999/xhtml" xml:lang="en" lang="en">
 <head>
  <title>
</title>
<meta http-equiv="Content-Type" content="text/html;charset=utf-8" />
  <meta name='ocr-system' content='tesseract 3.04.00' />
  <meta name='ocr-capabilities' content='ocr_page ocr_carea ocr_par ocr_line ocrx_word'/>
</head>
<body>
  <div class='ocr_page' id='page_1' title='image "./p1scriptaquaemanse03ciceuoft_0658.png"; bbox 0 0 1659 2552; ppageno 0'>
   <div class='ocr_carea' id='block_1_1' title="bbox 120 327 140 356">
    <p class='ocr_par' dir='ltr' id='par_1_1' title="bbox 120 327 140 356">
     <span class='ocr_line' id='line_1_1' title="bbox 120 327 140 356; textangle 90"><span class='ocrx_word' id='word_1_1' title='bbox 120 327 140 356; x_wconf 77' lang='lat'>10</span> 
     </span>
    </p>
   </div>
   <div class='ocr_carea' id='block_1_2' title="bbox 131 2267 144 2295">
    <p class='ocr_par' dir='ltr' id='par_1_2' title="bbox 131 2267 144 2295">
     <span class='ocr_line' id='line_1_2' title="bbox 131 2267 144 2295; baseline 0 0"><span class='ocrx_word' id='word_1_2' title='bbox 131 2267 144 2295; x_wconf 91' lang='lat'>1</span> 
     </span>
    </p>
   </div>
   <div class='ocr_carea' id='block_1_3' title="bbox 167 100 1011 141">
    <p class='ocr_par' dir='ltr' id='par_1_3' title="bbox 167 100 1011 141">
     <span class='ocr_line' id='line_1_3' title="bbox 167 100 1011 141; baseline -0.007 -2"><span class='ocrx_word' id='word_1_3' title='bbox 167 100 252 141; x_wconf 70' lang='lat'>530</span> <span class='ocrx_word' id='word_1_4' title='bbox 672 100 1011 135; x_wconf 75' lang='lat' dir='ltr'><strong>EPISTULARUM</strong></span> 
     </span>
    </p>
   </div>
   <div class='ocr_carea' id='block_1_4' title="bbox 165 194 1516 1959">
    <p class='ocr_par' dir='ltr' id='par_1_4' title="bbox 165 194 1515 1474">
     <span class='ocr_line' id='line_1_4' title="bbox 165 194 1509 251; baseline 0 -14"><span class='ocrx_word' id='word_1_5' title='bbox 165 194 279 237; x_wconf 78' lang='lat' dir='ltr'>Iovis</span> <span class='ocrx_word' id='word_1_6' title='bbox 318 196 573 251; x_wconf 86' lang='lat' dir='ltr'>orationem,</span> <span class='ocrx_word' id='word_1_7' title='bbox 615 210 720 250; x_wconf 86' lang='lat' dir='ltr'>quae</span> <span class='ocrx_word' id='word_1_8' title='bbox 759 198 822 236; x_wconf 90' lang='lat' dir='ltr'>est</span> <span class='ocrx_word' id='word_1_9' title='bbox 858 195 903 236; x_wconf 91' lang='lat' dir='ltr'>in</span> <span class='ocrx_word' id='word_1_10' title='bbox 935 198 1124 237; x_wconf 82' lang='lat' dir='ltr'>extremo</span> <span class='ocrx_word' id='word_1_11' title='bbox 1157 195 1231 236; x_wconf 92' lang='lat' dir='ltr'>illo</span> <span class='ocrx_word' id='word_1_12' title='bbox 1263 195 1392 250; x_wconf 87' lang='lat' dir='ltr'>libro,</span> <span class='ocrx_word' id='word_1_13' title='bbox 1430 209 1509 251; x_wconf 85' lang='lat' dir='ltr'>ego</span> 
     </span>
     <span class='ocr_line' id='line_1_5' title="bbox 167 254 1511 310; baseline 0 -15"><span class='ocrx_word' id='word_1_14' title='bbox 167 269 266 296; x_wconf 83' lang='lat' dir='ltr'>vero</span> <span class='ocrx_word' id='word_1_15' title='bbox 304 255 478 296; x_wconf 89' lang='lat' dir='ltr'>memini</span> <span class='ocrx_word' id='word_1_16' title='bbox 517 257 558 295; x_wconf 93' lang='lat' dir='ltr'>et</span> <span class='ocrx_word' id='word_1_17' title='bbox 597 255 669 295; x_wconf 88' lang='lat' dir='ltr'>illa</span> <span class='ocrx_word' id='word_1_18' title='bbox 707 255 849 295; x_wconf 87' lang='lat' dir='ltr'>omnia</span> <span class='ocrx_word' id='word_1_19' title='bbox 885 255 990 295; x_wconf 91' lang='lat' dir='ltr'>mihi</span> <span class='ocrx_word' id='word_1_20' title='bbox 1030 254 1165 310; x_wconf 85' lang='lat' dir='ltr'>magis</span> <span class='ocrx_word' id='word_1_21' title='bbox 1204 255 1351 309; x_wconf 79' lang='lat' dir='ltr'>scripsi</span> <span class='ocrx_word' id='word_1_22' title='bbox 1385 269 1511 309; x_wconf 85' lang='lat' dir='ltr'>quam</span> 
     </span>
     <span class='ocr_line' id='line_1_6' title="bbox 168 313 1511 368; baseline -0.001 -13"><span class='ocrx_word' id='word_1_23' title='bbox 168 314 328 355; x_wconf 88' lang='lat' dir='ltr'>ceteris.</span> <span class='ocrx_word' id='word_1_24' title='bbox 391 313 473 354; x_wconf 83' lang='lat' dir='ltr'>Sed</span> <span class='ocrx_word' id='word_1_25' title='bbox 510 316 651 354; x_wconf 86' lang='lat' dir='ltr'>tamen</span> <span class='ocrx_word' id='word_1_26' title='bbox 689 313 915 367; x_wconf 73' lang='lat' dir='ltr'>postridie,</span> <span class='ocrx_word' id='word_1_27' title='bbox 956 328 1082 368; x_wconf 89' lang='lat' dir='ltr'>quam</span> <span class='ocrx_word' id='word_1_28' title='bbox 1120 317 1166 354; x_wconf 90' lang='lat' dir='ltr'>tu</span> <span class='ocrx_word' id='word_1_29' title='bbox 1205 327 1247 354; x_wconf 91' lang='lat' dir='ltr'>es</span> <span class='ocrx_word' id='word_1_30' title='bbox 1284 314 1511 368; x_wconf 87' lang='lat' dir='ltr'>profectus,</span> 
     </span>
     <span class='ocr_line' id='line_1_7' title="bbox 167 372 1510 427; baseline 0 -14"><span class='ocrx_word' id='word_1_31' title='bbox 167 373 303 414; x_wconf 89' lang='lat' dir='ltr'>multa</span> <span class='ocrx_word' id='word_1_32' title='bbox 333 376 455 414; x_wconf 91' lang='lat' dir='ltr'>nocte</span> <span class='ocrx_word' id='word_1_33' title='bbox 486 387 580 413; x_wconf 91' lang='lat' dir='ltr'>cum</span> <span class='ocrx_word' id='word_1_34' title='bbox 608 372 800 413; x_wconf 88' lang='lat' dir='ltr'>Vibullio</span> <span class='ocrx_word' id='word_1_35' title='bbox 826 373 922 413; x_wconf 88' lang='lat' dir='ltr'>veni</span> <span class='ocrx_word' id='word_1_36' title='bbox 954 373 1006 413; x_wconf 90' lang='lat' dir='ltr'>ad</span> <span class='ocrx_word' id='word_1_37' title='bbox 1038 372 1300 427; x_wconf 88' lang='lat' dir='ltr'>Pompeium,</span> <span class='ocrx_word' id='word_1_38' title='bbox 1332 386 1510 427; x_wconf 90' lang='lat' dir='ltr'>cumque</span> 
     </span>
     <span class='ocr_line' id='line_1_8' title="bbox 169 431 1512 487; baseline -0.001 -14"><span class='ocrx_word' id='word_1_39' title='bbox 169 446 247 487; x_wconf 90' lang='lat' dir='ltr'>ego</span> <span class='ocrx_word' id='word_1_40' title='bbox 289 432 468 487; x_wconf 79' lang='lat' dir='ltr'>egissem</span> <span class='ocrx_word' id='word_1_41' title='bbox 510 431 558 472; x_wconf 90' lang='lat' dir='ltr'>de</span> <span class='ocrx_word' id='word_1_42' title='bbox 601 432 694 472; x_wconf 83' lang='lat' dir='ltr'>istis</span> <span class='ocrx_word' id='word_1_43' title='bbox 738 432 937 485; x_wconf 83' lang='lat' dir='ltr'>operibus</span> <span class='ocrx_word' id='word_1_44' title='bbox 981 434 1107 486; x_wconf 84' lang='lat' dir='ltr'>atque</span> <span class='ocrx_word' id='word_1_45' title='bbox 1151 431 1512 486; x_wconf 72' lang='lat' dir='ltr'>inscriptionibus,</span> 
     </span>
     <span class='ocr_line' id='line_1_9' title="bbox 168 489 1513 546; baseline -0.001 -14"><span class='ocrx_word' id='word_1_46' title='bbox 168 505 243 545; x_wconf 89' lang='lat' dir='ltr'>per</span> <span class='ocrx_word' id='word_1_47' title='bbox 282 491 388 531; x_wconf 90' lang='lat' dir='ltr'>mihi</span> <span class='ocrx_word' id='word_1_48' title='bbox 430 491 612 546; x_wconf 80' lang='lat' dir='ltr'>benigne</span> <span class='ocrx_word' id='word_1_49' title='bbox 654 491 882 544; x_wconf 87' lang='lat' dir='ltr'>respondit.</span> <span class='ocrx_word' id='word_1_50' title='bbox 952 489 1151 545; x_wconf 78' lang='lat' dir='ltr'>Magnam</span> <span class='ocrx_word' id='word_1_51' title='bbox 1193 505 1308 544; x_wconf 89' lang='lat' dir='ltr'>spem</span> <span class='ocrx_word' id='word_1_52' title='bbox 1350 490 1513 545; x_wconf 81' lang='lat' dir='ltr'>attulit3</span> 
     </span>
     <span class='ocr_line' id='line_1_10' title="bbox 169 549 1513 604; baseline 0 -14"><span class='ocrx_word' id='word_1_53' title='bbox 169 564 264 590; x_wconf 89' lang='lat' dir='ltr'>cum</span> <span class='ocrx_word' id='word_1_54' title='bbox 298 549 446 590; x_wconf 84' lang='lat' dir='ltr'>Crasso</span> <span class='ocrx_word' id='word_1_55' title='bbox 485 564 527 590; x_wconf 87' lang='lat' dir='ltr'>se</span> <span class='ocrx_word' id='word_1_56' title='bbox 561 549 668 590; x_wconf 78' lang='lat' dir='ltr'>dixit</span> <span class='ocrx_word' id='word_1_57' title='bbox 700 549 817 603; x_wconf 91' lang='lat' dir='ltr'>loqui</span> <span class='ocrx_word' id='word_1_58' title='bbox 851 549 957 590; x_wconf 76' lang='lat' dir='ltr'>velle</span> <span class='ocrx_word' id='word_1_59' title='bbox 989 550 1200 604; x_wconf 84' lang='lat' dir='ltr'>mihique,</span> <span class='ocrx_word' id='word_1_60' title='bbox 1232 551 1280 590; x_wconf 93' lang='lat' dir='ltr'>ut</span> <span class='ocrx_word' id='word_1_61' title='bbox 1312 549 1423 590; x_wconf 89' lang='lat' dir='ltr'>idem</span> <span class='ocrx_word' id='word_1_62' title='bbox 1455 549 1513 590; x_wconf 83' lang='lat' dir='ltr'>fa-</span> 
     </span>
     <span class='ocr_line' id='line_1_11' title="bbox 169 607 1513 662; baseline -0.001 -12"><span class='ocrx_word' id='word_1_63' title='bbox 169 623 325 662; x_wconf 87' lang='lat' dir='ltr'>cerem,</span> <span class='ocrx_word' id='word_1_64' title='bbox 367 608 508 649; x_wconf 85' lang='lat' dir='ltr'>suasit.</span> <span class='ocrx_word' id='word_1_65' title='bbox 573 607 769 649; x_wconf 81' lang='lat' dir='ltr'>Crassum</span> <span class='ocrx_word' id='word_1_66' title='bbox 811 608 1025 649; x_wconf 85' lang='lat' dir='ltr'>consulem</span> <span class='ocrx_word' id='word_1_67' title='bbox 1063 623 1113 649; x_wconf 78' lang='lat' dir='ltr'>ex</span> <span class='ocrx_word' id='word_1_68' title='bbox 1155 611 1302 649; x_wconf 85' lang='lat' dir='ltr'>senatu</span> <span class='ocrx_word' id='word_1_69' title='bbox 1340 607 1513 649; x_wconf 88' lang='lat' dir='ltr'>domum</span> 
     </span>
     <span class='ocr_line' id='line_1_12' title="bbox 169 666 1513 721; baseline -0.001 -13"><span class='ocrx_word' id='word_1_70' title='bbox 169 668 328 708; x_wconf 81' lang='lat' dir='ltr'>reduxi</span> <span class='ocrx_word' id='word_1_71' title='bbox 392 667 585 721; x_wconf 73' lang='lat' dir='ltr'>Suscepit</span> <span class='ocrx_word' id='word_1_72' title='bbox 618 682 705 708; x_wconf 89' lang='lat' dir='ltr'>rem</span> <span class='ocrx_word' id='word_1_73' title='bbox 734 667 925 721; x_wconf 76' lang='lat' dir='ltr'>dixitque</span> <span class='ocrx_word' id='word_1_74' title='bbox 958 682 1057 721; x_wconf 84' lang='lat' dir='ltr'>esse,</span> <span class='ocrx_word' id='word_1_75' title='bbox 1091 667 1204 721; x_wconf 86' lang='lat' dir='ltr'>quod</span> <span class='ocrx_word' id='word_1_76' title='bbox 1231 666 1404 707; x_wconf 87' lang='lat' dir='ltr'>Clodius</span> <span class='ocrx_word' id='word_1_77' title='bbox 1431 667 1513 708; x_wconf 89' lang='lat' dir='ltr'>hoc</span> 
     </span>
     <span class='ocr_line' id='line_1_13' title="bbox 169 725 1512 791; baseline -0.001 -24"><span class='ocrx_word' id='word_1_78' title='bbox 169 729 358 780; x_wconf 88' lang='lat' dir='ltr'>tempore</span> <span class='ocrx_word' id='word_1_79' title='bbox 401 729 572 791; x_wconf 38' lang='lat' dir='ltr'>cup-eret</span> <span class='ocrx_word' id='word_1_80' title='bbox 615 741 690 780; x_wconf 88' lang='lat' dir='ltr'>per</span> <span class='ocrx_word' id='word_1_81' title='bbox 730 740 772 767; x_wconf 91' lang='lat' dir='ltr'>se</span> <span class='ocrx_word' id='word_1_82' title='bbox 811 729 852 767; x_wconf 93' lang='lat' dir='ltr'>et</span> <span class='ocrx_word' id='word_1_83' title='bbox 893 741 968 780; x_wconf 89' lang='lat' dir='ltr'>per</span> <span class='ocrx_word' id='word_1_84' title='bbox 1004 726 1255 781; x_wconf 87' lang='lat' dir='ltr'>Pompeium</span> <span class='ocrx_word' id='word_1_85' title='bbox 1294 725 1512 780; x_wconf 88' lang='lat' dir='ltr'>consequi·</span> 
     </span>
     <span class='ocr_line' id='line_1_14' title="bbox 168 785 1514 841; baseline 0 -16"><span class='ocrx_word' id='word_1_86' title='bbox 168 789 317 851; x_wconf 84' lang='lat' dir='ltr'>putare</span> <span class='ocrx_word' id='word_1_87' title='bbox 356 800 415 839; x_wconf 83' lang='lat' dir='ltr'>se,</span> <span class='ocrx_word' id='word_1_88' title='bbox 454 785 488 825; x_wconf 91' lang='lat' dir='ltr'>si</span> <span class='ocrx_word' id='word_1_89' title='bbox 522 799 600 841; x_wconf 85' lang='lat' dir='ltr'>ego</span> <span class='ocrx_word' id='word_1_90' title='bbox 639 800 734 826; x_wconf 90' lang='lat' dir='ltr'>eum</span> <span class='ocrx_word' id='word_1_91' title='bbox 766 800 851 826; x_wconf 88' lang='lat' dir='ltr'>non</span> <span class='ocrx_word' id='word_1_92' title='bbox 884 785 1144 839; x_wconf 81' lang='lat' dir='ltr'>impediiem,</span> <span class='ocrx_word' id='word_1_93' title='bbox 1176 799 1298 839; x_wconf 90' lang='lat' dir='ltr'>posse</span> <span class='ocrx_word' id='word_1_94' title='bbox 1330 799 1397 825; x_wconf 92' lang='lat' dir='ltr'>me</span> <span class='ocrx_word' id='word_1_95' title='bbox 1429 785 1514 825; x_wconf 86' lang='lat' dir='ltr'>adi-</span> 
     </span>
     <span class='ocr_line' id='line_1_15' title="bbox 169 844 1515 910; baseline 0 -26"><span class='ocrx_word' id='word_1_96' title='bbox 169 845 273 898; x_wconf 80' lang='lat' dir='ltr'>pisci</span> <span class='ocrx_word' id='word_1_97' title='bbox 306 844 395 885; x_wconf 89' lang='lat' dir='ltr'>sine</span> <span class='ocrx_word' id='word_1_98' title='bbox 434 844 721 898; x_wconf 72' lang='lat' dir='ltr'>contentione</span> <span class='ocrx_word' id='word_1_99' title='bbox 761 844 874 910; x_wconf 81' lang='lat' dir='ltr'>quod</span> <span class='ocrx_word' id='word_1_100' title='bbox 905 844 1067 885; x_wconf 85' lang='lat' dir='ltr'>vellem.</span> <span class='ocrx_word' id='word_1_101' title='bbox 1130 844 1287 885; x_wconf 86' lang='lat' dir='ltr'>Totum</span> <span class='ocrx_word' id='word_1_102' title='bbox 1319 844 1356 885; x_wconf 91' lang='lat' dir='ltr'>ei</span> <span class='ocrx_word' id='word_1_103' title='bbox 1387 857 1515 899; x_wconf 91' lang='lat' dir='ltr'>nego-</span> 
     </span>
     <span class='ocr_line' id='line_1_16' title="bbox 170 879 1515 957; baseline 0 -14"><span class='ocrx_word' id='word_1_104' title='bbox 170 904 278 944; x_wconf 90' lang='lat' dir='ltr'>tium</span> <span class='ocrx_word' id='word_1_105' title='bbox 309 903 482 957; x_wconf 91' lang='lat' dir='ltr'>permisi</span> <span class='ocrx_word' id='word_1_106' title='bbox 514 918 664 957; x_wconf 89' lang='lat' dir='ltr'>meque</span> <span class='ocrx_word' id='word_1_107' title='bbox 696 879 740 944; x_wconf 73' lang='grc'>111</span> <span class='ocrx_word' id='word_1_108' title='bbox 767 904 856 943; x_wconf 93' lang='lat' dir='ltr'>eius</span> <span class='ocrx_word' id='word_1_109' title='bbox 887 906 1096 957; x_wconf 76' lang='lat' dir='ltr'>potestate</span> <span class='ocrx_word' id='word_1_110' title='bbox 1124 903 1210 943; x_wconf 83' lang='lat' dir='ltr'>dixi</span> <span class='ocrx_word' id='word_1_111' title='bbox 1238 903 1338 943; x_wconf 72' lang='lat' dir='ltr'>fore</span> <span class='ocrx_word' id='word_1_112' title='bbox 1382 900 1515 944; x_wconf 90' lang='lat' dir='ltr'>Inter-</span> 
     </span>
     <span class='ocr_line' id='line_1_17' title="bbox 170 961 1514 1015; baseline -0.001 -13"><span class='ocrx_word' id='word_1_113' title='bbox 170 963 251 1003; x_wconf 87' lang='lat' dir='ltr'>fuit</span> <span class='ocrx_word' id='word_1_114' title='bbox 282 962 382 1003; x_wconf 87' lang='lat' dir='ltr'>huic</span> <span class='ocrx_word' id='word_1_115' title='bbox 413 963 597 1003; x_wconf 87' lang='lat' dir='ltr'>sermoni</span> <span class='ocrx_word' id='word_1_116' title='bbox 623 962 667 1002; x_wconf 90' lang='lat' dir='ltr'>P.</span> <span class='ocrx_word' id='word_1_117' title='bbox 697 961 871 1003; x_wconf 82' lang='lat' dir='ltr'>Crassus</span> <span class='ocrx_word' id='word_1_118' title='bbox 897 962 1140 1003; x_wconf 80' lang='lat' dir='ltr'>adulescens</span> <span class='ocrx_word' id='word_1_119' title='bbox 1171 962 1318 1015; x_wconf 86' lang='lat' dir='ltr'>nostri,</span> <span class='ocrx_word' id='word_1_120' title='bbox 1350 964 1397 1001; x_wconf 88' lang='lat' dir='ltr'>ut</span> <span class='ocrx_word' id='word_1_121' title='bbox 1423 961 1514 1015; x_wconf 88' lang='lat' dir='ltr'>scis,</span> 
     </span>
     <span class='ocr_line' id='line_1_18' title="bbox 171 1019 1514 1076; baseline -0.001 -15"><span class='ocrx_word' id='word_1_122' title='bbox 171 1021 516 1062; x_wconf 85' lang='lat' dir='ltr'>studiosissimus.</span> <span class='ocrx_word' id='word_1_123' title='bbox 578 1020 691 1062; x_wconf 89' lang='lat' dir='ltr'>Illud</span> <span class='ocrx_word' id='word_1_124' title='bbox 727 1024 886 1076; x_wconf 87' lang='lat' dir='ltr'>autem,</span> <span class='ocrx_word' id='word_1_125' title='bbox 925 1021 1038 1076; x_wconf 89' lang='lat' dir='ltr'>quod</span> <span class='ocrx_word' id='word_1_126' title='bbox 1075 1021 1191 1076; x_wconf 88' lang='lat' dir='ltr'>cupit</span> <span class='ocrx_word' id='word_1_127' title='bbox 1224 1019 1412 1073; x_wconf 85' lang='lat' dir='ltr'>Clodius,</span> <span class='ocrx_word' id='word_1_128' title='bbox 1451 1022 1514 1061; x_wconf 90' lang='lat' dir='ltr'>est</span> 
     </span>
     <span class='ocr_line' id='line_1_19' title="bbox 170 1077 1514 1136; baseline 0 -16"><span class='ocrx_word' id='word_1_129' title='bbox 170 1080 328 1136; x_wconf 84' lang='lat' dir='ltr'>legatio</span> <span class='ocrx_word' id='word_1_130' title='bbox 367 1080 508 1134; x_wconf 87' lang='lat' dir='ltr'>aliqua</span> <span class='ocrx_word' id='word_1_131' title='bbox 546 1078 600 1136; x_wconf 82' lang='lat' dir='ltr'>(si</span> <span class='ocrx_word' id='word_1_132' title='bbox 639 1081 779 1121; x_wconf 88' lang='lat' dir='ltr'>minus</span> <span class='ocrx_word' id='word_1_133' title='bbox 816 1095 892 1135; x_wconf 90' lang='lat' dir='ltr'>per</span> <span class='ocrx_word' id='word_1_134' title='bbox 928 1083 1138 1135; x_wconf 89' lang='lat' dir='ltr'>senatum,</span> <span class='ocrx_word' id='word_1_135' title='bbox 1178 1094 1254 1134; x_wconf 84' lang='lat' dir='ltr'>per</span> <span class='ocrx_word' id='word_1_136' title='bbox 1290 1077 1514 1134; x_wconf 75' lang='lat' dir='ltr'>populum)</span> 
     </span>
     <span class='ocr_line' id='line_1_20' title="bbox 170 1139 1515 1195; baseline -0.001 -15"><span class='ocrx_word' id='word_1_137' title='bbox 170 1139 306 1180; x_wconf 82' lang='lat' dir='ltr'>libera</span> <span class='ocrx_word' id='word_1_138' title='bbox 343 1142 415 1180; x_wconf 82' lang='lat' dir='ltr'>aut</span> <span class='ocrx_word' id='word_1_139' title='bbox 447 1139 701 1193; x_wconf 82' lang='lat' dir='ltr'>Byzantium</span> <span class='ocrx_word' id='word_1_140' title='bbox 740 1142 813 1180; x_wconf 84' lang='lat' dir='ltr'>aut</span> <span class='ocrx_word' id='word_1_141' title='bbox 850 1140 907 1181; x_wconf 79' lang='lat' dir='ltr'>ad</span> <span class='ocrx_word' id='word_1_142' title='bbox 934 1139 1209 1195; x_wconf 82' lang='lat' dir='ltr'>Brogitarum</span> <span class='ocrx_word' id='word_1_143' title='bbox 1251 1141 1323 1179; x_wconf 83' lang='lat' dir='ltr'>aut</span> <span class='ocrx_word' id='word_1_144' title='bbox 1355 1141 1515 1178; x_wconf 89' lang='lat' dir='ltr'>utrum-</span> 
     </span>
     <span class='ocr_line' id='line_1_21' title="bbox 173 1197 1515 1253; baseline -0.001 -15"><span class='ocrx_word' id='word_1_145' title='bbox 173 1213 263 1252; x_wconf 90' lang='lat' dir='ltr'>que.</span> <span class='ocrx_word' id='word_1_146' title='bbox 325 1197 457 1239; x_wconf 85' lang='lat' dir='ltr'>Plena</span> <span class='ocrx_word' id='word_1_147' title='bbox 494 1213 559 1239; x_wconf 90' lang='lat' dir='ltr'>res</span> <span class='ocrx_word' id='word_1_148' title='bbox 595 1213 878 1239; x_wconf 88' lang='lat' dir='ltr'>nummorum.</span> <span class='ocrx_word' id='word_1_149' title='bbox 942 1197 1063 1247; x_wconf 87' lang='lat' dir='ltr'>Quod</span> <span class='ocrx_word' id='word_1_150' title='bbox 1101 1212 1180 1253; x_wconf 90' lang='lat' dir='ltr'>ego</span> <span class='ocrx_word' id='word_1_151' title='bbox 1217 1211 1302 1238; x_wconf 90' lang='lat' dir='ltr'>non</span> <span class='ocrx_word' id='word_1_152' title='bbox 1335 1197 1515 1237; x_wconf 89' lang='lat' dir='ltr'>nimium</span> 
     </span>
     <span class='ocr_line' id='line_1_22' title="bbox 171 1254 1515 1311; baseline -0.002 -13"><span class='ocrx_word' id='word_1_153' title='bbox 171 1257 332 1311; x_wconf 86' lang='lat' dir='ltr'>laboro,</span> <span class='ocrx_word' id='word_1_154' title='bbox 364 1257 529 1298; x_wconf 81' lang='lat' dir='ltr'>etiamsi</span> <span class='ocrx_word' id='word_1_155' title='bbox 561 1258 702 1298; x_wconf 87' lang='lat' dir='ltr'>minus</span> <span class='ocrx_word' id='word_1_156' title='bbox 727 1258 946 1311; x_wconf 83' lang='lat' dir='ltr'>adsequor,</span> <span class='ocrx_word' id='word_1_157' title='bbox 979 1257 1092 1311; x_wconf 92' lang='lat' dir='ltr'>quod</span> <span class='ocrx_word' id='word_1_158' title='bbox 1123 1257 1231 1297; x_wconf 87' lang='lat' dir='ltr'>volo.</span> <span class='ocrx_word' id='word_1_159' title='bbox 1287 1254 1515 1309; x_wconf 90' lang='lat' dir='ltr'>Pompeius</span> 
     </span>
     <span class='ocr_line' id='line_1_23' title="bbox 171 1314 1513 1369; baseline -0.001 -13"><span class='ocrx_word' id='word_1_160' title='bbox 171 1319 313 1357; x_wconf 88' lang='lat' dir='ltr'>tamen</span> <span class='ocrx_word' id='word_1_161' title='bbox 354 1331 449 1357; x_wconf 88' lang='lat' dir='ltr'>cum</span> <span class='ocrx_word' id='word_1_162' title='bbox 492 1315 641 1357; x_wconf 86' lang='lat' dir='ltr'>Crasso</span> <span class='ocrx_word' id='word_1_163' title='bbox 685 1316 851 1357; x_wconf 84' lang='lat' dir='ltr'>locutus</span> <span class='ocrx_word' id='word_1_164' title='bbox 896 1319 968 1356; x_wconf 89' lang='lat' dir='ltr'>est.</span> <span class='ocrx_word' id='word_1_165' title='bbox 1040 1315 1252 1356; x_wconf 88' lang='lat' dir='ltr'>Videntur</span> <span class='ocrx_word' id='word_1_166' title='bbox 1294 1314 1513 1369; x_wconf 88' lang='lat' dir='ltr'>negotium</span> 
     </span>
     <span class='ocr_line' id='line_1_24' title="bbox 172 1372 1515 1429; baseline -0.002 -14"><span class='ocrx_word' id='word_1_167' title='bbox 172 1375 413 1428; x_wconf 81' lang='lat' dir='ltr'>suscepisse.</span> <span class='ocrx_word' id='word_1_168' title='bbox 459 1373 503 1415; x_wconf 82' lang='lat' dir='ltr'>Si</span> <span class='ocrx_word' id='word_1_169' title='bbox 529 1375 765 1429; x_wconf 88' lang='lat' dir='ltr'>perficiunt,</span> <span class='ocrx_word' id='word_1_170' title='bbox 798 1375 974 1429; x_wconf 79' lang='lat' dir='ltr'>optime3</span> <span class='ocrx_word' id='word_1_171' title='bbox 1006 1375 1041 1414; x_wconf 87' lang='lat' dir='ltr'>si</span> <span class='ocrx_word' id='word_1_172' title='bbox 1067 1374 1218 1427; x_wconf 87' lang='lat' dir='ltr'>minus⁷</span> <span class='ocrx_word' id='word_1_173' title='bbox 1245 1372 1297 1413; x_wconf 81' lang='lat' dir='ltr'>ad</span> <span class='ocrx_word' id='word_1_174' title='bbox 1322 1375 1515 1413; x_wconf 88' lang='lat' dir='ltr'>nostrum</span> 
     </span>
     <span class='ocr_line' id='line_1_25' title="bbox 170 1432 620 1474; baseline -0.002 0"><span class='ocrx_word' id='word_1_175' title='bbox 170 1432 316 1474; x_wconf 79' lang='lat' dir='ltr'>Iovem</span> <span class='ocrx_word' id='word_1_176' title='bbox 348 1436 620 1474; x_wconf 82' lang='lat' dir='ltr'>revertamur.</span> 
     </span>
    </p>

    <p class='ocr_par' dir='ltr' id='par_1_5' title="bbox 172 1490 1516 1959">
     <span class='ocr_line' id='line_1_26' title="bbox 259 1490 1515 1533; baseline -0.002 -1"><span class='ocrx_word' id='word_1_177' title='bbox 259 1491 309 1533; x_wconf 88' lang='lat' dir='ltr'>A.</span> <span class='ocrx_word' id='word_1_178' title='bbox 344 1492 379 1532; x_wconf 90' lang='lat' dir='ltr'>d.</span> <span class='ocrx_word' id='word_1_179' title='bbox 412 1504 462 1532; x_wconf 86' lang='lat'>111</span> <span class='ocrx_word' id='word_1_180' title='bbox 493 1490 593 1532; x_wconf 85' lang='lat' dir='ltr'>Idus</span> <span class='ocrx_word' id='word_1_181' title='bbox 624 1491 745 1532; x_wconf 85' lang='lat' dir='ltr'>Febr.</span> <span class='ocrx_word' id='word_1_182' title='bbox 779 1494 948 1532; x_wconf 85' lang='lat' dir='ltr'>senatus</span> <span class='ocrx_word' id='word_1_183' title='bbox 981 1490 1220 1532; x_wconf 89' lang='lat' dir='ltr'>consultum</span> <span class='ocrx_word' id='word_1_184' title='bbox 1253 1493 1314 1531; x_wconf 89' lang='lat' dir='ltr'>est</span> <span class='ocrx_word' id='word_1_185' title='bbox 1356 1490 1515 1531; x_wconf 85' lang='lat' dir='ltr'>factum</span> 
     </span>
     <span class='ocr_line' id='line_1_27' title="bbox 173 1549 1515 1604; baseline -0.002 -12"><span class='ocrx_word' id='word_1_186' title='bbox 173 1551 223 1592; x_wconf 91' lang='lat' dir='ltr'>de</span> <span class='ocrx_word' id='word_1_187' title='bbox 255 1550 418 1592; x_wconf 85' lang='lat' dir='ltr'>ambitu</span> <span class='ocrx_word' id='word_1_188' title='bbox 450 1551 493 1590; x_wconf 92' lang='lat' dir='ltr'>in</span> <span class='ocrx_word' id='word_1_189' title='bbox 525 1550 675 1591; x_wconf 86' lang='lat' dir='ltr'>Afrani</span> <span class='ocrx_word' id='word_1_190' title='bbox 708 1551 977 1603; x_wconf 84' lang='lat' dir='ltr'>sententiam,</span> <span class='ocrx_word' id='word_1_191' title='bbox 1015 1554 1155 1591; x_wconf 72' lang='lat' dir='ltr'>contra</span> <span class='ocrx_word' id='word_1_192' title='bbox 1187 1564 1313 1603; x_wconf 90' lang='lat' dir='ltr'>quam</span> <span class='ocrx_word' id='word_1_193' title='bbox 1345 1563 1424 1604; x_wconf 85' lang='lat' dir='ltr'>ego</span> <span class='ocrx_word' id='word_1_194' title='bbox 1457 1549 1515 1589; x_wconf 92' lang='lat' dir='ltr'>di-</span> 
     </span>
     <span class='ocr_line' id='line_1_28' title="bbox 172 1609 1515 1665; baseline -0.001 -15"><span class='ocrx_word' id='word_1_195' title='bbox 172 1624 328 1664; x_wconf 81' lang='lat' dir='ltr'>xeram,</span> <span class='ocrx_word' id='word_1_196' title='bbox 355 1624 450 1650; x_wconf 90' lang='lat' dir='ltr'>cum</span> <span class='ocrx_word' id='word_1_197' title='bbox 476 1612 523 1650; x_wconf 90' lang='lat' dir='ltr'>tu</span> <span class='ocrx_word' id='word_1_198' title='bbox 549 1610 730 1663; x_wconf 80' lang='lat' dir='ltr'>adesses3</span> <span class='ocrx_word' id='word_1_199' title='bbox 758 1609 829 1650; x_wconf 92' lang='lat' dir='ltr'>sed</span> <span class='ocrx_word' id='word_1_200' title='bbox 853 1623 1009 1665; x_wconf 89' lang='lat' dir='ltr'>magno</span> <span class='ocrx_word' id='word_1_201' title='bbox 1037 1623 1131 1649; x_wconf 91' lang='lat' dir='ltr'>cum</span> <span class='ocrx_word' id='word_1_202' title='bbox 1157 1609 1320 1663; x_wconf 88' lang='lat' dir='ltr'>gemitu</span> <span class='ocrx_word' id='word_1_203' title='bbox 1346 1609 1515 1648; x_wconf 86' lang='lat' dir='ltr'>senatus</span> 
     </span>
     <span class='ocr_line' id='line_1_29' title="bbox 174 1667 1515 1722; baseline -0.002 -12"><span class='ocrx_word' id='word_1_204' title='bbox 174 1669 366 1710; x_wconf 90' lang='lat' dir='ltr'>consules</span> <span class='ocrx_word' id='word_1_205' title='bbox 415 1683 500 1709; x_wconf 89' lang='lat' dir='ltr'>non</span> <span class='ocrx_word' id='word_1_206' title='bbox 545 1671 641 1708; x_wconf 90' lang='lat' dir='ltr'>sunt</span> <span class='ocrx_word' id='word_1_207' title='bbox 691 1669 900 1722; x_wconf 81' lang='lat' dir='ltr'>persecuti</span> <span class='ocrx_word' id='word_1_208' title='bbox 946 1682 1091 1708; x_wconf 89' lang='lat' dir='ltr'>eorum</span> <span class='ocrx_word' id='word_1_209' title='bbox 1137 1667 1386 1721; x_wconf 85' lang='lat' dir='ltr'>sententias,</span> <span class='ocrx_word' id='word_1_210' title='bbox 1430 1667 1515 1721; x_wconf 92' lang='lat' dir='ltr'>qui,</span> 
     </span>
     <span class='ocr_line' id='line_1_30' title="bbox 172 1727 1515 1781; baseline -0.002 -13"><span class='ocrx_word' id='word_1_211' title='bbox 172 1727 351 1768; x_wconf 85' lang='lat' dir='ltr'>Afranio</span> <span class='ocrx_word' id='word_1_212' title='bbox 390 1742 484 1768; x_wconf 89' lang='lat' dir='ltr'>cum</span> <span class='ocrx_word' id='word_1_213' title='bbox 518 1730 655 1768; x_wconf 89' lang='lat' dir='ltr'>essent</span> <span class='ocrx_word' id='word_1_214' title='bbox 687 1727 869 1781; x_wconf 87' lang='lat' dir='ltr'>adsensi,</span> <span class='ocrx_word' id='word_1_215' title='bbox 911 1727 1180 1780; x_wconf 85' lang='lat' dir='ltr'>addiderunt,</span> <span class='ocrx_word' id='word_1_216' title='bbox 1217 1729 1264 1766; x_wconf 92' lang='lat' dir='ltr'>ut</span> <span class='ocrx_word' id='word_1_217' title='bbox 1300 1728 1515 1779; x_wconf 88' lang='lat' dir='ltr'>praetores</span> 
     </span>
     <span class='ocr_line' id='line_1_31' title="bbox 173 1783 1515 1841; baseline -0.002 -14"><span class='ocrx_word' id='word_1_218' title='bbox 173 1787 233 1827; x_wconf 87' lang='lat' dir='ltr'>ita</span> <span class='ocrx_word' id='word_1_219' title='bbox 258 1789 511 1840; x_wconf 82' lang='lat' dir='ltr'>crearentur,</span> <span class='ocrx_word' id='word_1_220' title='bbox 544 1789 591 1827; x_wconf 92' lang='lat' dir='ltr'>ut</span> <span class='ocrx_word' id='word_1_221' title='bbox 618 1787 706 1827; x_wconf 88' lang='lat' dir='ltr'>dies</span> <span class='ocrx_word' id='word_1_222' title='bbox 732 1786 951 1841; x_wconf 82' lang='lat' dir='ltr'>sexaginta</span> <span class='ocrx_word' id='word_1_223' title='bbox 983 1785 1137 1839; x_wconf 79' lang='lat' dir='ltr'>privati</span> <span class='ocrx_word' id='word_1_224' title='bbox 1165 1787 1312 1825; x_wconf 87' lang='lat' dir='ltr'>essent.</span> <span class='ocrx_word' id='word_1_225' title='bbox 1358 1783 1422 1825; x_wconf 88' lang='lat' dir='ltr'>Eo</span> <span class='ocrx_word' id='word_1_226' title='bbox 1449 1784 1515 1825; x_wconf 89' lang='lat' dir='ltr'>die</span> 
     </span>
     <span class='ocr_line' id='line_1_32' title="bbox 174 1843 1516 1899; baseline -0.002 -13"><span class='ocrx_word' id='word_1_227' title='bbox 174 1845 377 1886; x_wconf 87' lang='lat' dir='ltr'>Catonem</span> <span class='ocrx_word' id='word_1_228' title='bbox 408 1846 532 1899; x_wconf 89' lang='lat' dir='ltr'>plane</span> <span class='ocrx_word' id='word_1_229' title='bbox 565 1845 850 1899; x_wconf 82' lang='lat' dir='ltr'>repudiarunt.</span> <span class='ocrx_word' id='word_1_230' title='bbox 914 1843 1024 1893; x_wconf 84' lang='lat' dir='ltr'>Quid</span> <span class='ocrx_word' id='word_1_231' title='bbox 1055 1844 1221 1884; x_wconf 76' lang='lat' dir='ltr'>multa?</span> <span class='ocrx_word' id='word_1_232' title='bbox 1252 1846 1398 1884; x_wconf 87' lang='lat' dir='ltr'>tenent</span> <span class='ocrx_word' id='word_1_233' title='bbox 1430 1856 1516 1884; x_wconf 92' lang='lat' dir='ltr'>om-</span> 
     </span>
     <span class='ocr_line' id='line_1_33' title="bbox 172 1903 1138 1959; baseline -0.001 -15"><span class='ocrx_word' id='word_1_234' title='bbox 172 1905 242 1945; x_wconf 85' lang='lat' dir='ltr'>nia</span> <span class='ocrx_word' id='word_1_235' title='bbox 274 1905 400 1959; x_wconf 88' lang='lat' dir='ltr'>idque</span> <span class='ocrx_word' id='word_1_236' title='bbox 432 1904 491 1944; x_wconf 80' lang='lat' dir='ltr'>ita</span> <span class='ocrx_word' id='word_1_237' title='bbox 524 1918 668 1944; x_wconf 89' lang='lat' dir='ltr'>omnes</span> <span class='ocrx_word' id='word_1_238' title='bbox 700 1904 946 1959; x_wconf 87' lang='lat' dir='ltr'>intellegere</span> <span class='ocrx_word' id='word_1_239' title='bbox 979 1903 1138 1944; x_wconf 81' lang='lat' dir='ltr'>volunt.</span> 
     </span>
    </p>
   </div>
   <div class='ocr_carea' id='block_1_5' title="bbox 409 2019 1278 2211">
    <p class='ocr_par' dir='ltr' id='par_1_6' title="bbox 409 2019 1278 2211">
     <span class='ocr_line' id='line_1_34' title="bbox 726 2019 960 2074; baseline -0.004 -13"><span class='ocrx_word' id='word_1_240' title='bbox 726 2019 842 2061; x_wconf 81' lang='lat' dir='ltr'>vm.</span> <span class='ocrx_word' id='word_1_241' title='bbox 872 2019 960 2074; x_wconf 68' lang='lat' dir='ltr'>[X]</span> 
     </span>
     <span class='ocr_line' id='line_1_35' title="bbox 533 2100 1155 2143; baseline -0.003 -7"><span class='ocrx_word' id='word_1_242' title='bbox 533 2101 605 2136; x_wconf 81' lang='lat' dir='ltr'>Ser.</span> <span class='ocrx_word' id='word_1_243' title='bbox 633 2111 748 2135; x_wconf 67' lang='lat' dir='ltr'>mense</span> <span class='ocrx_word' id='word_1_244' title='bbox 773 2100 880 2135; x_wconf 77' lang='lat' dir='ltr'>Maio</span> <span class='ocrx_word' id='word_1_245' title='bbox 906 2112 938 2134; x_wconf 83' lang='grc'>(1.</span> <span class='ocrx_word' id='word_1_246' title='bbox 967 2102 1039 2134; x_wconf 88' lang='grc'>699</span> <span class='ocrx_word' id='word_1_247' title='bbox 1066 2103 1155 2143; x_wconf 85' lang='lat'><em>(55).</em></span> 
     </span>
     <span class='ocr_line' id='line_1_36' title="bbox 409 2169 1278 2211; baseline -0.001 -7"><span class='ocrx_word' id='word_1_248' title='bbox 409 2170 602 2205; x_wconf 70' lang='lat' dir='ltr'>MARCUS</span> <span class='ocrx_word' id='word_1_249' title='bbox 629 2169 809 2211; x_wconf 82' lang='lat' dir='ltr'><strong>QUINTO</strong></span> <span class='ocrx_word' id='word_1_250' title='bbox 836 2169 1013 2203; x_wconf 85' lang='lat' dir='ltr'><strong>FRATRI</strong></span> <span class='ocrx_word' id='word_1_251' title='bbox 1046 2169 1278 2203; x_wconf 82' lang='lat' dir='ltr'>SALUTEM.</span> 
     </span>
    </p>
   </div>
   <div class='ocr_carea' id='block_1_6' title="bbox 1533 737 1565 762">
    <p class='ocr_par' dir='ltr' id='par_1_7' title="bbox 1533 737 1565 762">
     <span class='ocr_line' id='line_1_37' title="bbox 1533 737 1565 762; baseline 0.031 -1"><span class='ocrx_word' id='word_1_252' title='bbox 1533 737 1565 762; x_wconf 89' lang='grc'>10</span> 
     </span>
    </p>
   </div>
   <div class='ocr_carea' id='block_1_7' title="bbox 1534 1029 1567 1054">
    <p class='ocr_par' dir='ltr' id='par_1_8' title="bbox 1534 1029 1567 1054">
     <span class='ocr_line' id='line_1_38' title="bbox 1534 1029 1567 1054; baseline 0 0"><span class='ocrx_word' id='word_1_253' title='bbox 1534 1029 1567 1054; x_wconf 88' lang='grc'>15</span> 
     </span>
    </p>
   </div>
   <div class='ocr_carea' id='block_1_8' title="bbox 1535 1324 1568 1348">
    <p class='ocr_par' dir='ltr' id='par_1_9' title="bbox 1535 1324 1568 1348">
     <span class='ocr_line' id='line_1_39' title="bbox 1535 1324 1568 1348; baseline 0 0"><span class='ocrx_word' id='word_1_254' title='bbox 1535 1324 1568 1348; x_wconf 81' lang='grc'>20</span> 
     </span>
    </p>
   </div>
   <div class='ocr_carea' id='block_1_9' title="bbox 1535 1606 1631 1642">
    <p class='ocr_par' dir='ltr' id='par_1_10' title="bbox 1535 1606 1631 1642">
     <span class='ocr_line' id='line_1_40' title="bbox 1535 1606 1631 1642; baseline 0 0"><span class='ocrx_word' id='word_1_255' title='bbox 1535 1606 1631 1642; x_wconf 77' lang='lat'>25&#39;</span> 
     </span>
    </p>
   </div>
   <div class='ocr_carea' id='block_1_10' title="bbox 1535 1910 1569 1935">
    <p class='ocr_par' dir='ltr' id='par_1_11' title="bbox 1535 1910 1569 1935">
     <span class='ocr_line' id='line_1_41' title="bbox 1535 1910 1569 1935; baseline 0 0"><span class='ocrx_word' id='word_1_256' title='bbox 1535 1910 1569 1935; x_wconf 79' lang='lat'>80</span> 
     </span>
    </p>
   </div>
   <div class='ocr_carea' id='block_1_11' title="bbox 176 2251 1566 2368">
    <p class='ocr_par' dir='ltr' id='par_1_12' title="bbox 176 2251 1566 2368">
     <span class='ocr_line' id='line_1_42' title="bbox 263 2251 1550 2308; baseline -0.005 -12"><span class='ocrx_word' id='word_1_257' title='bbox 263 2255 326 2296; x_wconf 88' lang='lat' dir='ltr'>Tu</span> <span class='ocrx_word' id='word_1_258' title='bbox 358 2255 524 2308; x_wconf 74' lang='lat' dir='ltr'>metuis,</span> <span class='ocrx_word' id='word_1_259' title='bbox 556 2269 607 2295; x_wconf 88' lang='lat' dir='ltr'>ne</span> <span class='ocrx_word' id='word_1_260' title='bbox 639 2269 705 2295; x_wconf 89' lang='lat' dir='ltr'>me</span> <span class='ocrx_word' id='word_1_261' title='bbox 738 2254 1009 2308; x_wconf 75' lang='lat' dir='ltr'>interpelles?</span> <span class='ocrx_word' id='word_1_262' title='bbox 1049 2252 1257 2306; x_wconf 84' lang='lat' dir='ltr'>Primum,</span> <span class='ocrx_word' id='word_1_263' title='bbox 1290 2251 1324 2292; x_wconf 90' lang='lat' dir='ltr'>si</span> <span class='ocrx_word' id='word_1_264' title='bbox 1356 2251 1400 2292; x_wconf 91' lang='lat' dir='ltr'>in</span> <span class='ocrx_word' id='word_1_265' title='bbox 1431 2252 1513 2293; x_wconf 91' lang='lat' dir='ltr'>isto</span> <span class='ocrx_word' id='word_1_266' title='bbox 1547 2288 1550 2290; x_wconf 86' lang='lat'>.</span> 
     </span>
     <span class='ocr_line' id='line_1_43' title="bbox 176 2310 1566 2368; baseline -0.002 -15"><span class='ocrx_word' id='word_1_267' title='bbox 176 2329 325 2368; x_wconf 80' lang='lat' dir='ltr'>essem,</span> <span class='ocrx_word' id='word_1_268' title='bbox 358 2317 404 2354; x_wconf 91' lang='lat' dir='ltr'>tu</span> <span class='ocrx_word' id='word_1_269' title='bbox 438 2315 535 2367; x_wconf 82' lang='lat' dir='ltr'>scis,</span> <span class='ocrx_word' id='word_1_270' title='bbox 568 2313 669 2367; x_wconf 88' lang='lat' dir='ltr'>quid</span> <span class='ocrx_word' id='word_1_271' title='bbox 701 2313 756 2353; x_wconf 86' lang='lat' dir='ltr'>sit</span> <span class='ocrx_word' id='word_1_272' title='bbox 788 2312 1066 2367; x_wconf 84' lang='lat' dir='ltr'>interpellare.</span> <span class='ocrx_word' id='word_1_273' title='bbox 1129 2311 1322 2352; x_wconf 85' lang='lat' dir='ltr'>Antiates</span> <span class='ocrx_word' id='word_1_274' title='bbox 1354 2310 1513 2351; x_wconf 89' lang='lat' dir='ltr'>meher-</span> <span class='ocrx_word' id='word_1_275' title='bbox 1532 2321 1566 2346; x_wconf 80' lang='lat'>85</span> 
     </span>
    </p>
   </div>
  </div>
 </body>
</html>
