1659 2552
128 1081 145 1110 1

626 618 768 653 LIBER
806 616 1052 652 SECUNDUS

305 703 394 745 AD
438 702 480 744 C.
524 691 889 745 CURIONEM
930 700 1012 742 ΕΤ
1055 698 1379 741 CETEROS.

823 817 855 861 I.

584 900 656 936 Ser.
684 900 821 935 Romae
846 911 879 934 a.
908 901 978 934 701
1006 901 1096 943 (53).

524 983 572 1018 M.
605 981 774 1017 CICERO
809 981 842 1017 S.
874 981 917 1016 D.
951 979 1156 1016 CURIONI.

263 1068 527 1123 Quamquam
552 1081 619 1107 me
645 1066 815 1107 nomine
841 1065 1134 1122 neglegentiae
1161 1066 1402 1118 suspectum
1427 1063 1508 1105 tibi

173 1143 261 1169 esse
295 1127 433 1182 doleo,
470 1129 613 1167 tamen
649 1140 735 1166 non
766 1128 854 1166 tam
885 1125 991 1165 mihi
1023 1123 1249 1165 molestum
1280 1122 1362 1164 fuit
1394 1136 1511 1164 accu-

173 1187 256 1228 sari
296 1187 371 1227 abs
411 1189 452 1227 te
494 1184 682 1226 officium
722 1198 863 1225 meum
905 1198 1031 1238 quam
1072 1181 1301 1223 iucundum
1341 1181 1511 1236 requiri,

172 1245 421 1301 praesertim
453 1258 593 1299 quom,
625 1243 669 1283 in
702 1257 785 1297 quo
811 1242 1047 1296 accusabar,
1080 1241 1202 1295 culpa
1226 1254 1434 1294 vacarem,
1466 1240 1510 1281 in

174 1319 258 1359 quo
284 1306 424 1345 autem
451 1302 684 1344 desiderare
709 1305 751 1342 te
777 1301 1045 1358 significabas
1070 1314 1183 1340 meas
1207 1299 1383 1353 litteras,
1410 1313 1510 1353 prae
1531 1312 1564 1336 10

173 1366 215 1404 te
246 1363 376 1404 ferres
406 1363 673 1416 perspectum
704 1360 810 1401 mihi
843 1359 1030 1414 quidem,
1071 1358 1143 1399 sed
1173 1360 1315 1398 tamen
1346 1357 1509 1398 dulcem

174 1424 216 1463 et
247 1423 439 1476 optatum
477 1433 662 1460 amorem
700 1422 831 1459 tuum.
893 1417 1103 1472 Equidem
1142 1416 1354 1457 neminem
1393 1430 1511 1470 prae-

173 1480 348 1534 termisi,
380 1493 504 1533 quem
537 1478 706 1532 quidem
738 1477 790 1518 ad
815 1480 856 1517 te
880 1479 1181 1531 perventurum
1207 1478 1411 1529 putarem,
1443 1474 1510 1515 cui

173 1539 337 1580 litteras
368 1552 454 1579 non
481 1537 684 1591 dederim3
716 1536 871 1577 etenim
898 1535 992 1589 quis
1018 1537 1080 1575 est
1106 1536 1192 1574 tam
1219 1534 1262 1574 in
1288 1532 1510 1574 scribendo

175 1597 356 1653 impiger
388 1611 514 1651 quam
552 1595 660 1651 ego‘?
698 1609 722 1635 a
759 1597 799 1635 te
831 1608 930 1635 vero
968 1593 1187 1634 bis'terve
1225 1607 1437 1633 summum
1469 1594 1511 1633 et
1531 1605 1563 1629 1⁵

175 1671 243 1698 eas
274 1655 491 1711 perbrevis
528 1654 678 1708 accepi.
741 1652 895 1707 Quare,
933 1652 968 1693 si
1000 1651 1170 1705 iniquus
1203 1665 1245 1692 es
1277 1651 1320 1691 in
1351 1665 1419 1692 me
1450 1650 1511 1692 iu-

176 1716 271 1769 dex,
313 1713 601 1755 condemnabo
642 1712 788 1753 eodem
829 1726 907 1767 ego
947 1714 989 1752 te
1029 1710 1221 1763 crimine,
1262 1710 1327 1750 sin
1363 1723 1430 1750 me
1468 1709 1512 1750 id

174 1774 310 1815 facere
341 1773 470 1825 noles,
500 1775 542 1822 te
573 1771 679 1812 mihi
711 1785 891 1824 aequum
922 1769 1121 1824 praebere
1152 1768 1334 1810 debebis.

264 1831 347 1873 Sed
379 1832 427 1872 de
459 1830 613 1871 litteris
643 1830 862 1884 hactenus3
894 1843 979 1869 non
1010 1828 1122 1869 enim
1153 1841 1312 1882 vereor,
1342 1841 1394 1867 ne
1425 1840 1511 1866 non

175 1890 396 1932 scribendo
427 1893 470 1931 te
501 1889 712 1944 expleam,
743 1888 990 1943 praesertim
1022 1887 1057 1927 si
1089 1886 1132 1927 in
1164 1900 1212 1927 eo
1244 1899 1396 1942 genere
1427 1887 1511 1924 stu-
1531 1897 1564 1921 20

177 1950 293 1991 dium
323 1964 465 1990 meum
495 1962 581 1989 non
613 1947 898 2002 aspernabere.
961 1945 1055 2001 Ego
1081 1948 1122 1986 te
1148 1944 1301 1985 afuisse
1326 1946 1413 1984 tam
1439 1942 1511 1983 diu

176 2025 199 2049 a
230 2008 354 2049 nobis
385 2011 426 2049 et
459 2007 586 2061 dolui,
618 2006 732 2061 quod
763 2006 876 2046 carui
902 2005 1042 2046 fructu
1068 2002 1390 2044 iucundissimae
1416 2015 1512 2042 con-

177 2067 422 2122 suetudinis,
455 2069 496 2107 et
526 2066 672 2120 laetor,
705 2064 817 2119 quod
849 2064 998 2105 absens
1031 2062 1172 2104 omnia
1203 2075 1297 2102 cum
1327 2059 1512 2101 maxima

178 2126 383 2181 dignitate
409 2140 452 2166 es
478 2127 737 2178 consecutus,
765 2123 960 2178 quodque
986 2122 1029 2163 in
1056 2120 1251 2162 omnibus
1276 2118 1360 2159 tuis
1386 2118 1512 2159 rebus

176 2185 280 2224 meis
319 2184 474 2238 optatis
511 2184 682 2224 fortuna
719 2182 946 2236 respondit.
1007 2179 1141 2220 Breve
1178 2181 1256 2232 est,
1295 2177 1408 2231 quod
1445 2191 1512 2218 me
1532 2188 1566 2213 25

177 2242 257 2283 tibi
300 2242 539 2296 praecipere
582 2256 700 2282 meus
744 2239 1003 2281 incredibilis
1047 2238 1090 2278 in
1133 2239 1174 2277 te
1221 2250 1339 2277 amor
1386 2235 1511 2291 cogit.

178 2300 313 2341 Tanta
344 2303 406 2341 est
438 2300 673 2355 expectatio
705 2299 771 2341 vel
803 2297 931 2340 animi
964 2296 1029 2338 vel
1062 2294 1221 2351 ingenii
1253 2294 1327 2349 tui,
1359 2297 1406 2334 ut
1433 2308 1511 2350 ego
