1659 2552
101 623 153 663 12

98 683 141 714 46

99 1424 141 1455 47

97 2070 140 2100 48

166 81 252 121 574
727 80 960 115 EPISTULA

167 190 293 230 quam
331 176 383 216 ad
419 178 614 217 naturam
653 176 1016 218 accommodatum
1054 179 1188 231 tuam,
1227 176 1340 231 quod
1370 177 1506 218 facere

166 249 250 276 non
294 235 447 289 possis,
492 238 538 276 ut
575 235 618 275 id
662 235 841 276 iucunde
878 250 1006 291 neges
1037 236 1066 288 †
1104 250 1285 289 quorum
1326 235 1506 277 alterum

167 297 229 335 est
255 297 396 335 tamen
422 294 523 335 boni
543 294 636 348 viri,
663 295 842 335 alterum
868 294 970 335 boni
1000 294 1207 359 petitoris.
1256 293 1379 349 Nam,
1412 309 1506 336 cum

167 353 210 393 id
235 353 405 407 petitur,
431 353 545 407 quod
569 353 744 393 honeste
765 355 837 393 aut
865 352 987 407 [non]
1014 353 1103 394 sine
1124 353 1377 394 detrimento
1404 352 1504 408 [est]

166 414 313 453 nostro
344 412 594 466 promittere
625 426 711 453 non
741 426 976 466 possumus,
1009 426 1091 466 quo
1123 412 1249 453 modo
1276 412 1311 452 si
1337 412 1411 466 qui
1441 426 1506 453 ro-
1542 424 1560 450 5

167 473 259 526 get,
302 473 350 511 ut
391 473 537 511 contra
579 471 761 511 amicum
805 470 989 525 aliquem
1033 485 1199 511 causam
1244 470 1506 526 recipiamus,

168 529 277 570 belle
320 529 560 585 negandum
603 532 685 583 est,
729 532 776 570 ut
817 529 1012 570 ostendas
1043 529 1407 584 necessitudinem,
1440 529 1507 571 de—

167 591 394 642 monstres,
433 603 558 642 quam
596 588 772 629 moleste
809 589 934 643 feras,
976 588 1069 629 aliis
1106 591 1148 629 te
1185 588 1310 630 rebus
1342 591 1506 629 exartu-

168 661 263 688 rum
295 662 383 688 esse
414 647 675 701 persuadeas
736 647 895 688 Audivi
934 647 1016 688 hoc
1048 647 1183 688 dicere
1216 647 1425 701 quendam
1457 647 1506 688 de

169 706 421 761 quibusdam
449 706 699 760 oratoribus,
731 706 784 746 ad
809 720 914 760 quos
941 720 1106 747 causam
1133 720 1250 747 suam
1277 706 1506 760 detulisset,
1526 719 1560 744 10

168 765 399 820 gratiorem
419 765 501 805 sibi
522 765 756 806 orationem
775 766 861 806 eius
886 765 1026 819 fuisse,
1059 765 1131 819 qui
1150 767 1355 820 negasset,
1381 779 1507 819 quam

169 824 300 877 illius,
341 823 414 878 qui
445 824 680 878 recepisset.
743 822 813 864 Sic
848 824 1041 865 homines
1072 826 1211 865 fronte
1244 826 1286 865 et
1317 824 1507 865 oratione

168 883 304 938 magis
343 897 468 937 quam
509 883 601 937 ipso
644 882 848 923 beneficio
887 897 1014 937 reque
1053 883 1285 937 capiuntur.
1346 882 1507 924 Verum

168 942 250 982 hoc
289 941 509 996 probabile
552 944 633 996 est,
671 941 778 982 illud
808 942 988 983 alterum
1025 942 1259 982 subdurum
1295 941 1394 997 tibi,
1433 941 1507 982 ho-

170 1001 275 1041 mini
306 1000 538 1055 Platonico,
569 1000 759 1055 suadere,
791 1000 864 1041 sed
894 1003 1035 1041 tamen
1065 1001 1248 1055 tempori
1279 1000 1504 1041 consulam.
1525 1013 1559 1039 15

170 1059 333 1108 Quibus
359 1059 471 1100 enim
502 1062 544 1100 te
574 1062 749 1114 propter
774 1059 947 1113 aliquod
972 1059 1160 1100 officium
1185 1059 1506 1100 necessitudinis

169 1119 400 1159 affuturum
431 1118 611 1173 negaris,
642 1121 783 1159 tamen
816 1118 845 1158 ii
876 1121 1053 1173 possunt
1085 1118 1158 1159 abs
1190 1122 1231 1159 te
1262 1118 1417 1172 placati
1443 1132 1507 1159 ae-

170 1177 327 1232 quique
359 1177 586 1232 discedere,
625 1177 778 1231 quibus
810 1180 950 1218 autem
982 1177 1138 1218 idcirco
1170 1177 1355 1232 negaris,
1393 1176 1507 1231 quod

169 1239 210 1276 te
243 1236 494 1290 impeditum
519 1250 607 1277 esse
634 1236 789 1276 dixeris
821 1239 893 1277 aut
924 1236 1156 1277 amicorum
1187 1236 1408 1277 hominum
1438 1250 1507 1276 ne-

169 1295 299 1350 gotiis
337 1298 409 1335 aut
448 1295 717 1350 gravioribus
755 1295 890 1335 causis
928 1297 1000 1335 aut
1038 1298 1134 1336 ante
1171 1295 1392 1348 susceptis,
1430 1294 1506 1334 ini-
1525 1307 1558 1332 20

169 1354 269 1394 mici
302 1353 537 1407 discedunt,
577 1367 804 1407 omnesque
834 1353 915 1394 hoc
946 1353 1087 1394 animo
1119 1356 1234 1407 sunt,
1274 1356 1321 1394 ut
1352 1352 1434 1393 sibi
1465 1355 1506 1393 te

169 1412 341 1453 mentiri
378 1412 529 1452 malint
562 1427 687 1466 quam
718 1426 881 1467 negare.
946 1410 989 1452 C.
1023 1410 1166 1465 Cotta,
1198 1411 1242 1452 in
1274 1411 1506 1452 ambitione

169 1471 340 1525 artifex,
386 1471 522 1511 dicere
566 1470 729 1511 solebat
766 1484 809 1511 se
850 1484 1020 1524 operam
1060 1484 1196 1523 suam,
1241 1469 1379 1524 quoad
1421 1484 1507 1511 non

169 1532 315 1570 contra
359 1529 546 1570 officium
591 1531 831 1584 rogaretur,
880 1529 1071 1582 polliceri
1121 1528 1255 1569 solere
1299 1527 1507 1583 omnibus,

168 1588 399 1653 impertire
411 1588 475 1641 iis,
507 1588 619 1642 apud
644 1602 750 1641 quos
775 1588 934 1641 optime
959 1587 1059 1641 poni
1086 1587 1381 1642 arbitraretur3
1411 1587 1506 1628 ideo
1527 1599 1559 1625 25

168 1661 211 1688 se
242 1647 402 1688 nemini
433 1661 605 1701 negare,
643 1646 756 1700 quod
793 1660 914 1701 saepe
947 1646 1151 1687 accideret
1184 1660 1323 1701 causa,
1356 1660 1430 1687 cur
1459 1646 1507 1700 is,

169 1706 236 1746 cui
266 1705 483 1760 pollicitus
509 1708 633 1759 esset,
664 1719 750 1746 non
776 1707 976 1759 uteretur,
1009 1719 1142 1759 saepe,
1173 1708 1220 1746 ut
1252 1705 1340 1759 ipse
1371 1704 1507 1760 magis

169 1767 277 1805 esset
308 1779 474 1819 vacuus,
507 1779 632 1818 quam
663 1767 869 1819 putasset3
900 1778 1035 1818 neque
1066 1778 1188 1818 posse
1215 1763 1303 1804 eius
1335 1763 1506 1805 domum

168 1823 382 1877 compleri,
415 1823 487 1877 qui
518 1826 685 1864 tantum
716 1823 842 1864 modo
870 1823 1084 1877 reciperet,
1117 1825 1322 1877 quantum
1347 1821 1507 1863 videret

168 1897 211 1923 se
251 1882 368 1923 obire
405 1896 546 1936 posse3
588 1896 684 1923 casu
721 1882 831 1935 fieri,
873 1884 920 1922 ut
957 1884 1137 1937 agantur
1174 1896 1238 1936 ea,
1280 1895 1386 1935 quae
1422 1893 1559 1921 1101130

166 1941 347 1995 putaris,
385 1941 474 1994 illa,
513 1955 619 1995 quae
652 1940 878 1981 credideris
910 1940 954 1980 in
985 1940 1181 1981 manibus
1212 1954 1319 1994 esse,
1357 1941 1404 1980 ut
1435 1939 1507 1980 ali-

168 2014 251 2054 qua
283 2000 332 2040 de
365 2013 487 2040 causa
518 2014 604 2040 non
636 2001 832 2055 agantur3
875 1998 1023 2040 deinde
1055 2013 1143 2040 esse
1175 2001 1429 2052 extremum,
1461 2000 1507 2038 ut

169 2059 373 2099 irascatur
404 2058 451 2111 is,
484 2058 551 2098 cui
583 2057 848 2099 mendacium
881 2057 1047 2098 dixeris.
1108 2056 1174 2111 Id,
1206 2057 1241 2097 si
1271 2056 1507 2112 promittas,

169 2120 210 2157 et
242 2118 450 2157 incertum
482 2119 545 2157 est
577 2119 618 2157 et
650 2117 694 2156 in
727 2116 836 2156 diem
869 2118 910 2156 et
942 2116 985 2156 in
1016 2115 1305 2170 paucioribus,
1343 2115 1407 2155 sin
1440 2129 1509 2155 au-

168 2179 254 2216 tem
288 2175 368 2230 [id]
401 2190 546 2231 neges,
585 2178 626 2216 et
658 2177 769 2215 certe
800 2174 1011 2215 abalienes
1044 2177 1085 2215 et
1116 2174 1260 2215 statim
1292 2176 1333 2214 et
1362 2173 1507 2227 pluris.
1528 2185 1562 2211 35

167 2234 316 2275 Plures
343 2234 455 2275 enim
481 2233 616 2274 multo
644 2236 752 2286 sunt,
780 2233 851 2287 qui
879 2236 1041 2289 rogant,
1075 2236 1120 2273 ut
1146 2233 1208 2273 uti
1233 2233 1357 2273 liceat
1383 2246 1518 2286 opera

169 2293 356 2347 alterius,
385 2307 510 2347 quam
532 2293 602 2347 qui
630 2295 819 2333 utuntur.
864 2290 1000 2340 Quare
1021 2292 1151 2332 satius
1173 2294 1233 2332 est
1261 2290 1344 2345 [ut]
1367 2305 1415 2331 ex
1442 2290 1508 2331 his
1552 2287 1556 2289 “
