1659 2552
163 91 245 133 170
666 87 1006 124 EPISTULARUM

160 187 282 228 liciae
314 200 413 227 vero
446 188 554 239 tuae,
586 188 730 226 noster
761 183 966 237 Aesopus,
999 182 1088 223 eius
1119 181 1235 222 modi
1266 182 1359 236 fuit,
1390 184 1438 222 ut
1470 181 1507 222 ei

161 246 350 286 desinere
392 259 467 299 per
508 245 645 285 omnis
689 243 883 283 homines
926 242 1082 282 liceret.
1143 239 1186 281 Is
1229 240 1368 281 iurare
1412 254 1507 281 cum

161 304 384 358 coepisset,
429 318 511 344 vox
552 318 647 343 eum
687 302 838 342 defecit
876 300 920 341 in
960 300 1035 340 illo
1072 299 1183 340 loco:
1228 297 1300 339 ‘Si
1345 299 1507 340 sciens

161 363 319 404 f'allo.
382 362 493 411 Quid
530 362 609 402 tibi
649 376 727 415 ewo
766 360 847 400 alia
884 358 1081 399 nariem‘?
1125 358 1238 398 nosti
1271 357 1383 398 enim
1414 357 1508 398 reli-

163 436 270 476 quos
302 421 441 474 ludos·
474 420 545 474 qui
578 429 629 460 ne
663 397 705 459 1³31
732 418 902 472 quidem
928 417 1085 483 leporis
1109 416 1363 471 habuer,unt
1395 416 1509 470 quod
1545 426 1562 452 5

162 480 300 522 solent
331 455 563 520 mediocres
588 478 688 519 ludi
745 478 988 531 Apparatus
1014 476 1127 517 enim
1153 475 1357 529 spectatio
1389 475 1509 516 tolle-

163 540 235 580 bat
269 553 436 579 omnem
467 538 738 589 hilaritatem,
771 550 854 589 quo
882 535 1052 589 quidem
1084 537 1290 589 apparatu
1320 548 1406 574 non
1438 534 1510 574 du-

164 599 255 639 bito
295 598 397 651 quin
429 597 570 637 animo
612 595 866 649 aequissimo
900 594 1093 634 carueris.
1156 592 1268 642 Quid
1299 593 1411 634 enim
1444 592 1510 633 de-

164 656 405 698 lectationis
436 656 595 695 habent
633 654 810 695 sescenti
842 652 947 694 muli
979 653 1024 693 in
1057 651 1405 706 ‘Clytaemestra’
1437 653 1510 692 aut

165 716 210 756 in
249 715 394 768 <Equo
426 713 632 754 Troiano’
671 716 950 753 creterrarum
987 711 1069 752 tria
1109 711 1229 751 milia
1269 713 1341 751 aut
1378 724 1510 751 arma-
1531 721 1563 746 1⁰

165 778 261 815 tura
304 774 420 814 varia
462 773 676 826 peditatus
720 774 761 812 et
805 771 1018 825 equitatus
1062 770 1107 810 in
1150 769 1292 824 aliqua
1334 769 1510 825 pugna?

167 847 272 887 quae
298 832 545 886 popularem
565 830 889 871 admirationem
909 829 1162 883 habuerunt,
1189 828 1511 869 delectationem

167 892 246 933 tibi
285 891 445 931 nullam
483 890 735 931 attulissent.
798 887 958 938 Quodsi
996 891 1043 928 tu
1080 902 1156 942 per
1192 901 1264 928 eos
1296 887 1383 928 dies
1415 900 1511 941 ope-

167 966 256 991 ram
289 950 440 991 dedisti
471 948 703 1004 Protogeni
735 950 828 1002 tuo,
867 947 967 988 dum
1004 946 1131 987 modo
1163 945 1199 987 is
1230 945 1311 986 tibi
1343 945 1511 1000 quidvis

166 1010 308 1063 potius
341 1023 466 1062 quam
499 1008 712 1049 orationes
742 1021 856 1048 meas
888 1006 1052 1062 legerit,
1083 1019 1135 1046 ne
1159 1007 1207 1045 tu
1238 1004 1352 1045 haud
1383 1004 1510 1059 paulo
1530 1014 1563 1040 15

166 1068 261 1121 plus
303 1082 429 1132 quam
471 1067 695 1121 quisquam
738 1069 932 1106 nostrum
978 1063 1268 1105 delectationis
1310 1063 1510 1104 habuisti.

166 1126 265 1168 Non
291 1126 403 1167 enim
428 1129 469 1167 te
495 1129 600 1179 puto
629 1124 810 1166 Graecos
835 1127 909 1165 aut
934 1122 1064 1164 Oscos
1088 1123 1212 1164 ludos
1244 1122 1511 1176 desiderasse,

166 1185 415 1240 p1··aese1tim
457 1199 551 1225 cum
590 1183 720 1224 Oscos
760 1183 827 1224 vel
867 1183 911 1223 in
952 1185 1100 1223 senatu
1140 1184 1281 1222 vestro
1323 1183 1511 1235 spectare

166 1244 314 1298 possis,
348 1243 529 1284 Graecos
559 1243 620 1283 ita
651 1257 736 1283 non
768 1256 892 1296 ames,
924 1244 971 1281 ut
1002 1255 1054 1282 ne
1086 1240 1139 1281 ad
1163 1240 1309 1281 villam
1340 1239 1512 1294 quidem

166 1306 284 1343 tuam
316 1302 383 1343 via
418 1301 576 1343 Graeca
612 1301 673 1342 ire
711 1301 856 1341 soleas.
917 1299 1029 1341 Nam
1062 1299 1165 1353 quid
1196 1313 1275 1354 ego
1306 1301 1348 1339 te
1380 1298 1512 1339 athle
1531 1309 1564 1334 ‘20

166 1365 231 1402 tas
262 1364 408 1415 putem
441 1360 688 1413 desiderare,
719 1359 790 1413 qui
823 1359 1079 1414 gladiatores
1105 1357 1435 1411 contempseris?
1467 1356 1511 1397 in

168 1420 323 1474 quibus
354 1420 444 1473 ipse
468 1418 696 1472 Pompeius
721 1418 947 1458 confitetur
972 1431 1014 1458 se
1041 1420 1082 1457 et
1107 1430 1279 1470 opeiam
1304 1418 1345 1456 et
1372 1415 1511 1456 oleum

168 1478 410 1533 perdidisse.
478 1477 682 1531 Reliquae
724 1479 822 1517 sunt
858 1476 1104 1516 venationes
1144 1475 1268 1515 binae
1308 1488 1384 1528 per
1424 1473 1512 1515 dies

169 1537 367 1591 quinque,
398 1536 659 1590 magnificae,
691 1550 815 1576 nemo
846 1538 994 1590 negat,
1026 1534 1099 1574 sed
1130 1548 1236 1587 quae
1266 1535 1409 1587 potest
1438 1532 1512 1574 ho-

168 1596 274 1637 mini
313 1609 400 1635 esse
437 1595 572 1648 polito
611 1594 851 1647 delectatio,
889 1607 984 1634 cum
1022 1595 1094 1634 aut
1125 1592 1254 1633 homo
1288 1591 1511 1632 inbecillus
1531 1602 1564 1627 25

169 1669 193 1695 a
224 1653 512 1695 valentissima
544 1653 679 1693 bestia
710 1653 906 1706 laniatur,
937 1655 1009 1692 aut
1034 1651 1249 1716 praeclara
1280 1651 1416 1691 bestia
1445 1664 1513 1691 ve-

169 1712 326 1753 nabulo
358 1712 752 1753 t1·ansve1··be1atu1?
793 1711 908 1760 Quae
939 1714 1092 1764 tamen,
1125 1710 1160 1751 si
1191 1709 1372 1751 videnda
1403 1711 1514 1763 sunt,

170 1786 292 1825 saepe
317 1771 479 1826 vidisti3
510 1785 645 1824 neque
670 1785 760 1824 nos,
791 1770 864 1824 qui
889 1770 992 1810 haec
1012 1772 1262 1824 spectamus,
1287 1768 1514 1823 quicquam

169 1831 269 1871 novi
307 1830 500 1870 vidimus.
563 1829 792 1870 Extremus
829 1829 1152 1883 elephantoium
1185 1827 1272 1868 dies
1309 1827 1401 1868 fuit.
1462 1824 1513 1866 In

170 1903 254 1943 quo
295 1888 519 1929 admiiatio
559 1903 713 1944 magna
753 1888 872 1943 vulgi
913 1891 1038 1941 atque
1078 1886 1249 1940 turbae,
1290 1884 1512 1926 delectatio
1532 1895 1566 1920 30

170 1948 287 1989 nulla
318 1948 501 2001 exstitit3
534 1947 636 2012 unin
669 1947 797 1988 etiam
828 1945 1117 1987 misericordia
1142 1944 1347 1999 quaedam
1372 1957 1513 1984 conse-

170 2009 306 2048 cutast
338 2009 463 2060 atque
496 2006 640 2060 opinio
673 2006 762 2046 eius
798 2005 932 2058 modi,
970 2019 1057 2046 esse
1095 2003 1306 2058 quandam
1343 2002 1407 2043 illi
1443 2002 1513 2042 be-

170 2066 263 2106 luae
296 2080 391 2106 cum
423 2080 576 2120 genere
607 2065 793 2105 humano
827 2064 1081 2105 societatem.

259 2123 338 2164 His
371 2138 449 2178 ego
482 2127 624 2164 tamen
658 2123 806 2164 diebus
836 2123 948 2163 ludis
978 2121 1199 2175 scaenicis,
1229 2134 1282 2161 ne
1313 2119 1423 2160 forte
1454 2118 1514 2159 vi-

171 2182 269 2223 dear
300 2182 378 2223 tibi
418 2197 503 2223 non
540 2182 666 2223 modo
700 2182 865 2235 beatus,
904 2180 976 2222 sed
1012 2181 1143 2221 liber·
1160 2155 1332 2220 oinnino
1373 2177 1514 2230 fuisse,
1534 2187 1567 2213 35

173 2241 310 2293 dirupi
344 2255 410 2281 1116
442 2255 573 2295 paene
606 2241 650 2281 in
675 2240 832 2281 iudicio
861 2238 971 2281 Galli
999 2238 1160 2292 Canini,
1191 2236 1413 2278 familiaris
1438 2235 1514 2276 tui.

172 2298 329 2346 Quodsi
362 2302 448 2339 tam
480 2299 647 2340 facilem
679 2299 885 2353 populum
916 2298 1128 2351 haberem,
1163 2311 1290 2350 quam
1321 2294 1515 2349 Aesopus
