1659 2552
399 82 463 115 AD
492 81 649 123 QUINT.
677 82 847 116 FRATR.
874 81 1016 115 LIBER
1041 82 1057 116 I
1085 86 1113 117 1,
1328 80 1414 121 493

76 178 205 232 pium,
236 177 353 218 nulla
377 177 514 218 forma
540 177 798 231 cuiusquam,
830 177 946 218 nulla
978 177 1168 218 condicio
1200 177 1414 231 pecuniae,

78 236 231 290 quibus
263 237 388 277 rebus
425 236 611 277 abundat
642 237 722 276 ista
753 236 988 290 provincia,
1029 236 1081 276 ab
1115 250 1278 276 summa
1310 236 1415 276 inte-

77 295 231 351 gritate
258 295 599 348 continentiaque
632 294 861 335 deduxerit.
923 294 1034 343 Quid
1066 297 1206 335 autem
1238 294 1413 347 reperiri

77 357 164 394 tam
191 354 392 394 eximium
424 356 496 394 aut
527 356 613 394 tam
640 353 919 407 expetendum
950 356 1100 408 potest,
1132 367 1257 407 quam
1291 353 1414 393 istam

41 425 57 447 5
78 413 297 466 virtutem,
334 412 667 453 moderationem
704 412 850 465 animi,
888 412 1211 466 temperantiam
1242 410 1327 452 non
1358 411 1416 451 la—

78 474 165 511 tere
199 472 241 511 in
273 471 458 512 tenebris
483 485 619 524 neque
648 485 735 511 esse
761 471 960 524 abditam,
993 471 1064 511 sed
1095 471 1139 511 in
1170 471 1262 511 luce
1288 469 1414 510 Asiae

78 530 122 570 in
154 530 286 570 oculis
318 530 584 570 clarissumae
615 529 856 583 provinciae
889 532 1013 583 atque
1049 529 1092 569 in
1124 529 1296 570 auribus
1329 543 1415 569 om-

77 589 195 629 nium
226 589 418 643 gentium
450 602 496 628 ac
526 588 747 628 nationum
779 602 866 628 esse
896 588 1108 642 positam?
1139 602 1224 629 non
1255 587 1415 628 itineri-

78 647 157 687 bus
182 647 267 687 tuis
291 647 516 700 perterreri
541 647 745 701 homines,
770 661 855 687 non
881 647 1053 700 s'umptu
1079 646 1303 700 exhauriri,
1329 660 1414 686 non

26 718 59 742 10
79 706 260 746 adventu
299 705 583 746 commoveri?
615 720 720 759 esse,
758 719 1023 759 quocumque
1055 705 1236 759 veneris,
1268 708 1310 746 et
1340 719 1415 759 pu-

80 764 188 805 blice
221 767 261 804 et
292 764 491 818 privatim
522 764 749 804 maximam
781 764 998 818 laetitiam,
1031 778 1126 804 cum
1152 764 1253 804 urbs
1279 766 1415 804 custo-

81 823 185 875 dem,
216 837 301 863 non
326 825 564 876 tyrannum,
598 823 744 863 domus
772 822 996 877 hospitem,
1026 837 1112 863 non
1138 823 1415 876 expilatorem

79 881 282 935 recepisse
313 882 533 922 videatur?

166 939 246 980 His
277 943 417 980 autem
449 940 493 980 in
523 940 649 980 rebus
680 940 764 980 iam
789 942 831 980 te
855 954 955 980 usus
986 940 1076 993 ipse
1107 940 1298 994 profecto
1324 953 1415 980 eru-

0 1011 61 1051 ¹15
81 999 186 1039 divit
223 1013 487 1052 nequaquam
525 999 626 1039 satis
663 1013 750 1039 esse
788 998 926 1053 ipsum
962 998 1038 1039 has
1075 1001 1116 1039 te
1147 998 1303 1039 habere
1333 998 1415 1038 vir—

80 1060 202 1111 tutes,
235 1058 306 1098 sed
338 1072 424 1098 esse
457 1057 877 1122 circumspiciendum
910 1057 1151 1113 diligenter,
1183 1060 1230 1097 ut
1262 1057 1305 1097 in
1335 1057 1415 1097 hac

81 1116 269 1157 custodia
300 1116 542 1181 provinciae
573 1130 658 1156 non
683 1118 724 1156 te
750 1130 892 1169 unum,
924 1116 996 1156 sed
1023 1130 1166 1156 omnes
1196 1116 1415 1156 ministros

81 1175 248 1228 imperii
285 1175 347 1214 tui
386 1174 509 1215 soc-iis
541 1177 582 1215 et
614 1174 775 1215 civibus
808 1177 849 1215 et
880 1175 940 1215 rei
977 1174 1170 1228 publicae
1201 1176 1414 1239 praestare

80 1234 258 1274 videare
320 1232 583 1286 Quamquam
619 1233 781 1288 legatos
818 1232 947 1273 habes
985 1247 1073 1287 eos,
1111 1233 1183 1286 qui
1222 1233 1303 1287 ipsi
1340 1247 1416 1286 pei

29 1304 62 1328 ‘20
83 1307 124 1332 se
160 1292 349 1332 habituri
387 1292 471 1332 sint
508 1291 715 1332 rationem
756 1292 975 1347 dignitatis
1016 1306 1131 1346 suae·
1173 1291 1222 1332 de
1261 1292 1415 1345 quibus

80 1351 240 1391 honore
277 1352 319 1391 et
357 1349 563 1405 dignitate
601 1353 642 1390 et
679 1352 814 1391 aetate
845 1352 1031 1404 praestat
1062 1349 1248 1405 Tubero,
1290 1364 1414 1404 quem

81 1423 159 1464 ego
186 1409 380 1463 arbitror,
410 1409 659 1462 praesertim
685 1423 779 1449 cum
806 1409 961 1449 scribat
991 1408 1226 1463 historiam,
1257 1409 1415 1449 multos

81 1482 131 1508 ex
169 1468 254 1508 suis
291 1468 511 1508 annalibus
542 1482 663 1521 posse
696 1467 897 1522 deligere,
938 1481 1044 1521 quos
1074 1468 1177 1508 velit
1209 1470 1250 1508 et
1280 1468 1415 1521 possit

82 1526 256 1579 imitari,
293 1525 486 1566 Allienus
523 1528 663 1566 autem
700 1529 844 1566 noster
876 1528 938 1566 est
975 1540 1069 1566 cium
1102 1526 1242 1566 animo
1275 1529 1315 1567 et
1346 1526 1415 1567 be-

29 1584 321 1624 2511evolentia
359 1587 450 1624 tum
487 1599 586 1624 vero
624 1584 751 1625 etiam
788 1584 1026 1625 imitatione
1063 1584 1242 1625 vivendi.
1303 1584 1415 1625 Nam

83 1642 184 1696 quid
221 1656 299 1697 ego
333 1642 381 1683 de
415 1642 605 1682 Gratidio
644 1643 807 1683 dicam?
845 1657 970 1696 quem
1002 1645 1113 1683 certe
1151 1643 1235 1683 scio
1269 1643 1328 1683 ita
1359 1643 1415 1683 la—

82 1701 231 1741 borare
272 1700 321 1740 de
361 1701 671 1741 existimatione
712 1715 804 1753 sua,
844 1703 892 1741 ut
930 1703 1105 1754 propter
1145 1715 1330 1741 amorem
1372 1702 1415 1741 in

82 1774 158 1800 nos
195 1760 427 1799 fraternum
465 1759 591 1799 etiam
632 1759 680 1799 de
720 1761 865 1799 nostra
903 1758 1078 1799 laboret.
1141 1758 1414 1807 Quaestorem

80 1818 211 1858 habes
241 1831 326 1857 non
357 1819 430 1857 tuo
462 1817 618 1857 iudicio
651 1816 874 1870 delectum,
915 1817 988 1857 sed
1018 1831 1130 1870 eum,
1169 1831 1294 1870 quem
1326 1831 1415 1858 sors

28 1887 62 1912 30
83 1876 206 1916 dedit.
267 1875 393 1915 Hunc
418 1878 585 1928 oportet
610 1877 650 1915 et
681 1889 755 1915 sua
786 1877 935 1929 sponte
967 1889 1055 1915 esse
1085 1876 1349 1916 moderatum
1375 1879 1416 1916 et

82 1935 166 1975 tuis
204 1934 411 1974 institutis
448 1947 495 1974 ac
530 1933 763 1987 praeceptis
795 1933 1096 1987 obtemperare.
1159 1933 1348 1982 Quorum
1380 1935 1415 1974 si

83 1993 176 2047 quis
207 1994 316 2033 forte
343 1995 450 2032 esset
482 1991 701 2045 sordidior,
732 1992 863 2033 ferres
889 1995 1071 2045 eatenus,
1104 1992 1242 2045 quoad
1272 2007 1347 2046 per
1373 2007 1415 2034 se

81 2051 323 2107 neglegeret
355 2065 422 2091 eas
453 2050 577 2105 leges,
610 2050 762 2103 quibus
795 2053 902 2091 esset
934 2050 1140 2104 astrictus,
1172 2065 1257 2091 non
1290 2053 1336 2091 ut
1368 2065 1415 2091 ea

81 2112 300 2163 potestate,
332 2124 457 2162 quam
482 2111 529 2148 tu
555 2108 607 2148 ad
638 2108 888 2163 dignitatem
912 2108 1184 2162 permisisses,
1216 2109 1268 2148 ad
1294 2123 1416 2162 quae-

28 2178 62 2204 35
83 2172 194 2208 stum
212 2170 411 2208 uteretur.
452 2166 601 2220 Neque
621 2167 733 2207 enim
751 2167 857 2207 mihi
877 2181 975 2207 sane
993 2167 1142 2220 placet,
1167 2168 1415 2220 praesertim

82 2240 176 2267 cum
194 2226 240 2266 hi
258 2240 396 2266 mores
416 2227 581 2265 tantum
601 2225 683 2265 iam
698 2225 750 2265 ad
767 2225 942 2266 nimiam
961 2225 1179 2265 lenitatem
1199 2227 1240 2265 et
1260 2225 1311 2265 ad
1331 2241 1415 2266 am-

81 2284 287 2326 bitionem
305 2283 585 2337 incubuerint,
611 2283 788 2324 scrutari
812 2286 854 2324 te
875 2298 1018 2324 omnes
1039 2283 1193 2337 sordes,
1220 2287 1415 2326 excutere

1445 1768 1484 1798 11
