1659 2552
101 443 119 473 10

125 442 143 473 10

177 99 262 141 548
670 97 1009 133 EPISTULARUM

170 194 416 250 diligentius
447 193 624 248 perferri
651 193 813 247 vellem,
846 192 909 232 illi
943 192 1096 245 darem,
1129 192 1243 246 quod
1273 191 1512 234 mehercule

168 253 284 294 hisce
315 253 482 306 litteris,
514 267 617 306 quas
642 252 771 307 vulgo
799 251 850 291 ad
877 254 918 292 te
943 251 1081 304 mitto,
1114 250 1222 291 nihil
1247 251 1334 293 fere
1360 251 1512 306 scribo,

171 312 285 366 quod
315 312 349 353 si
382 311 425 352 in
458 311 634 352 alicuius
660 324 809 351 manus
835 309 1053 363 inciderit,
1083 309 1261 351 moleste
1292 309 1512 351 ferendum

171 372 236 411 sit.
303 370 491 411 Minucio
535 384 601 410 me
646 371 687 410 et
731 368 873 409 Salvio
917 370 958 409 et
1001 367 1190 409 Labieno
1235 368 1512 410 reservabam.

169 429 311 470 Labeo
344 432 416 470 aut
448 428 565 469 tarde
596 428 888 482 proficiscetur
913 429 986 468 aut
1009 426 1079 467 hic
1104 427 1303 468 manebit.
1351 426 1513 482 Hippo-
1549 439 1566 466 5

172 489 329 542 damus,
360 503 412 528 ne
443 487 651 540 numquid
681 486 832 527 vellem
865 485 1046 540 quidem,
1079 486 1256 541 rogavit.
1318 485 1364 526 T.
1390 485 1514 526 Pina-

170 547 258 588 rius
289 546 490 587 amabiles
522 546 574 586 ad
605 560 671 586 me
705 545 753 586 de
785 547 826 585 te
863 545 1027 585 litteras
1058 545 1213 598 mittit,
1255 558 1297 585 se
1329 545 1512 586 maxime

170 606 344 658 litteris,
386 604 671 657 sermonibus,
713 604 825 644 cenis
864 603 1043 657 denique
1083 603 1167 643 tuis
1200 603 1409 644 delectari.
1471 602 1513 644 Is

169 664 299 705 homo
343 678 507 717 semper
550 678 616 703 me
661 662 907 716 delectavit,
956 662 1170 716 fraterque
1214 662 1304 703 eius
1347 675 1514 703 mecum

173 726 235 764 est
266 723 459 763 multum.
522 720 675 775 Quare,
714 721 776 762 uti
815 720 1059 774 instituisti,
1101 720 1382 775 complectere
1415 720 1514 761 adu·
1534 734 1568 759 10

172 782 410 823 lescentem.

262 839 385 889 Quod
432 838 589 879 multos
640 838 727 879 dies
777 837 1000 892 epistolam
1050 837 1094 878 in
1143 837 1339 878 manibus
1383 837 1514 878 habui

127 898 133 905 ”
172 901 346 953 propter
371 897 747 938 commorationem
772 897 1103 950 tabellariorum,
1136 896 1230 937 ideo
1258 896 1394 937 multa
1419 910 1514 937 con-

172 958 280 998 lecta
317 959 415 998 sunt
452 956 567 996 aliud
604 956 686 996 alio
728 959 918 1010 tempore
957 956 1073 996 velut
1110 954 1209 995 hoc:
1260 954 1306 995 T.
1337 954 1514 996 Anicius

172 1016 279 1057 mihi
317 1029 439 1069 saepe
477 1015 561 1055 iam
599 1014 707 1055 dixit
748 1029 835 1055 sese
868 1014 966 1068 tibi,
1005 1013 1296 1054 suburbanum
1335 1014 1370 1054 si
1402 1013 1515 1068 quod
1534 1026 1568 1052 15

173 1075 420 1128 invenisset,
456 1088 542 1114 non
575 1073 867 1114 dubitaturum
900 1086 988 1113 esse
1021 1086 1168 1113 emere.
1229 1070 1279 1112 In
1311 1072 1400 1113 eius
1432 1086 1515 1113 ser-

173 1147 299 1174 mone
337 1147 415 1189 ego
453 1135 680 1186 utrumque
718 1132 832 1173 soleo
871 1131 1088 1185 admirari,
1128 1133 1169 1171 et
1205 1133 1247 1171 te
1287 1130 1336 1172 de
1368 1130 1516 1172 subur-

174 1192 285 1233 bano
312 1191 500 1245 emendo,
533 1205 627 1231 cum
659 1190 712 1231 ad
743 1190 864 1231 illum
896 1190 1066 1244 scribas
1097 1203 1182 1230 non
1213 1189 1340 1230 modo
1365 1189 1419 1230 ad
1447 1203 1515 1230 me

174 1265 260 1292 non
292 1250 486 1303 scribere,
518 1250 590 1290 sed
616 1250 743 1290 etiam
769 1249 894 1290 aliam
920 1249 964 1289 in
989 1248 1241 1289 sententiam
1274 1247 1343 1302 [de
1369 1247 1516 1289 subur-

174 1309 305 1363 bano]
339 1309 537 1362 sciibere,
576 1311 634 1361 et,
673 1322 768 1349 cum
800 1308 851 1348 ad
882 1307 1004 1348 illum
1035 1307 1210 1360 scribas,
1242 1306 1350 1347 nihil
1380 1309 1423 1347 te
1454 1320 1515 1347 re-
1536 1319 1569 1344 20

177 1368 340 1409 cor·da1i
372 1368 402 1421 ’ξ-
434 1367 482 1407 de
521 1381 563 1407 se
602 1342 651 1407 d⁷e
689 1366 881 1420 epistulis
917 1365 1019 1419 ilh's,
1061 1379 1164 1419 quas
1201 1364 1245 1405 in
1277 1364 1514 1405 Tusculano

176 1427 266 1467 eius
296 1429 343 1466 tu
375 1425 480 1466 mihi
507 1424 741 1477 ostendisti,
772 1424 898 1499 nihil
913 1423 960 1464 de
992 1423 1226 1477 piaeceptis
1252 1422 1515 1477 Epicharmi:

177 1485 369 1537 (Γνῶθι,
406 1491 497 1532 πῶς
528 1484 643 1524 &Neo
675 1481 898 1536 κε’χρηται’
902 1514 913 1532 ,
954 1484 1094 1522 totum
1127 1481 1305 1535 denique
1337 1481 1516 1536 vultum,

176 1557 432 1595 sermonem,
477 1541 664 1582 animum
708 1541 817 1594 eius,
861 1555 985 1595 quem
1029 1540 1082 1580 ad
1124 1540 1297 1580 modum
1342 1540 1518 1595 conicio,

177 1601 293 1656 qnasi
321 1602 361 1655 †.
415 1599 497 1641 Sed
527 1599 630 1640 haec
661 1603 707 1640 tu
738 1599 903 1640 videris.
966 1598 1028 1639 De
1062 1598 1305 1639 suburbano
1339 1612 1438 1640 cura
1469 1601 1517 1640 ut
1536 1611 1569 1637 25

177 1661 305 1701 sciam
338 1659 440 1714 quid
471 1659 592 1713 velis,
631 1661 671 1699 et
710 1658 852 1711 simul,
884 1672 936 1698 ne
975 1657 1077 1711 quid
1109 1657 1179 1698 ille
1217 1657 1379 1711 turbet,
1409 1657 1517 1699 vide.

176 1718 288 1768 Quid
318 1718 564 1773 praeterea?
602 1717 732 1771 quid?
775 1716 927 1757 Etiam.
992 1715 1198 1757 Gabinius
1230 1731 1264 1757 3.
1298 1715 1335 1756 d.
1366 1727 1435 1757 1111
1465 1715 1517 1757 K.

176 1777 346 1819 Octobr.
379 1779 508 1817 noctu
540 1776 584 1816 in
616 1775 765 1817 urbem
796 1776 1018 1816 introierat
1050 1778 1091 1815 et
1131 1774 1257 1816 hodie
1288 1774 1394 1816 hora
1423 1786 1518 1828 vm,

176 1851 271 1878 cum
303 1836 440 1877 edicto
468 1833 510 1875 C.
537 1834 623 1875 Alfi
656 1834 705 1875 de
737 1835 954 1875 maiestate
987 1848 1082 1874 eum
1117 1833 1259 1874 adesse
1292 1835 1518 1888 oporteret,

177 1909 382 1936 concursu
419 1908 574 1949 magno
608 1896 649 1934 et
681 1893 778 1933 odio
811 1893 997 1933 universi
1036 1892 1183 1946 populi
1214 1906 1346 1946 paene
1377 1891 1519 1933 adflic-
1537 1904 1572 1929 30

176 1957 246 1995 tus
272 1956 344 1994 est.
394 1952 518 1994 Nihil
549 1951 624 1992 illo
655 1952 834 2005 turpius.
885 1950 1111 1992 Proximus
1142 1953 1283 1991 tamen
1314 1953 1377 1991 est
1407 1949 1518 1991 Piso.

176 2012 325 2066 Itaque
351 2011 579 2052 mirificum
606 2009 839 2051 embolium
865 2009 1006 2065 cogito
1033 2009 1077 2049 in
1103 2009 1331 2050 secundum
1361 2008 1519 2050 librum

176 2085 369 2112 meorum
401 2072 641 2123 temporum
673 2068 887 2109 includere
899 2086 911 2122 ,·
953 2068 1160 2109 dicentem
1192 2067 1436 2122 Apollinem
1475 2067 1520 2108 in

179 2129 358 2170 concilio
399 2128 589 2181 deorum,
628 2127 765 2181 qualis
803 2127 963 2168 reditus
1001 2126 1180 2167 duorum
1217 2126 1520 2180 imperatorum

178 2188 346 2228 futurus
373 2189 492 2240 esset,
524 2200 706 2240 quorum
734 2185 840 2226 alter
866 2185 1097 2226 exercitum
1122 2184 1384 2239 perdidisset,
1415 2184 1522 2226 alter
1540 2195 1574 2221 ³5

178 2245 444 2287 vendidisset.
1552 2282 1556 2284 .

267 2304 333 2345 Ex
372 2303 594 2344 Britannia
639 2301 794 2344 Caesar
838 2302 891 2343 ad
933 2316 999 2343 me
1040 2301 1090 2342 K.
1132 2300 1364 2355 Septembr.
1407 2301 1522 2342 dedit
