1659 2552
109 1684 151 1714 10

173 112 193 153 1
201 112 227 152 2
669 109 1011 146 EPISTULARUM

171 207 301 248 fuisse
344 207 576 262 fortunam3
619 206 803 248 multum
847 206 959 247 enim
997 205 1194 260 interest,
1237 209 1382 247 utrum
1420 205 1513 247 laus

172 266 466 320 imminuatur,
510 280 562 306 an
600 265 711 306 salus
753 266 986 318 deseratur3
1029 278 1097 305 1116
1134 278 1251 305 meae
1287 267 1429 306 tamen
1459 279 1512 306 ne

172 325 300 366 nimis
341 325 592 379 paeniteret,
637 327 710 365 tua
752 324 909 366 virtute
951 323 1187 377 perfectum
1231 325 1313 378 est3
1357 323 1513 364 curasti

175 383 305 437 enim,
342 386 390 424 ut
426 383 522 437 plus
560 383 749 423 additum
787 382 839 423 ad
875 381 1124 422 memoriam
1161 381 1346 422 nominis
1377 382 1513 423 nostri

175 457 302 496 quam
328 442 546 496 demptum
572 442 621 482 de
646 442 817 482 fortuna
848 440 1072 481 videretur.
1113 439 1172 481 Te
1191 453 1291 481 vero
1318 442 1360 481 et
1384 454 1453 482 oro
1478 444 1551 482 ets>

173 515 325 542 moneo
364 515 460 541 cum
500 500 715 541 beneficiis
752 499 837 540 tuis
873 502 966 540 tum
1003 512 1146 540 amore
1176 498 1376 540 incitatus
1406 513 1513 554 11160,

174 562 222 600 ut
254 574 422 601 omnem
458 559 657 615 gloriam,
701 558 753 599 ad
790 572 917 612 quam
955 573 979 598 a
1015 557 1199 612 pueritia
1229 557 1514 599 inflammatus

175 618 311 673 fuisti,
345 618 460 659 omni
492 632 591 658 cura
622 620 747 671 atque
779 616 987 657 industria
1018 630 1273 670 consequare
1304 616 1515 672 magnitu-

176 677 400 731 dinemque
432 676 562 717 animi
592 676 667 730 tui,
700 690 827 730 quam
859 689 937 731 ego
970 689 1134 730 semper
1165 689 1258 716 sum
1283 675 1515 716 admiratus

176 750 422 790 semperque
449 735 597 789 amavi,
627 748 679 775 ne
705 749 907 788 umquam
925 734 1115 775 inflectas
1134 734 1382 788 cuiusquam
1408 734 1515 775 iniu-
1534 748 1571 773 10

175 794 248 835 ria.
310 794 466 849 Magna
503 797 565 834 est
602 793 824 834 hominum
862 793 1006 847 opinio
1039 793 1088 833 de
1120 795 1180 848 te,
1217 807 1372 848 magna
1403 807 1513 834 com-

175 853 389 894 mendatio
420 852 706 906 liberalitatis,
746 866 900 907 magna
930 851 1136 892 memoria
1167 852 1408 892 consulatus
1438 851 1514 892 tui.

175 911 292 952 Haec
345 911 536 965 profecto
586 911 703 951 vides
753 913 911 965 quanto
960 910 1224 964 expressiora
1273 912 1515 964 quantoque

176 970 422 1011 inlustriora
452 971 596 1010 futura
627 969 728 1023 sint,
773 983 869 1010 cum
907 969 1171 1023 aliquantum
1208 983 1260 1010 ex
1297 969 1516 1023 provincia

177 1032 302 1083 atque
341 1043 392 1069 ex
428 1028 607 1083 imperio
645 1028 782 1069 laudis
819 1028 1055 1082 accesserit3
1097 1042 1352 1082 quamquam
1382 1030 1423 1068 te
1455 1027 1516 1068 ita
1535 1040 1572 1066 15

176 1102 322 1143 gerere
359 1087 474 1142 volo,
514 1101 619 1141 quae
656 1101 733 1141 per
769 1087 1001 1128 exercitum
1033 1089 1159 1140 atque
1190 1086 1415 1140 imperium
1446 1101 1516 1142 ge-

177 1146 306 1187 renda
337 1148 446 1200 sunt,
478 1148 526 1186 ut
550 1146 654 1186 haec
678 1145 814 1186 multo
841 1148 937 1186 ante
962 1145 1176 1199 meditere,
1206 1145 1290 1185 huc
1314 1147 1356 1186 te
1381 1159 1515 1199 pares,

175 1204 280 1246 haec
311 1205 491 1260 cogites,
524 1204 576 1245 ad
606 1204 710 1245 haec
739 1206 781 1244 te
813 1218 1005 1245 exerceas
1037 1204 1275 1258 sentiasque
1308 1202 1371 1259 (id
1403 1203 1516 1258 quod

177 1264 276 1318 quia
307 1277 472 1317 semper
501 1263 691 1317 sperasti,
721 1277 808 1303 non
839 1262 987 1303 dubito
1021 1262 1123 1316 quin
1149 1263 1324 1316 adeptus
1355 1262 1516 1303 intelle-

176 1320 283 1377 gas),
314 1325 356 1362 te
387 1321 586 1362 facillime
611 1335 734 1375 posse
760 1321 950 1375 optinere
975 1335 1188 1362 summum
1213 1324 1338 1375 atque
1364 1321 1515 1362 altissi-
1535 1333 1572 1359 20

176 1395 294 1421 mum
324 1380 504 1445 gradum
542 1380 737 1420 civitatis
800 1378 914 1428 Quae
946 1379 1116 1433 quidem
1153 1393 1246 1420 mea
1278 1379 1515 1420 cohortatio

176 1453 228 1479 ne
266 1438 347 1479 tibi
385 1438 522 1478 inanis
561 1440 635 1478 aut
675 1438 763 1478 sine
804 1452 927 1478 causa
964 1440 1157 1492 suscepta
1192 1437 1402 1491 videatur,
1443 1438 1517 1478 illa

176 1512 244 1538 me
275 1497 384 1537 ratio
415 1496 567 1550 movit,
608 1499 655 1537 ut
686 1499 727 1537 te
760 1510 810 1537 ex
841 1496 998 1537 nostris
1029 1496 1190 1537 eventis
1221 1496 1516 1537 communibus

177 1555 487 1596 admonendum
512 1558 716 1609 putarem,
742 1558 790 1595 ut
815 1555 1111 1610 considerares,
1142 1555 1186 1595 in
1213 1555 1328 1596 omni
1353 1555 1517 1609 reliqua

178 1615 264 1655 vita
296 1614 450 1668 quibus
476 1614 682 1668 crederes,
715 1627 819 1667 quos
851 1627 1027 1654 caveres.
1535 1623 1571 1651 εἴ»

267 1672 389 1721 Quod
426 1672 575 1713 scribis
612 1675 653 1712 te
690 1672 797 1713 velle
835 1672 957 1726 scire,
1002 1671 1075 1726 qui
1119 1671 1173 1712 sit
1217 1671 1278 1712 rei
1321 1670 1516 1726 publicae

177 1734 323 1785 status,
356 1746 519 1772 summa
545 1731 748 1771 dissensio
775 1733 848 1784 est,
874 1731 946 1771 sed
972 1730 1187 1771 contentio
1214 1730 1375 1785 dispar3
1405 1744 1515 1784 nam,

178 1790 250 1844 qui
282 1790 377 1844 plus
410 1790 572 1844 opibuS,
605 1789 749 1843 armis,
787 1789 979 1843 potentia
1010 1789 1171 1843 valent,
1202 1788 1426 1843 perfecisse
1456 1790 1516 1828 ta-

177 1862 274 1889 men
313 1849 419 1889 mihi
460 1848 657 1889 videntur
697 1848 879 1888 stultitia
918 1850 960 1888 et
1002 1848 1286 1888 inconstantia
1327 1847 1516 1888 adversa-

177 1907 350 1961 riorum,
382 1910 429 1948 ut
460 1907 587 1948 etiam
614 1907 865 1947 auctoritate
892 1907 975 1947 iam
1006 1907 1102 1961 plus
1127 1907 1326 1947 valerent.
1366 1903 1515 1958 Itaque
1535 1918 1570 1944 30

176 1966 397 2020 perpaucis
435 1965 755 2006 adversantibus
787 1965 944 2020 omnia,
986 1980 1092 2019 quae
1122 1979 1175 2006 ne
1206 1979 1282 2019 per
1310 1963 1515 2018 populum

178 2025 348 2078 quidem
389 2024 478 2065 sine
520 2025 725 2065 seditione
766 2039 808 2065 se
851 2025 1023 2078 adsequi
1064 2023 1398 2076 arbitrabantur,
1439 2036 1517 2076 per

177 2086 369 2124 senatum
413 2084 626 2124 consecuti
671 2085 785 2137 sunt3
828 2098 926 2124 nam
966 2085 1008 2123 et
1048 2081 1304 2136 stipendium
1347 2079 1515 2121 Caesari

179 2141 392 2183 decretum
424 2144 487 2183 est
524 2145 566 2183 et
604 2142 746 2183 decem
776 2142 924 2197 legati,
962 2144 1020 2195 et,
1057 2140 1233 2195 ne‘lege
1266 2138 1516 2193 Sempronia

178 2200 487 2254 succederetur,
528 2201 651 2241 facile
689 2200 927 2255 perfectum
964 2202 1037 2240 est.
1099 2197 1221 2247 Quod
1261 2212 1338 2253 ego
1381 2197 1434 2238 ad
1472 2199 1515 2238 te
1535 2207 1571 2235 55

177 2257 347 2299 brevius
388 2259 543 2313 scribo,
586 2259 685 2313 quia
723 2273 790 2300 me
827 2261 961 2299 status
996 2257 1067 2298 hic
1106 2257 1167 2298 rei
1204 2256 1397 2311 publicae
1428 2269 1516 2297 non

178 2315 375 2371 delectat3
420 2318 557 2358 scribo
602 2321 760 2372 tamen,
804 2319 852 2357 ut
887 2319 929 2357 te
966 2316 1229 2370 admoneam,
1275 2315 1388 2369 quod
1425 2314 1516 2369 ipse
