1659 2552
660 95 802 130 LIBER
827 94 894 128 XV
919 98 951 129 4.
1373 92 1460 133 449

119 191 390 234 incendimus.
451 191 531 232 His
570 191 695 232 rebus
733 190 792 231 ita
828 189 960 245 gestis
998 191 1132 230 castra
1165 188 1209 228 in
1247 187 1460 229 radicibus
1481 194 1530 236 (9)

117 251 272 292 Amani
302 250 529 291 habuimus
561 249 672 304 apud
703 248 811 290 Aras
837 248 1071 289 Alexandri
1104 248 1387 301 quadriduum
1419 249 1461 287 et

118 311 162 350 in
199 309 389 374 reliquiis
427 309 581 349 Amani
621 308 808 349 delendis
848 307 1045 373 agrisque
1083 306 1315 359 vastandis,
1354 319 1459 359 quae

118 383 214 423 pais
247 369 335 409 eius
366 368 524 409 montis
555 381 671 408 meae
702 366 943 420 provinciae
970 368 1043 419 est,
1075 365 1118 405 id
1143 367 1311 418 tempus
1338 378 1460 404 omne

120 427 466 480 consumpsimus.
529 425 741 466 Confectis
773 425 839 466 his
871 424 996 465 rebus
1029 424 1081 464 ad
1106 424 1309 477 oppidum
1335 422 1460 462 Eleu-

69 735 100 758 10

70 1025 103 1050 15

70 1318 104 1343 20

75 1903 109 1927 30

120 486 412 527 therocilicum
464 484 760 524 Pindenissum
813 483 1045 524 exercitum
1096 482 1263 522 adduxi
1339 480 1461 529 Quod

120 559 215 585 cum
247 547 355 585 esset
387 543 592 583 altissimo
626 546 667 583 et
704 542 989 582 munitissimo
1020 541 1114 582 loco
1147 541 1199 581 ab
1232 540 1368 594 iisque
1401 539 1462 579 in-

121 603 345 656 coleretur,
384 602 455 656 qui
487 616 539 642 ne
571 601 743 656 regibus
776 601 946 654 quidem
978 614 1179 653 umquam
1209 599 1460 653 paruissent,

121 676 215 702 cum
254 664 295 701 et
335 661 540 716 fugitivos
580 660 814 714 reciperent
853 661 894 699 et
934 658 1193 699 Parthorum
1233 658 1461 698 adventum

121 720 321 760 acerrime
354 721 664 773 exspectarent,
696 718 748 758 ad
780 717 1138 758 existimationem
1170 716 1339 770 imperii
1369 730 1461 769 per-

120 779 255 819 tinere
299 778 529 818 arbitratus
579 792 671 817 sum
715 776 992 830 comprimere
1037 790 1183 816 eorum
1233 775 1461 827 audaciam,

121 852 204 891 quo
237 837 402 877 facilius
440 836 567 876 etiam
605 839 840 876 ceterorum
872 834 1020 887 animi,
1060 834 1133 887 qui
1165 833 1291 874 alieni
1323 835 1461 874 essent

122 896 173 936 ab
213 895 390 949 imperio
428 897 592 947 nostro,
630 895 937 949 frangerentur.
1000 892 1124 933 Vallo
1164 895 1205 933 et
1241 893 1354 932 fossa
1386 891 1462 932 cir-

122 954 332 1006 cumdedi,
370 968 442 993 sex
480 953 661 993 castellis
700 952 930 1005 castrisque
966 951 1163 992 maximis
1201 950 1354 1004 saepsi,
1393 965 1462 1005 ag-

124 1027 242 1069 gere,
293 1012 438 1065 viniis,
488 1011 678 1052 turribus
723 1010 965 1066 oppugnavi
1012 1024 1194 1063 ususque
1237 1008 1464 1050 tormentis

122 1071 286 1123 multis,
317 1071 464 1111 multis
495 1070 726 1125 sagittariis
756 1083 911 1124 magno
942 1069 1087 1109 labore
1118 1082 1224 1122 meo,
1257 1068 1346 1108 sine
1378 1067 1464 1107 ulla

122 1130 317 1171 molestia
355 1132 578 1183 sumptuve
615 1128 827 1169 sociorum
868 1128 1049 1181 septimo
1082 1126 1463 1181 quinquagensimo

125 1189 190 1229 die
216 1203 304 1229 rem
331 1188 503 1240 confeci,
535 1190 582 1227 ut
612 1187 808 1227 omnibus
839 1186 1032 1239 partibus
1064 1185 1182 1226 urbis
1215 1184 1464 1225 disturbatis

124 1250 195 1287 aut
227 1246 406 1287 incensis
433 1246 640 1299 compulsi
665 1246 710 1286 in
740 1247 995 1299 potestatem
1020 1258 1158 1284 meam
1182 1243 1462 1297 pervenirent.

124 1305 203 1346 His
243 1308 361 1345 613111
401 1305 573 1345 finitimi
616 1304 708 1358 pari
749 1304 902 1344 scelere
946 1306 987 1343 et
1031 1302 1204 1343 audacia
1244 1301 1463 1342 Tebarani.

123 1364 192 1405 Ab
224 1363 276 1404 iis
306 1363 555 1404 Pindenisso
595 1366 716 1416 capto
756 1362 922 1403 obsides
961 1361 1118 1415 accepi,
1157 1361 1389 1401 exercitum
1420 1360 1464 1400 in

123 1423 301 1463 hiberna
339 1422 499 1475 dimisi3
544 1421 749 1470 Quintum
792 1421 967 1461 fratrem
1010 1420 1183 1475 negotio
1226 1418 1464 1473 praeposui,

124 1484 171 1521 ut
202 1481 246 1521 in
277 1481 380 1521 vicis
412 1483 484 1521 aut
516 1480 649 1534 captis
688 1482 760 1520 aut
791 1479 900 1519 male
937 1479 1097 1533 pacatis
1129 1478 1338 1519 exercitus
1371 1491 1466 1518 con-

124 1539 345 1580 locaretur.

212 1596 338 1638 Nunc
368 1597 495 1637 velim
527 1597 587 1637 sic
617 1596 698 1637 tibi
729 1595 991 1650 persuadeas,
1023 1595 1058 1635 si
1092 1595 1140 1635 de
1172 1595 1224 1634 iis
1256 1594 1382 1634 rebus
1414 1593 1466 1633 ad

126 1658 317 1695 senatum
349 1655 529 1695 relatum
560 1655 626 1707 sit,
656 1669 724 1695 me
750 1654 1091 1695 existimaturum
1120 1667 1329 1692 summam
1359 1651 1466 1692 mihi

126 1713 293 1754 laudem
323 1713 547 1766 tiibutam,
585 1713 620 1752 si
652 1716 699 1752 tu
736 1712 942 1752 honorem
979 1726 1121 1751 meum
1154 1711 1362 1768 sententia
1393 1713 1466 1749 tua

127 1771 432 1825 comprobaris,
471 1771 614 1824 idque,
655 1770 733 1811 etsi
764 1770 922 1810 talibus
955 1769 1004 1809 de
1036 1769 1161 1809 rebus
1193 1764 1466 1823 gravissimos

126 1831 319 1871 homines
351 1833 391 1870 et
424 1843 572 1884 rogare
604 1829 738 1868 solere
770 1831 811 1868 et
842 1827 984 1882 rogari
1017 1827 1120 1879 scio,
1152 1830 1294 1867 tamen
1327 1826 1468 1866 admo-

128 1889 312 1929 nendum
343 1888 485 1952 potius
516 1891 557 1928 te
590 1902 612 1926 a
643 1901 710 1926 me
742 1900 868 1939 quam
900 1885 1136 1941 rogandum
1167 1888 1282 1938 puto.
1328 1883 1392 1924 Tu
1424 1898 1468 1924 es

128 1947 240 1987 enim
272 1947 318 2000 is,
351 1947 423 2000 qui
454 1960 521 1986 me
552 1945 638 1985 tuis
669 1944 888 1985 sententiis
920 1943 1162 2008 saepissime
1189 1943 1361 1996 ornasti,
1394 1943 1467 2007 qui

129 2006 338 2069 oratione,
384 2005 455 2057 qui
495 2003 825 2058 praedicatione,
867 2002 939 2056 qui
977 2001 1153 2042 summis
1189 2001 1386 2041 laudibus
1424 2001 1468 2040 in

128 2067 291 2117 senatu,
328 2063 372 2103 in
410 2061 679 2103 contionibus
716 2061 768 2101 ad
799 2061 960 2101 caelum
993 2060 1199 2113 extulisti,
1239 2059 1357 2100 cuius
1389 2073 1468 2114 ego

128 2136 292 2176 semper
327 2124 445 2161 tanta
483 2135 571 2161 esse
608 2119 835 2160 verboium
871 2118 1057 2172 pondera
1093 2094 1258 2183 putavi,
1299 2120 1346 2158 ut
1384 2131 1468 2158 uno

78 2192 112 2217 35
131 2181 261 2221 verbo
286 2182 360 2220 tuo
387 2194 482 2220 cum
513 2193 606 2219 mea
636 2178 758 2218 laude
783 2178 1008 2218 coniuncto
1035 2176 1177 2216 omnia
1203 2175 1376 2229 adsequi
1401 2190 1468 2216 me

130 2238 377 2292 arbitr-amr,
409 2241 451 2278 te
484 2237 662 2290 denique
693 2236 878 2288 memini,
911 2249 1006 2275 cum
1038 2234 1204 2275 cuidam
1236 2234 1469 2275 clarissimo

130 2299 255 2351 atque
275 2272 437 2351 cptiino
459 2297 549 2336 viro
571 2294 921 2348 supplicationem
946 2307 1031 2333 non
1052 2293 1305 2346 decernereS,
1332 2292 1469 2333 dicere

202 2371 356 2396 Ciceronis
377 2371 455 2401 epist
490 2371 513 2395 Ι.
1214 2364 1233 2394 2
1239 2365 1258 2394 9

1489 434 1531 464 10

1494 1605 1532 1634 11
