1659 2552
614 100 757 134 LIBER
781 101 797 135 1
823 103 854 145 8,
882 103 913 135 9.
1384 99 1438 141 15

94 212 284 253 possum,
328 211 373 238 re
418 196 588 252 quidem
631 196 722 252 ipsa
765 196 859 237 ideo
902 196 1010 237 mihi
1053 210 1139 237 non
1177 195 1279 236 satis
1316 195 1438 251 facio,

96 257 210 311 quod
250 256 412 297 nullam
454 259 619 311 partem
667 258 839 297 tuorum
888 255 1139 296 meritorum
1182 269 1269 295 non
1310 255 1438 296 modo

95 316 332 370 referenda,
377 314 449 356 sed
490 329 542 355 ne
583 314 809 370 cogitanda
855 313 1027 369 quidem
1058 313 1197 369 gratia
1238 313 1439 367 consequi

95 389 279 429 possum.

61 444 77 471 5
184 433 291 474 Rem
331 435 373 473 te
410 432 531 473 valde
569 432 675 473 bene
713 431 891 487 gessisse
922 445 1069 472 rumor
1100 433 1206 486 erat3
1247 432 1438 485 expecta-

96 492 252 533 bantur
280 492 448 532 litterae
478 493 587 546 tuae,
620 491 669 531 de
702 491 855 545 quibus
887 505 1053 531 eramus
1084 490 1168 531 iam
1194 504 1290 531 611111
1315 489 1439 530 Ρ6111-

95 551 192 606 peio
228 550 372 592 locuti.
434 549 548 598 Quae
581 549 616 590 si
653 552 777 590 erunt
814 549 980 604 allatae,
1024 552 1219 590 nostrum
1250 548 1439 589 studium

97 609 280 651 exstabit
317 609 362 649 in
400 608 698 650 conveniendis
733 608 1055 663 magistratibus
1086 610 1128 649 et
1160 607 1438 662 senatoribus,

98 671 334 722 ceteraque,
380 681 486 721 quae
528 667 580 708 ad
619 669 661 707 te
698 667 988 722 pertinebunt⁷
1033 681 1128 708 611111
1172 666 1300 708 etiam
1343 666 1438 720 plus

45 741 78 765 ιο
99 726 449 781 contenderimus,
476 740 602 780 quam
628 740 865 781 possumus,
890 726 1031 767 minus
1056 728 1199 767 tamen
1224 725 1438 780 facierum,

99 801 225 841 quam
260 785 472 826 debemus.

732 889 804 931 IX.

392 971 465 1006 Ser.
486 971 624 1006 Romae
647 982 762 1006 mense
788 971 874 1006 Dec.
903 983 935 1006 a.
965 974 1037 1006 700
1064 972 1155 1015 (54).

374 1053 423 1089 M.
457 1052 625 1088 CICERO
660 1053 694 1088 S.
726 1053 768 1088 D.
804 1052 1026 1087 LENTULO
1064 1053 1160 1088 IMP.

45 1151 78 1177 15
184 1136 473 1179 Periucundae
503 1137 611 1178 mihi
642 1137 814 1178 fuerunt
844 1137 1010 1178 litterae
1041 1139 1158 1191 tuae,
1191 1135 1346 1190 quibus
1377 1135 1438 1176 in-

98 1196 243 1237 tellexi
273 1198 316 1237 te
346 1196 583 1251 perspicere
613 1210 751 1237 meam
782 1196 827 1237 in
857 1199 899 1237 te
930 1196 1149 1250 pietatem3
1192 1195 1294 1249 quid
1325 1194 1439 1235 enim

99 1255 236 1296 dicam
260 1255 610 1310 benevolentiam,
643 1269 738 1296 611111
764 1255 870 1295 illud
901 1254 1041 1309 ipsum
1071 1253 1371 1319 gravissimum
1397 1255 1439 1294 et

98 1313 410 1356 sanctissimum
446 1328 601 1355 nomen
631 1313 802 1368 pietatis
840 1313 974 1354 levius
1004 1312 1112 1354 mihi
1143 1311 1306 1354 meritis
1339 1326 1439 1368 erga

98 1387 165 1414 me
201 1373 286 1413 tuis
323 1387 412 1414 esse
450 1373 670 1414 videatur?
733 1372 855 1421 Quod
892 1374 1033 1413 autem
1069 1371 1151 1412 tibi
1187 1373 1310 1427 grata
1346 1385 1440 1411 mea

47 1444 80 1469 20
99 1446 200 1487 erga
229 1433 271 1472 te
303 1431 442 1472 studia
473 1431 622 1472 scribis
653 1445 758 1486 esse,
797 1431 900 1472 facis
937 1433 985 1472 tu
1023 1430 1194 1485 quidem
1225 1429 1439 1471 abundan-

98 1490 159 1530 tia
189 1490 370 1544 quadam
401 1490 568 1544 amoris,
599 1492 646 1531 ut
677 1490 805 1530 etiam
836 1491 958 1546 grata
989 1489 1074 1530 sint
1099 1503 1157 1544 ea,
1191 1503 1296 1542 quae
1321 1502 1439 1542 prae-

99 1549 279 1589 termitti
310 1549 399 1590 sine
429 1549 591 1590 nefario
623 1549 776 1589 scelere
806 1563 893 1590 non
923 1550 1111 1603 possunt.
1173 1547 1272 1588 Tibi
1297 1549 1438 1588 autem

100 1607 236 1648 multo
261 1608 404 1648 notior
429 1610 555 1662 atque
581 1607 803 1648 inlustrior
833 1621 952 1648 meus
984 1607 1029 1648 in
1059 1609 1101 1647 te
1127 1606 1293 1647 animus
1318 1607 1438 1660 esset,

101 1665 137 1705 si
167 1664 248 1706 hoe
277 1668 467 1720 tempore
500 1666 632 1719 omni,
676 1681 759 1720 quo
793 1665 971 1707 diiuncti
1002 1665 1177 1720 fuimus,
1210 1667 1252 1706 et
1282 1679 1366 1705 una
1397 1666 1439 1704 et

48 1734 81 1760 25
100 1722 261 1764 Romae
291 1723 525 1765 fuissemus.
584 1724 697 1766 Nam
728 1725 772 1765 in
804 1739 852 1766 eo
884 1724 993 1779 ipso,
1032 1724 1146 1778 quod
1176 1726 1218 1764 te
1251 1722 1437 1764 ostendis

101 1796 189 1822 esse
220 1782 431 1823 facturum
462 1783 657 1837 quodque
689 1785 730 1824 et
761 1783 805 1824 in
835 1783 985 1837 primis
1015 1786 1136 1837 potes
1168 1785 1210 1823 et
1242 1796 1321 1837 ego
1348 1796 1371 1822 a
1396 1783 1438 1822 te

100 1840 370 1882 vehementer
394 1843 601 1895 exspecto,
627 1842 672 1882 in
697 1841 916 1882 sententiis
943 1841 1165 1882 senatoriis
1191 1842 1232 1881 et
1258 1841 1302 1880 111
1323 1840 1439 1881 6111111

101 1899 264 1940 actione
291 1902 416 1953 atque
448 1899 811 1940 administratione
842 1900 903 1941 rei
930 1900 1124 1954 publicae
1149 1893 1439 1940 floruissemus

102 1955 171 2014 (de
208 1973 291 2012 qua
329 1958 547 1999 ostendam
584 1958 778 2011 equidem
813 1958 941 2012 paulo
977 1960 1075 2012 post
1116 1958 1188 2012 qui
1229 1957 1284 1997 sit
1320 1970 1439 1996 meus

48 2028 82 2054 30
101 2030 246 2057 sensus
278 2019 319 2057 et
351 2019 501 2071 status,
540 2018 581 2057 et
618 2016 846 2057 rescribam
876 2016 958 2056 tibi
990 2017 1043 2056 ad
1073 2030 1136 2070 ea,
1179 2029 1284 2069 quae
1317 2028 1440 2079 quae-

101 2073 197 2131 ris)3
229 2075 301 2116 sed
333 2078 443 2116 certe
476 2077 517 2116 et
549 2089 627 2130 ego
658 2077 700 2115 te
727 2076 896 2115 auctore
923 2074 1178 2115 amicissimo
1205 2087 1252 2113 ae
1278 2072 1440 2127 sapien-

99 2134 265 2175 tissimo
297 2136 338 2174 et
363 2136 410 2175 tu
435 2148 502 2175 me
529 2133 768 2174 consiliario
794 2133 972 2173 fortasse
997 2147 1083 2173 non
1108 2131 1439 2186 imperitissimo,

100 2192 215 2233 fideli
248 2192 418 2246 quidem
444 2195 485 2233 et
510 2192 708 2233 benivolo
742 2194 852 2232 certe
884 2206 983 2232 usus
1015 2205 1136 2232 esses.
1175 2190 1439 2244 Quamquam

100 2253 174 2292 tua
205 2251 375 2305 quidem
408 2265 531 2292 causa
561 2253 603 2292 te
643 2265 732 2291 esse
764 2250 1062 2304 imperatorem
1093 2249 1439 2304 provinciamque

48 2320 82 2346 35
100 2309 207 2351 bene
247 2310 378 2366 gestis
418 2310 544 2351 rebus
585 2324 680 2351 eum
717 2309 904 2350 exercitu
941 2309 1101 2351 victore
1143 2308 1351 2363 optinere,
1391 2310 1440 2349 ut
