1659 2552
672 104 814 139 LIBER
838 103 855 138 Ι
881 107 911 139 7.
1416 102 1468 143 11

128 201 312 256 positam
351 200 646 242 auctoritatem
682 199 1018 257 religionemque
1062 198 1197 240 video.
1265 197 1348 239 Sed
1390 212 1470 254 ego

129 263 188 315 te,
225 262 273 301 ut
310 259 363 300 ad
400 261 557 300 certam
593 259 761 300 laudem
794 258 1014 312 adhortor,
1054 257 1113 298 sic
1144 272 1168 298 a
1201 257 1470 298 dimicatione

130 319 320 360 deterreo
352 318 560 372 redeoque
592 317 645 358 ad
675 317 800 372 illud,
833 317 948 372 quod
977 316 1101 358 initio
1134 316 1299 370 scripsi,
1337 316 1471 356 totius

129 378 231 418 facti
267 377 332 418 tui
369 377 572 418 iudicium
608 390 694 418 non
731 379 819 417 tam
856 390 907 417 ex
944 375 1121 416 consilio
1153 377 1228 416 tuo
1261 389 1387 429 quam
1419 389 1471 415 ex

93 438 284 482 &eventu
320 436 513 477 homines
551 449 638 476 esse
680 436 876 476 facturos.
939 433 1099 483 Quodsi
1133 433 1237 475 haec
1267 433 1377 474 ratio
1408 433 1470 473 rei

129 495 337 551 gerendae
368 493 605 550 periculosa
635 493 717 535 tibi
748 508 836 535 esse
866 492 1097 547 videbitur,
1128 491 1322 546 placebat
1352 491 1470 545 illud,

129 556 188 608 ut,
220 553 256 594 si
289 568 363 594 rex
395 552 541 594 amicis
581 552 682 607 tuis,
721 553 794 607 qui
831 566 907 607 per
942 551 1206 607 provinciam
1238 553 1363 605 atque
1395 550 1471 591 im-

128 612 295 667 perium
319 614 441 652 tuum
466 611 664 666 pecunias
690 611 728 652 ei
754 610 1038 665 credidissent,
1064 610 1191 651 fidem
1217 624 1336 650 suam
1354 623 1471 664 prae-

129 670 320 725 stitisset,
351 672 393 710 et
425 670 594 710 auxiliis
627 684 722 710 eum
753 669 839 711 tuis
871 671 912 710 et
944 669 1076 724 copiis
1109 669 1346 723 adiuvares3
1378 682 1471 708 eam

76 743 111 769 10
130 743 219 770 esse
259 731 454 770 naturam
495 731 536 769 et
576 728 794 784 regionem
833 728 1075 782 provinciae
1112 730 1226 782 tuae,
1270 729 1317 768 ut
1354 726 1470 767 illius

129 788 313 829 reditum
344 787 412 829 vel
443 787 679 828 adiuvando
712 787 982 828 confirmares
1007 787 1076 828 vel
1099 785 1362 842 neglegendo
1395 785 1471 826 im-

128 846 305 901 pedires.
365 844 416 887 In
451 846 530 887 hac
567 846 731 886 ratione
770 845 872 900 quid
909 860 992 900 res,
1038 845 1141 899 quid
1184 859 1323 899 causa,
1369 843 1471 898 quid

128 908 295 960 tempus
326 905 450 959 ferat,
488 907 536 945 tu
572 904 772 945 facillime
811 904 1053 959 optimeque
1085 903 1330 958 perspicies3
1369 902 1472 956 quid

128 964 252 1006 nobis
294 963 532 1018 placuisset,
576 978 627 1004 ex
669 978 737 1004 me
780 963 1051 1017 potissimum
1094 962 1242 1017 putavi
1282 964 1324 1002 te
1364 961 1470 1002 scire

76 1035 111 1062 ιε»
131 1025 336 1078 oportere.

219 1081 340 1130 Quod
364 1080 471 1121 mihi
498 1080 547 1121 de
575 1082 722 1121 nostro
750 1082 874 1134 statu,
901 1079 950 1120 de
970 1079 1144 1120 Milonis
1170 1078 1470 1133 familiaritate,

130 1140 180 1182 de
219 1140 392 1181 levitate
432 1141 473 1180 et
517 1138 795 1180 inbecillitate
841 1138 962 1179 Clodi
1005 1137 1252 1193 gratularis,
1295 1137 1471 1178 minime

128 1199 334 1240 miramur
363 1201 405 1239 te
436 1197 522 1238 tuis
554 1200 601 1238 ut
633 1198 852 1254 egregium
883 1197 1088 1238 artificem
1118 1196 1344 1251 praeclaris
1376 1209 1472 1250 ope-

129 1257 248 1298 ribus
278 1256 446 1312 laetari3
479 1271 735 1310 quamquam
760 1258 822 1297 est
848 1255 1109 1296 incredibilis
1133 1254 1355 1296 hominum
1380 1268 1473 1308 per-

76 1329 112 1355 20
130 1316 308 1357 versitas
339 1313 552 1371 (graviore
584 1315 697 1356 enim
728 1314 858 1356 verbo
890 1314 954 1355 uti
983 1328 1070 1355 non
1100 1311 1243 1369 libet),
1277 1313 1350 1367 qui
1382 1327 1470 1367 nos,

131 1389 237 1429 quos
281 1374 459 1415 favendo
502 1373 547 1414 in
592 1373 805 1414 communi
843 1387 965 1413 causa
1005 1372 1187 1413 retinere
1227 1373 1470 1425 potuerunt,

129 1433 356 1475 invidendo
389 1432 699 1487 abalienarunt3
737 1447 918 1487 quorum
954 1430 1368 1472 malevolentissimis
1400 1429 1472 1470 ob-

130 1491 454 1533 trectationibus
490 1505 567 1532 nos
605 1491 710 1532 scito
750 1491 800 1531 de
837 1493 978 1531 vetere
1018 1490 1092 1531 illa
1128 1491 1274 1530 nostra
1311 1488 1473 1529 diutur-

131 1564 267 1604 naque
299 1549 506 1591 sententia
535 1564 667 1604 prope
699 1549 783 1590 iam
815 1563 903 1590 esse
929 1548 1137 1603 depulsos
1167 1562 1254 1588 non
1278 1561 1356 1588 nos
1383 1546 1472 1601 qui-

80 1619 116 1646 25
136 1607 230 1648 dem
255 1611 302 1649 ut
326 1610 494 1650 nostrae
521 1608 741 1664 dignitatis
761 1608 892 1648 simus
918 1607 1053 1661 obliti,
1085 1606 1158 1647 sed
1175 1608 1223 1647 ut
1241 1605 1472 1647 habeamus

132 1666 341 1707 rationem
378 1667 602 1720 aliquando
641 1667 769 1707 etiam
807 1666 965 1707 salutis.
1032 1664 1207 1707 Poterat
1244 1666 1472 1718 utrumque

132 1724 356 1779 praeclare,
387 1725 423 1765 si
454 1728 562 1766 esset
593 1725 707 1779 fides,
741 1725 776 1765 si
807 1725 994 1780 gravitas
1024 1724 1069 1764 in
1099 1723 1345 1765 hominibus
1378 1737 1474 1763 con-

133 1783 362 1837 sularibus,
407 1783 479 1823 sed
514 1785 632 1824 tanta
669 1786 731 1824 est
769 1783 813 1823 in
851 1783 1064 1837 plerisque
1099 1782 1271 1836 levitas,
1317 1784 1364 1822 ut
1401 1795 1473 1822 eos

132 1856 219 1882 non
243 1844 331 1882 tam
357 1841 592 1882 constantia
616 1841 661 1882 in
691 1855 735 1882 re
760 1841 930 1895 publica
954 1843 1099 1882 nostra
1125 1840 1314 1893 delectet,
1347 1854 1473 1893 quam

79 1912 114 1938 30
133 1900 331 1955 splendor
363 1899 556 1940 offendat.
619 1899 741 1948 Quod
766 1914 814 1940 eo
838 1899 1015 1940 liberius
1041 1899 1093 1939 ad
1117 1901 1159 1939 te
1190 1895 1345 1951 scribo,
1374 1897 1473 1951 quia

131 1973 217 2000 non
249 1959 385 1999 solum
416 1957 679 2011 temporibus
709 1957 793 2011 his,
833 1972 939 2011 quae
975 1972 1051 2011 per
1086 1959 1129 1997 te
1160 1971 1253 1997 sum
1285 1955 1472 2010 adeptus,

132 2017 205 2058 sed
234 2017 319 2058 iam
351 2016 454 2057 olim
478 2015 666 2056 nascenti
691 2029 823 2069 prope
853 2017 1022 2056 nostrae
1047 2015 1162 2055 laudi
1189 2013 1472 2069 dignitatique

131 2075 286 2130 favisti,
319 2075 527 2129 simulque
561 2074 675 2128 quod
705 2073 826 2114 video
852 2087 949 2127 non,
982 2076 1029 2114 ut
1055 2072 1231 2113 antehac
1256 2071 1471 2126 putabam,

131 2133 312 2175 novitati
350 2148 438 2174 esse
476 2133 660 2174 invisum
690 2146 824 2187 meae3
865 2131 910 2172 in
940 2134 981 2172 te
1013 2131 1142 2185 enim,
1180 2130 1352 2171 homine
1385 2144 1471 2171 om-

80 2203 113 2230 35
132 2192 252 2233 nium
294 2192 577 2246 nobilissimo,
628 2190 783 2231 similia
826 2190 1068 2230 invidorum
1115 2189 1221 2230 vitia
1262 2189 1470 2243 perspexi,

134 2265 259 2305 quem
289 2252 432 2291 tamen
468 2250 533 2291 illi
572 2263 661 2290 esse
693 2249 737 2289 in
768 2248 1032 2303 principibus
1063 2248 1186 2289 facile
1217 2249 1316 2288 sunt
1346 2248 1471 2302 passi,

133 2309 298 2350 evolare
324 2309 450 2350 altius
476 2310 586 2350 certe
611 2307 850 2349 noluerunt.
893 2306 1063 2348 Gaudeo
1084 2308 1202 2347 tuam
1222 2305 1472 2347 dissimilem
