1659 2552
644 73 785 108 LIBER
810 74 842 107 X
868 78 1016 108 111-111.
1421 76 1503 116 277

169 165 252 208 11111
278 169 480 222 quattuor
504 170 545 208 et
571 168 725 223 viginti
757 169 892 210 millia
923 183 1070 224 passus
1102 170 1231 224 abest,
1265 170 1406 224 ibique
1439 186 1505 212 me

171 229 411 280 exspectare
437 227 668 281 constituit,
701 242 826 281 quem
858 228 910 268 ad
946 229 1119 269 modum
1152 228 1239 282 ipse
1272 229 1377 270 mihi
1409 231 1506 270 scri-

170 285 265 339 psit.
308 284 466 334 Quodsi
494 286 635 326 omnia
659 286 764 327 mihi
792 287 956 342 integra
982 289 1023 328 et
1048 287 1136 341 ipse
1163 290 1204 327 et
1229 288 1399 328 fortuna
1425 303 1506 329 ser—

171 343 291 398 varit,
322 344 479 398 recipio
506 344 627 385 vobis
653 345 844 386 celeriter
874 360 941 386 me
966 346 1185 401 negotium
1217 360 1268 386 ex
1300 348 1506 387 sententia

135 414 151 439 5
171 403 471 443 confecturum.
533 402 724 444 Fratrem
764 418 904 445 meum
942 404 1120 445 assiduis
1156 404 1374 445 laboribus
1412 419 1505 445 con-

171 461 563 515 cursationibusque
595 463 832 503 confectum
863 463 1049 518 graviter
1080 477 1122 504 se
1156 463 1353 504 habuisse
1385 466 1507 504 antea

170 520 250 561 tibi
291 520 449 574 scripsi.
512 519 595 561 Sed
630 524 788 574 tamen,
829 535 924 562 cum
960 522 1145 575 primum
1182 536 1304 576 posse
1341 522 1506 577 ingredi

171 579 320 633 coepit,
351 594 437 620 non
462 579 598 634 magis
624 580 706 620 sibi
732 594 857 633 quam
878 580 938 621 rei
957 596 995 634 p.
1016 595 1058 621 se
1079 580 1339 621 convaluisse
1366 581 1507 621 existi-

170 652 288 678 mans
320 638 373 678 ad
404 638 545 678 omnia
582 638 767 692 pericula
803 639 997 693 princeps
1029 653 1116 680 esse
1153 653 1239 680 non
1276 639 1505 680 recusabat.

118 710 151 732 10
172 695 253 737 Sed
291 711 369 752 ego
407 711 503 737 eum
539 710 625 737 non
657 697 794 738 solum
824 697 1019 738 hortatus
1051 712 1160 751 sum,
1201 712 1348 739 verum
1379 698 1505 739 etiam

171 755 289 810 coe'gi
316 755 397 795 isto
429 755 650 809 proficisci,
683 756 796 810 quod
821 759 862 796 et
888 756 961 796 illa
986 757 1225 797 valetudine
1250 757 1386 812 magis
1412 771 1507 797 con-

170 814 293 854 ficere
331 828 373 854 se
415 829 541 867 quam
572 828 639 855 me
670 814 813 855 iuvare
850 818 991 868 posset
1028 815 1071 855 in
1109 815 1273 869 castris,
1315 818 1355 856 et
1393 815 1506 869 quod

171 872 441 913 acerbissimo
466 873 642 914 inteiitu
668 873 887 914 consulum
912 888 1001 914 10111
1025 889 1063 928 p.
1090 874 1290 914 nudatam
1315 873 1390 914 tali
1417 874 1506 914 cive

170 934 363 985 praetore
389 931 432 971 in
458 931 631 972 urbanis
658 932 809 972 officiis
836 932 1024 987 indigere
1044 932 1348 973 existimabam.
1385 931 1507 981 Quod

119 1001 152 1026 15
171 990 206 1030 si
239 990 311 1044 qui
342 993 530 1031 vestrum
554 1004 640 1031 non
664 990 875 1044 probabit,
906 990 1012 1031 mihi
1042 991 1309 1045 prudentiam
1336 991 1379 1031 in
1412 1005 1506 1031 con-

171 1048 266 1089 silio
305 1048 485 1089 defuisse
523 1049 643 1103 scia-t,
680 1063 765 1089 non
802 1049 865 1089 1111
897 1063 997 1104 erga
1036 1050 1217 1103 patriam
1248 1049 1505 1090 fidelitatem.

170 1107 354 1161 Lepidus
385 1110 538 1161 tamen,
571 1108 684 1161 quod
715 1121 793 1162 ego
820 1107 1124 1161 desiderabam,
1156 1108 1276 1161 fecit,
1308 1110 1355 1148 ut
1380 1107 1505 1161 Apel-

170 1166 255 1206 lam
287 1166 339 1206 ad
369 1181 435 1207 me
466 1166 666 1220 mitteret,
698 1180 781 1220 quo
808 1166 953 1207 obside
984 1167 1083 1207 fidei
1115 1166 1229 1207 illius
1261 1168 1302 1207 et
1334 1167 1505 1207 societa-

170 1225 226 1265 tis
246 1225 290 1265 in
310 1239 354 1266 re
379 1240 417 1278 p.
439 1225 771 1265 administranda
796 1227 946 1265 uterer.
986 1223 1036 1265 In
1057 1239 1105 1265 ea
1124 1240 1167 1265 re
1188 1225 1375 1266 studium
1400 1224 1505 1265 mihi

119 1296 152 1320 20
172 1298 295 1324 suum
308 1282 353 1323 L.
370 1282 530 1324 Gellius
550 1284 579 1337 †
600 1284 649 1324 de
668 1283 806 1324 tribus
826 1283 1029 1324 fratribus
1043 1282 1277 1339 Segaviano
1298 1283 1506 1337 probavit,

171 1357 255 1397 quo
293 1356 372 1398 ego
412 1342 642 1396 interprete
679 1342 905 1383 novissime
946 1342 999 1382 ad
1033 1341 1240 1396 Lepidum
1272 1356 1364 1382 sum
1396 1356 1506 1382 usus.

170 1401 368 1442 Amicum
395 1415 490 1442 eum
516 1401 576 1441 rei
602 1416 640 1455 p.
661 1415 864 1456 cognosse
889 1400 1036 1441 videor
1059 1401 1324 1454 libenterque
1351 1400 1389 1440 ei
1415 1415 1507 1440 sum

170 1459 416 1501 testimonio
454 1462 495 1500 et
537 1460 733 1500 omnibus
765 1473 853 1513 ero,
891 1459 963 1513 qui
1001 1459 1107 1500 bene
1139 1461 1364 1500 merentur.
1425 1458 1509 1499 Fac

171 1519 310 1559 valeas
344 1532 495 1572 meque
532 1521 680 1559 mutuo
720 1518 871 1573 diligas
913 1517 1246 1573 dignitatemque
1277 1532 1431 1571 meam,
1473 1517 1507 1557 si

119 1588 152 1613 25
171 1591 347 1631 mereor⁷
371 1577 540 1631 tuearis,
567 1577 676 1618 sicut
701 1576 837 1617 adhuc
862 1576 1067 1632 singulari
1094 1591 1189 1617 cum
1215 1576 1509 1618 benevolentia

172 1635 320 1676 fecisti.

763 1738 920 1780 XVIII.

416 1819 492 1855 Ser.
521 1820 560 1854 in
584 1820 712 1854 castris
738 1819 816 1852 XV
840 1819 888 1853 K.
914 1819 998 1854 Iun.
1026 1831 1058 1854 a.
1083 1822 1148 1853 711
1172 1820 1262 1862 (43).

602 1899 818 1934 PLANCUS
845 1899 1077 1935 CICERONI.

121 1998 153 2023 30
260 1984 371 2034 Quid
410 1985 454 2025 111
495 1983 634 2024 animo
675 1983 913 2038 habuerim,
955 1998 1049 2024 cum
1086 1983 1249 2024 Laevus
1284 1983 1509 2038 Nervaque

175 2044 454 2085 discesserunt
486 2058 509 2083 a
539 2057 618 2096 1110,
650 2045 691 2082 et
723 2057 773 2083 ex
803 2042 974 2096 litteris,
1008 2056 1111 2095 quas
1143 2042 1202 2082 eis
1235 2042 1347 2095 dedi,
1385 2045 1426 2082 et
1458 2057 1509 2083 ex

173 2103 276 2157 ipsis
308 2116 559 2158 cognoscere
590 2100 779 2155 potuisti,
815 2101 887 2154 qui
920 2101 1116 2141 omnibus
1148 2100 1274 2141 rebus
1306 2100 1509 2141 consiliis-

174 2176 254 2215 que
284 2162 389 2202 meis
419 2160 712 2201 interfuerunt.
762 2159 929 2199 Accidit
954 2159 1071 2213 mihi,
1104 2159 1218 2212 quod
1247 2159 1411 2200 homini
1435 2174 1510 2213 pu-

174 2220 289 2261 denti
321 2222 362 2261 et
394 2219 545 2273 cupido
578 2218 679 2258 satis
709 2217 890 2258 faciendi
922 2218 982 2258 rei
1007 2233 1045 2271 p.
1073 2217 1279 2271 bonisque
1312 2217 1509 2258 omnibus

120 2289 153 2315 35
173 2279 358 2319 accidere
379 2278 496 2332 solet,
529 2279 574 2318 ut
595 2276 817 2317 consilium
837 2290 1033 2330 sequerer
1051 2276 1335 2330 periculosum
1361 2277 1509 2332 magiS‚

1532 417 1551 446 [θ
