1659 2552
567 105 709 139 LIBER
733 105 783 139 VI
811 109 866 150 11,
893 109 948 140 12.
1215 114 1218 118 ·
1358 106 1441 148 159

97 201 382 256 intercedunt,
424 201 679 255 quibuscum
719 215 798 257 ego
837 215 960 256 agere
999 200 1049 241 de
1086 202 1128 241 te
1165 214 1251 242 non
1284 201 1445 258 destiti3

98 261 333 316 principem
359 263 501 301 tamen
520 260 748 301 habuimus
767 259 960 314 Pansam,
986 259 1050 300 tui
1074 259 1444 315 studiosissimum,

97 320 181 361 mei
213 319 424 373 cupidum,
457 319 529 373 qui
555 319 713 360 valeret
740 318 852 372 apud
876 318 998 359 illum
1023 332 1109 359 non
1134 318 1276 359 minus
1305 321 1445 360 aucto-

99 378 224 419 ritate
257 392 384 432 quam
415 378 563 433 gratia.
628 377 800 418 Cimber
831 380 972 418 autem
1003 376 1156 418 Tillius
1181 377 1288 418 mihi
1319 378 1444 432 plane

45 451 62 477 5
99 437 201 478 satis
232 437 343 478 fecit.
388 435 544 477 Valent
569 439 713 477 tamen
738 436 850 490 apud
876 434 1096 477 Caesarem
1127 450 1214 477 non
1239 438 1328 476 tam
1360 451 1445 477 am-

97 496 278 537 bitiosae
297 495 541 551 rogationes
561 509 687 549 quam
706 495 979 549 necessariae3
1007 509 1133 549 quam
1154 495 1253 549 quia
1274 494 1446 536 Cimber

97 554 299 607 habebat,
339 554 435 608 plus
466 554 617 608 valuit,
650 568 777 608 quam
807 568 884 608 pro
916 553 1004 594 ullo
1037 553 1120 594 alio
1152 554 1291 594 valere
1322 556 1445 608 potu-

98 614 210 654 isset.
272 612 474 667 Diploma
504 612 648 653 statim
685 627 771 653 non
809 615 871 653 est
910 612 1071 666 datum,
1113 613 1228 666 quod
1261 612 1441 653 mirifica

99 675 162 713 est
202 672 455 726 improbitas
495 671 540 712 in
580 671 854 725 quibusdam,
899 671 971 724 qui
1012 671 1209 712 tulissent
1250 671 1442 712 acerbius

48 744 81 770 10
100 731 268 772 veniam
299 730 380 771 tibi
413 730 521 783 dari,
560 745 686 784 quam
717 730 782 770 illi
814 730 1028 784 appellant
1060 730 1224 771 ‘tubam
1255 730 1357 771 belli
1390 730 1444 771 ci-

98 790 229 844 vilis’,
261 789 479 843 multaque
510 789 570 829 ita
602 789 758 842 dicunt,
791 789 911 844 quasi
940 803 1027 829 non
1052 789 1264 844 gaudeant
1289 789 1333 829 id
1357 789 1444 829 bel-

98 848 188 888 lum
231 848 438 888 incidisse.
513 846 649 896 Quare
692 848 831 888 visum
875 849 938 888 est
983 847 1188 888 occultius
1232 848 1443 903 agendum

98 921 234 961 neque
265 907 354 947 ullo
390 906 518 947 modo
551 906 855 961 divulgandum
888 906 938 946 de
969 908 1010 946 te
1049 906 1133 946 iam
1166 921 1254 947 esse
1286 906 1444 960 perfec-

100 969 209 1019 tum3
241 965 314 1006 sed
344 964 388 1005 id
419 964 500 1005 erit
530 965 738 1019 perbrevi,
771 979 848 1005 nec
880 964 1040 1018 dubito,
1074 965 1177 1019 quin
1202 965 1370 1020 legente
1402 967 1443 1006 te

47 1038 82 1063 15
99 1024 175 1065 has
205 1023 369 1064 litteras
400 1023 590 1064 confecta
620 1023 705 1064 iam
730 1038 796 1064 res
821 1024 966 1064 futura
996 1023 1061 1064 sit.
1104 1023 1242 1064 Pansa
1273 1023 1444 1078 quidem

99 1082 222 1137 mihi,
259 1082 402 1138 gravis
438 1082 567 1123 homo
600 1084 641 1122 et
673 1084 828 1136 certus,
869 1096 955 1122 non
994 1082 1132 1122 solum
1164 1082 1443 1135 confirmavit,

98 1156 247 1182 verum
278 1141 406 1181 etiam
431 1141 589 1195 recepit
612 1141 882 1194 perceleriter
907 1155 950 1181 se
976 1140 1218 1182 ablaturum
1245 1141 1442 1195 diploma.

98 1200 207 1241 Mihi
238 1202 381 1240 tamen
410 1199 571 1253 placuit
606 1199 710 1240 haec
741 1199 794 1240 ad
823 1202 865 1240 te
896 1199 1119 1254 perscribi3
1157 1200 1297 1240 minus
1330 1199 1443 1240 enim

99 1262 142 1299 te
172 1259 344 1299 firmum
375 1272 512 1299 sermo
544 1257 778 1312 Eppuleiae
815 1261 912 1298 tuae
950 1258 1231 1313 lacrimaeque
1263 1258 1443 1312 Ampiae

48 1331 82 1356 20
102 1317 381 1371 declarabant,
414 1331 541 1371 quam
572 1317 814 1372 significant
845 1318 943 1357 tuae
975 1316 1161 1371 litterae,
1193 1319 1320 1371 atque
1346 1317 1443 1357 illae

100 1376 429 1430 arbitrabantur,
461 1389 557 1416 cum
589 1390 612 1416 a
642 1378 684 1416 te
717 1376 911 1416 abessent
941 1375 1074 1429 ipsae,
1105 1376 1242 1417 multo
1274 1376 1320 1416 in
1350 1390 1444 1431 gra-

100 1435 217 1476 viore
257 1437 299 1475 te
340 1449 439 1475 cura
478 1435 680 1475 futurum.
753 1434 890 1483 Quare
929 1449 1086 1490 magno
1128 1449 1253 1489 opere
1293 1436 1444 1487 referre

99 1493 246 1548 putavi
278 1493 448 1548 angoris
480 1495 522 1534 et
554 1493 712 1534 doloris
748 1493 813 1534 tui
852 1493 1021 1534 levandi
1053 1507 1176 1534 causa
1206 1507 1285 1548 pro
1318 1493 1443 1534 certis

102 1552 154 1592 ad
183 1555 226 1592 te
258 1566 316 1605 ea,
348 1566 454 1605 quae
486 1555 624 1592 essent
657 1554 780 1606 certa,
811 1552 1028 1606 perscribi.

49 1622 82 1648 25
191 1609 282 1650 Scis
305 1625 372 1650 me
399 1612 521 1650 antea
546 1610 606 1651 sic
631 1610 806 1651 solitum
832 1625 920 1651 esse
952 1610 1135 1651 scribere
1155 1611 1208 1651 ad
1226 1613 1279 1665 te,
1306 1610 1443 1665 magis

102 1671 149 1709 ut
181 1668 420 1709 consolarer
449 1669 605 1709 fortem
635 1669 775 1710 virum
807 1671 933 1723 atque
965 1669 1210 1723 sapientem,
1243 1684 1370 1723 quam
1397 1672 1444 1709 ut

103 1727 365 1781 exploratam
401 1741 518 1780 spem
555 1727 703 1767 salutis
744 1728 1008 1768 ostenderem
1044 1727 1127 1768 nisi
1165 1742 1274 1783 eam,
1316 1742 1443 1781 quam

103 1785 156 1826 ab
187 1785 279 1839 ipsa
309 1799 353 1825 re
383 1800 440 1839 p.,
479 1799 574 1825 cum
603 1785 674 1826 hic
705 1786 831 1826 ardor
861 1785 1087 1826 restinctus
1119 1789 1244 1840 esset,
1283 1786 1444 1840 sperari

104 1846 298 1898 oportere
331 1857 552 1884 censerem.
613 1843 850 1884 Recordare
881 1846 975 1884 tuas
1006 1844 1182 1899 litteras,
1215 1844 1370 1898 quibus
1402 1847 1444 1884 et

50 1916 84 1941 30
102 1917 306 1958 magnum
336 1902 525 1942 animum
555 1901 661 1942 mihi
699 1916 864 1955 semper
895 1902 1116 1943 ostendisti
1148 1905 1189 1943 et
1221 1902 1275 1943 ad
1305 1902 1443 1955 omnis

104 1976 222 2002 casus
253 1961 448 2002 ferendos
480 1962 744 2001 constantem
775 1974 822 2000 ac
851 1963 1058 2014 paratum.
1105 1960 1228 2009 Quod
1253 1975 1331 2016 ego
1357 1975 1445 2001 non

102 2020 305 2073 mirabar,
347 2033 444 2060 cum
484 2019 726 2059 recordarer
767 2021 809 2059 te
847 2021 888 2060 et
926 2034 950 2059 a
988 2019 1138 2072 primis
1178 2019 1444 2072 temporibus

103 2079 253 2120 aetatis
283 2079 328 2119 in
359 2093 404 2119 re
439 2093 478 2132 p.
512 2091 600 2118 6336
631 2079 845 2119 versatum
882 2079 923 2118 et
959 2080 1056 2118 tuos
1092 2077 1368 2133 magistratus
1399 2077 1444 2118 in

103 2138 194 2192 ipsa
234 2136 477 2178 discrimina
519 2136 715 2176 incidisse
757 2136 904 2176 salutis
940 2136 1292 2190 fortunarumque
1333 2150 1444 2177 com-

51 2207 84 2233 35
102 2196 296 2237 munium
327 2198 369 2236 et
399 2195 445 2236 in
473 2195 555 2235 hoc
586 2195 725 2248 ipsum
756 2194 916 2235 bellum
948 2209 1035 2235 esse
1067 2194 1325 2250 ingressum,
1356 2208 1444 2235 non

104 2255 242 2296 solum
271 2256 320 2295 ut
343 2253 481 2295 victor
511 2253 671 2308 beatus,
703 2253 776 2294 sed
806 2253 933 2293 etiam
964 2255 1022 2307 ut,
1055 2253 1090 2293 si
1121 2253 1181 2293 ita
1212 2253 1443 2307 accidisset,

103 2313 240 2355 victus
289 2312 454 2368 sapiens
503 2326 623 2354 esses.
696 2311 880 2366 Deinde,
936 2325 1031 2352 cum
1080 2311 1269 2353 studium
1318 2314 1441 2353 tuum
1467 2321 1488 2353 5
