1659 2552
133 189 152 219 3

184 81 270 122 540
327 81 667 116 EPISTULARUM
692 81 756 115 AD
786 81 944 122 QUINT.
972 80 1145 116 FRATR.
1176 80 1319 114 LIBER
1344 81 1378 115 Π
1405 84 1459 116 15.

270 176 362 226 Quo
402 176 467 217 die
504 176 607 218 haec-
645 177 811 230 scripsi‚
848 176 1013 218 Drusus
1053 180 1142 218 erat
1180 176 1230 217 de
1267 175 1525 231 praevarica-

180 236 296 276 tione
328 251 351 276 a
382 235 567 276 tribunis
599 235 771 276 aerariis
803 235 1024 276 absolutus
1056 235 1099 276 in
1132 250 1297 276 summa
1323 237 1525 289 quattuor

180 294 412 348 sententiis,
445 308 540 335 cum
573 297 786 335 senatores
819 296 860 335 et
892 295 1056 348 equites
1089 294 1367 335 damnassent.
1428 292 1523 349 Ego

179 353 326 394 eodem
365 353 431 394 die
468 355 564 407 post
602 353 822 393 meridiem
854 351 1075 394 Vatinium
1113 368 1227 394 eram
1266 352 1523 393 defensurus.

179 411 243 452 Ea
280 427 346 453 res
389 412 526 452 facilis
564 414 636 452 est.
701 410 884 452 Comitia
921 412 965 452 in
1005 426 1192 452 mensem
1231 409 1524 466 Septembrem
1561 424 1578 449 5

179 471 334 512 reiecta
366 474 474 512 sunt.
539 469 685 511 Scauri
722 470 926 511 iudicium
966 471 1109 511 statim
1142 470 1425 525 exercebitur,
1457 469 1524 511 cui

178 544 256 571 nos
282 544 367 570 non
395 530 614 570 deerimus,
677 529 1003 578 ςΣυνὸείπνους
1035 528 1348 583 Σοφοκλέουςζ
1381 543 1524 583 quam-

179 603 306 643 quam
338 603 361 629 a
398 591 440 629 te
477 590 631 629 factam
670 588 868 629 fabellam
907 588 1028 629 video
1068 602 1156 629 esse
1197 588 1365 642 festive,
1405 587 1524 628 nullo

179 647 306 688 modo
338 647 528 701 probavi.

269 706 406 747 Venio
443 720 556 746 nunc
592 705 644 746 ad
681 705 744 759 id,
787 705 900 759 quod
939 706 1080 746 nescio
1119 720 1171 746 an
1211 705 1397 759 primum
1435 718 1523 745 esse
1543 718 1576 743 10

181 765 385 805 debuerit.
448 763 482 805 O
515 764 718 805 iucundas
749 765 856 805 mihi
887 767 982 805 tuas
1014 765 1063 805 de
1088 763 1311 804 Britannia
1341 763 1522 804 litteras!

179 823 400 864 Timebam
444 822 678 877 Oceanum,
725 823 929 864 timebam
976 823 1078 864 litus
1128 823 1310 877 insulae3
1360 822 1524 877 reliqua

178 897 264 923 non
296 882 491 937 equidem
533 885 777 937 contemno,
820 883 892 923 sed
927 882 1023 936 plus
1059 881 1218 922 habent
1255 884 1397 922 tamen
1433 881 1523 935 spei

179 956 306 995 quam
331 941 511 996 timoris,
536 942 757 996 magisque
784 956 876 981 sum
904 941 1112 982 sollicitus
1138 939 1450 994 exspectatione
1476 954 1524 980 ea

180 1015 305 1054 quam
350 1003 476 1041 metu.
545 999 604 1041 Te
648 1014 747 1041 vero
791 1000 1008 1041 ὑπόθεσιν
1052 999 1263 1040 scribendi
1307 998 1522 1054 egregiam
1543 1010 1576 1035 15

178 1059 334 1100 habere
366 1059 499 1100 video.
562 1058 677 1108 Quos
713 1061 761 1099 tu
799 1059 921 1112 situs,
960 1073 1064 1113 quas
1099 1061 1272 1098 naturas
1308 1072 1449 1098 rerum
1481 1060 1523 1098 et

177 1118 381 1172 locorum,
414 1132 519 1172 quos
544 1132 695 1171 mores,
728 1132 831 1171 quas
862 1120 1022 1173 gentes,
1055 1132 1158 1171 quas
1189 1130 1364 1172 pugnas,
1397 1130 1522 1170 quem

178 1192 277 1218 vero
310 1177 450 1231 ipsum
482 1177 782 1230 imperatorem
818 1176 965 1217 habes!
1028 1176 1122 1232 Ego
1160 1178 1201 1216 te
1238 1175 1438 1229 libenter,
1475 1177 1522 1215 ut

179 1250 315 1291 rogas7
349 1235 503 1289 quibus
534 1235 660 1276 rebus
692 1235 767 1290 vis,
800 1235 1008 1275 adiuvabo
1043 1237 1083 1275 et
1115 1234 1195 1275 tibi
1227 1248 1384 1288 versus,
1416 1247 1522 1288 quos

133 1306 144 1331 f
179 1309 315 1349 rogaS‚
334 1294 416 1335 hoc
436 1297 499 1334 est
525 1293 766 1335 ‘Athenas
791 1294 1065 1347 noctuam'‚-
1086 1293 1264 1333 mittam.
1311 1291 1394 1333 Sed
1417 1291 1522 1333 heus
1541 1304 1574 1328 20

178 1355 242 1393 tu!
282 1353 407 1393 celari
445 1353 592 1393 videor
630 1368 653 1393 a
690 1355 741 1393 te.
805 1352 1146 1405 Quomodonam,
1186 1351 1245 1391 mi
1283 1351 1429 1405 frater,
1472 1350 1521 1391 de

178 1412 335 1452 nostris
366 1411 558 1452 versibus
591 1410 774 1452 Caesar?
833 1410 945 1451 Nam
985 1410 1171 1464 primum
1202 1409 1360 1449 librum
1393 1423 1435 1450 se
1465 1408 1522 1450 le-

178 1470 290 1525 gisse
322 1469 491 1523 scripsit
523 1469 575 1509 ad
605 1484 672 1510 me
705 1471 800 1510 ante
827 1471 868 1509 et
899 1469 1037 1523 prima
1062 1469 1132 1522 310,
1164 1471 1211 1508 ut
1242 1471 1368 1523 neget
1400 1482 1443 1509 se
1469 1482 1521 1509 ne

181 1528 338 1569 Graeca
379 1528 549 1582 quidem
590 1528 765 1568 meliora
809 1528 978 1583 legisse3
1023 1527 1185 1581 reliqua
1222 1526 1275 1567 ad
1312 1526 1521 1580 quendam

178 1587 318 1627 locum
350 1587 651 1642 ρᾳθυμότεραε
683 1586 764 1627 hoc
796 1586 908 1627 enim
940 1586 1076 1626 utitur
1106 1585 1247 1626 verbo.
1309 1584 1389 1626 Dic
1414 1584 1521 1626 mihi
1541 1595 1574 1620 25

178 1661 345 1700 verum,
377 1660 479 1686 num
511 1649 583 1686 aut
615 1659 680 1686 res
713 1660 808 1686 eum
840 1647 913 1686 aut
944 1645 1163 1699 χαρακτὴρ
1194 1658 1280 1685 11011
1313 1644 1520 1685 delectat?

178 1704 301 1745 Nihil
341 1707 423 1758 est⁷
471 1704 584 1758 quod
621 1718 810 1746 101031οε
851 1718 930 1759 ego
975 1704 1087 1744 enim
1127 1717 1179 1743 ne
1219 1702 1307 1757 pilo
1351 1702 1521 1757 quidem

179 1764 319 1804 minus
350 1777 417 1804 me
451 1762 612 1803 amabo.
675 1762 766 1803 Hac
800 1755 848 1803 de
882 1776 925 1803 10
959 1765 1217 1816 φιλαληθῶς
1249 1764 1308 1816 et,
1339 1764 1388 1802 ut
1412 1761 1521 1803 soles

180 1822 380 1877 scribere,
412 1822 608 1863 fraterne.
