1659 2552
575 87 718 122 LIBER
742 87 827 122 XIII
853 91 1005 122 48—51.
1380 88 1467 129 405

768 229 815 271 L.

333 311 407 347 Ser.
436 311 572 346 Romae
593 315 676 355 post
702 312 788 345 med.
815 321 860 345 m.
888 310 971 345 Ian.
998 322 1031 345 a.
1060 312 1132 345 710
1164 312 1243 354 (44)

545 392 715 427 CICERO
743 392 776 427 S.
802 392 845 427 D.
873 391 1042 426 ACILIO.

211 476 380 531 Sumpsi
406 477 488 518 hoc
512 477 619 517 mihi
650 491 727 530 pro
760 479 833 517 tua
858 476 902 516 in
933 490 1001 517 me
1027 477 1306 531 opservantia,
1340 491 1466 531 quam

87 549 102 572 5
120 536 290 591 penitus
321 536 530 590 perspexi,
564 550 691 601 quam
724 535 795 576 diu
827 534 1029 575 Brundisi
1061 535 1230 590 fuimus,
1264 538 1311 576 ut
1343 535 1395 576 ad
1426 538 1468 576 te

120 594 390 636 familiariter
421 597 462 635 et
495 595 614 648 quasi
645 608 724 648 pio
756 608 851 635 meo
883 594 974 634 iure
1007 570 1251 648 scriberem,
1293 594 1329 634 si
1362 609 1468 660 quae

120 668 187 695 res
225 656 351 708 esset,
393 653 442 694 de
483 668 566 707 qua
603 653 724 694 valde
761 652 1010 694 laborarem
1072 651 1140 693 M’.
1180 652 1353 707 Curius,
1395 653 1468 707 qui

119 712 259 753 Patris
285 712 540 767 negotiatur,
572 712 633 752 ita
651 712 758 752 mihi
779 711 1001 752 familiaris
1027 713 1101 765 est,
1134 714 1180 752 ut
1199 712 1309 752 nihil
1332 712 1469 766 possit

121 786 209 813 esse
242 771 519 812 coniunctius.
581 771 718 811 Multa
750 770 865 811 illius
898 771 941 810 in
973 785 1040 810 me
1074 770 1226 825 officia,
1257 771 1392 811 multa
1424 771 1469 811 in

68 844 101 868 ιο
120 830 242 871 11111111
274 844 384 884 11163,
426 830 623 884 quodque
654 830 888 870 maximum
921 831 995 883 est,
1027 843 1217 870 summus
1248 829 1360 870 inter
1390 843 1468 871 nos

121 903 240 930 amor
265 891 307 929 et
331 891 515 929 mutuus.
578 887 692 937 Quae
719 903 814 929 611111
846 888 906 928 ita
937 888 1033 942 sint,
1065 888 1101 928 si
1127 888 1258 929 ullam
1289 888 1335 929 in
1367 888 1468 929 ami-

121 948 221 989 citia
258 962 351 989 mea
390 962 506 1001 spem
547 947 697 1001 habes,
740 948 774 988 si
813 961 879 1000 ea,
922 961 1027 1000 quae
1066 947 1111 987 in
1147 962 1214 987 me
1254 947 1394 988 officia
1426 949 1468 988 et

121 1007 260 1047 studia
291 1006 492 1046 Brundisi
523 1006 752 1060 contulisti,
785 1006 848 1046 vis
880 1005 987 1046 mihi
1013 1005 1141 1046 etiam
1167 1006 1355 1061 gratiora
1381 1006 1470 1047 effi-

122 1079 213 1106 cere
247 1064 523 1121 (quamquam
556 1067 653 1105 sunt
685 1062 959 1120 gratissima),
996 1064 1031 1104 si
1062 1079 1130 1105 me
1163 1079 1186 1104 a
1218 1064 1303 1105 tuis
1336 1064 1470 1105 omni-

68 1135 102 1160 15
121 1124 201 1165 bus
240 1124 372 1164 amari
404 1123 540 1177 vides,
581 1123 662 1164 hoc
699 1123 806 1164 mihi
845 1123 896 1163 da
934 1125 1060 1177 atque
1097 1123 1274 1178 largire,
1315 1125 1362 1163 ut
1399 1122 1467 1164 M’.

123 1182 299 1224 Curium
332 1183 514 1223 ‘sartum
547 1184 587 1222 et
618 1183 811 1236 tectum',
847 1184 894 1222 ut
927 1182 1056 1235 aiunt,
1089 1182 1141 1222 ab
1175 1182 1375 1236 omnique
1407 1182 1469 1222 in-

121 1240 361 1295 commodo,
395 1241 666 1295 detrimento,
698 1240 894 1281 molestia
926 1240 1136 1281 sincerum
1168 1240 1468 1296 integrumque

122 1314 353 1342 conserves.
415 1299 471 1340 Et
503 1300 593 1353 ipse
620 1299 818 1353 spondeo,
850 1302 891 1340 et
918 1313 1063 1340 omnes
1087 1299 1170 1340 hoc
1195 1299 1275 1339 tibi
1301 1299 1364 1340 tui
1390 1313 1468 1353 pro

120 1373 188 1400 me
219 1358 435 1413 recipient,
468 1372 519 1399 ex
549 1373 643 1399 mea
675 1358 862 1398 amicitia
894 1360 935 1398 et
967 1372 1018 1398 ex
1049 1360 1124 1398 tuo
1156 1358 1200 1398 in
1231 1372 1299 1398 me
1326 1358 1468 1398 officio

70 1429 102 1454 20
120 1418 355 1458 maximum
379 1419 421 1457 tc
447 1417 634 1458 fructum
660 1431 951 1470 summamque
971 1416 1236 1470 voluptatem
1263 1431 1351 1458 esse
1377 1430 1470 1471 cap-

121 1479 277 1518 turum.
339 1474 459 1517 Vale.

762 1580 830 1622 LI.

525 1660 597 1695 Ser.
625 1661 699 1695 loco
731 1665 763 1695 et
793 1671 892 1695 armo
920 1661 1068 1696 incerto.

513 1741 682 1776 CICERO
708 1741 746 1776 P.
775 1740 942 1776 CAESIO
970 1741 1003 1776 S.
1029 1741 1073 1776 D.

72 1837 105 1863 215
211 1823 258 1866 P.
289 1824 557 1878 Messienum,
590 1824 776 1878 equitem
808 1823 857 1864 R..
885 1824 1082 1865 omnibus
1114 1824 1240 1865 rebus
1273 1826 1470 1865 ornatum

124 1898 349 1937 meumque
387 1883 734 1937 perfamiliarem,
774 1882 855 1923 tibi
894 1882 1142 1923 commendo
1181 1897 1229 1923 ea
1261 1896 1470 1923 commen-

126 1943 306 1996 datione,
339 1956 444 1995 quae
476 1944 616 1995 potest
642 1955 730 1982 6336
764 1940 1099 1996 diligentissima.
1161 1940 1266 1981 Peto
1299 1955 1323 1981 3
1354 1943 1395 1981 te
1428 1943 1471 1981 et

124 2016 202 2056 pro
233 2003 379 2042 nostra
416 2002 457 2040 et
493 2014 571 2053 pro
608 2002 784 2053 paterna
821 2000 1024 2054 amicitia,
1062 2002 1110 2041 ut
1148 2013 1244 2039 eum
1276 1999 1320 2039 in
1351 2001 1470 2040 tuam

124 2060 252 2101 fidem
284 2059 460 2113 recipias
494 2058 673 2123 eiusque
698 2072 786 2098 rem
826 2058 1066 2112 famamque
1099 2061 1253 2098 tueare.
1314 2056 1470 2098 Virum

73 2130 107 2155 30
125 2118 285 2159 bonum
322 2121 478 2171 tuaque
516 2116 702 2157 amicitia
741 2116 916 2172 dignum
954 2117 1034 2157 tibi
1072 2116 1315 2157 adjunxeiis
1346 2116 1470 2156 mihi-

127 2191 207 2230 que
238 2176 527 2232 gratissimum
559 2175 718 2215 feceris.
