1659 2552
164 71 250 113 ’564
708 67 939 104 EPISTULA

165 182 208 209 se
240 166 400 207 Romae
438 165 595 206 iudicio
633 179 766 219 aequo
805 179 900 205 cum
937 163 1108 205 homine
1148 162 1306 204 Graeco
1344 166 1504 204 certare

166 241 251 267 non
292 240 435 280 posse,
477 239 526 265 ex
571 227 717 265 senatu
759 224 938 264 eiectum
976 222 1130 263 scimus
1168 222 1328 276 optima
1365 221 1503 276 [vero]

167 299 388 326 censorum
420 283 752 336 existimatione,
785 282 828 322 in
859 284 1057 336 praetura
1083 281 1403 335 competitorem
1434 281 1506 321 ha-

167 344 337 385 buimus
369 342 503 383 amico
530 340 703 382 Sabidio
736 343 776 381 et
802 340 1028 393 Panthera,
1062 354 1201 394 quom,
1233 340 1285 380 ad
1317 339 1504 380 tabulam

169 417 275 457 quos
306 404 498 457 poneret,
535 415 619 441 11011
651 400 843 454 haberet3
885 413 967 453 quo
1006 402 1147 439 tamen
1179 399 1222 439 in
1253 398 1505 453 magistratu

169 461 358 515 amicam,
391 475 515 514 quam
549 459 662 499 domi
694 459 832 513 palam
863 458 1050 511 haberet,
1083 457 1132 498 de
1158 457 1364 498 machinis
1393 457 1505 498 emit.

168 519 218 561 In
243 520 448 575 petitione
474 520 614 569 autem
640 517 880 558 consulatus
902 516 1168 571 Cappadoces
1186 515 1379 556 homines
1399 529 1508 557 com-

169 579 303 634 pilare
328 593 402 633 per
427 577 715 631 turpissimam
746 576 1001 631 legationem
1033 575 1184 616 maluit
1209 589 1333 628 quam
1367 574 1508 616 adesse

172 641 214 679 et
244 638 402 692 populo
440 636 632 677 Romano
672 635 917 689 supplicare.
979 633 1101 674 Alter
1137 648 1254 687 vero,
1293 633 1351 674 dii
1388 633 1508 674 boni!

173 711 256 751 quo
289 696 510 750 splendore
543 696 633 735 est‘?
665 694 856 735 Primum
881 693 1105 733 nobilitate
1131 692 1274 733 eadem
1307 691 1408 746 [qua
1434 691 1508 734 Ca-

171 756 330 810 tilina].
380 754 496 795 Num
535 754 726 794 maiore?
776 752 884 793 Non.
929 750 1012 793 Sed
1050 752 1218 792 virtute.
1281 750 1415 800 Quam
1453 750 1507 792 ob

172 815 290 855 rem?
335 813 456 862 Quod
495 811 708 853 Antonius
748 811 941 852 umbram
982 825 1100 851 suam
1139 810 1309 864 metuit,
1348 810 1419 851 hic
1455 823 1509 850 ne

172 874 287 929 leges
319 873 489 926 quidem
520 875 644 912 natus
675 871 719 912 in
750 871 882 925 patris
909 872 1110 925 egestate,
1142 869 1341 910 educatus
1372 869 1417 909 in
1447 881 1511 910 so-

174 932 283 973 roris
314 931 484 985 stupris,
516 930 814 971 corroboratus
846 929 888 969 in
921 929 1044 969 caede
1076 928 1248 982 civium,
1280 927 1398 969 cuius
1427 926 1509 982 pri-

173 1006 267 1032 mus
300 991 352 1031 ad
388 1005 477 1031 rem
514 989 728 1043 publicam
766 988 903 1029 aditus
941 987 1155 1042 equitibus
1192 986 1240 1027 R.
1274 985 1510 1028 occidendis

174 1048 257 1091 fuifi
295 1048 411 1105 (nam
442 1048 544 1102 illis,
577 1062 682 1102 quos
713 1047 1000 1100 meminimus,
1034 1045 1185 1099 Gallis,
1218 1046 1290 1099 qui
1321 1048 1412 1086 tum
1443 1043 1510 1085 Ti-

175 1109 381 1149 tiniorum
418 1121 466 1148 ac
500 1106 768 1148 Nanniorum
806 1121 853 1147 ac
884 1105 1164 1146 Tanusiorum
1203 1105 1340 1158 capita
1377 1104 1510 1144 deme-

176 1168 298 1221 bant,
341 1166 458 1207 Sulla
501 1180 631 1206 unum
670 1165 895 1207 Catilinam
935 1162 1234 1219 p1·aetecerat);
1275 1163 1317 1204 in
1359 1162 1511 1216 quibus

176 1227 247 1267 ille
279 1226 495 1266 hominem
527 1225 753 1279 optimum,
787 1223 831 1272 Q.
866 1223 1105 1276 Caecilium,
1137 1222 1294 1263 sororis
1325 1235 1423 1262 suae
1452 1220 1512 1261 vi-

176 1300 282 1338 rum,
303 1284 488 1338 equitem
508 1283 759 1337 Romanum,
785 1283 996 1323 nullarum
1016 1281 1212 1335 partium,
1234 1295 1327 1321 cum
1348 1293 1512 1334 semper

176 1347 327 1384 natura
364 1346 455 1384 tum
493 1342 619 1383 etiam
657 1345 793 1383 aetate
832 1342 915 1382 iam
947 1340 1154 1394 quietum,
1195 1339 1280 1379 suis
1317 1338 1512 1379 manibus

178 1402 341 1443 occidit.

266 1460 377 1509 Quid
407 1474 485 1515 ego
517 1473 627 1499 nunc
659 1459 794 1499 dicam
825 1460 966 1511 petere
999 1471 1093 1498 eum
1126 1455 1407 1509 consulatum,
1439 1455 1512 1509 qui

176 1519 392 1560 hominem
425 1518 686 1558 carissimum
717 1517 875 1571 populo
906 1515 1110 1570 Romano,
1142 1515 1195 1555 M.
1228 1514 1421 1568 Marium,
1453 1514 1513 1554 in-

179 1579 392 1632 spectante
435 1576 592 1631 populo
633 1575 826 1616 Romano
869 1575 1028 1615 vitibus
1070 1588 1145 1628 per
1187 1576 1321 1614 totam
1365 1572 1513 1613 urbem

179 1636 392 1690 ceciderit,
430 1635 483 1676 ad
513 1635 686 1675 bustum
718 1634 872 1689 egerit,
904 1633 964 1674 ibi
997 1633 1111 1674 omni
1145 1632 1330 1673 cruciatu
1361 1631 1513 1672 lacera-

180 1696 252 1749 rit,
296 1695 393 1735 vivo
437 1694 565 1734 stanti
610 1693 766 1734 collum
809 1692 950 1748 gladio
995 1707 1069 1732 sua
1109 1691 1280 1732 dextera
1324 1689 1514 1743 secuerit,

181 1769 274 1795 cum
307 1754 477 1794 sinistra
508 1752 707 1807 capillum
739 1751 827 1792 eius
853 1767 876 1791 a
900 1751 1056 1791 vertice
1087 1752 1260 1803 teneret,
1291 1750 1416 1803 caput
1441 1762 1515 1789 sua

179 1827 306 1854 manu
350 1812 513 1865 tulerit,
558 1825 651 1852 cum
696 1811 806 1851 inter
850 1810 1005 1865 digitos
1050 1809 1138 1850 eius
1178 1808 1256 1849 rivi
1299 1806 1514 1863 sanguinis

179 1871 388 1913 fluerent?
426 1871 497 1924 qui
535 1872 681 1924 postea
718 1883 813 1910 cum
850 1868 1128 1909 histrionibus
1160 1870 1201 1908 et
1239 1881 1333 1908 cum
1358 1864 1514 1922 gladia-

180 1931 345 1971 toribus
378 1930 437 1970 ita
467 1929 591 1982 vixit,
629 1931 675 1969 ut
708 1928 862 1968 alteros
892 1927 1099 1980 libidinis,
1132 1926 1286 1967 alteros
1316 1923 1515 1966 facinoris

181 1990 393 2030 adiutores
424 1987 616 2041 haberet,
655 1987 726 2040 qui
764 1986 928 2026 nullum
961 1986 1004 2026 in
1035 1985 1174 2027 locum
1206 1987 1293 2024 tam
1325 1985 1514 2024 sanctum

181 2062 228 2088 ac
259 2050 346 2088 tam
372 2046 617 2101 religiosum
644 2045 826 2098 accessit,
858 2045 902 2084 in
929 2058 1011 2098 quo
1037 2058 1133 2097 non,
1165 2042 1329 2084 etiamsi
1354 2043 1399 2082 vin
1423 2040 1516 2081 aliis

183 2106 305 2160 culpa
335 2120 420 2146 non
452 2107 576 2158 esset,
614 2107 756 2144 tamen
793 2117 843 2144 ex
875 2117 949 2143 sua
986 2102 1174 2156 nequitia
1207 2099 1419 2142 dedecoris
1451 2113 1516 2140 su-

181 2165 411 2219 spicionem
443 2163 716 2217 relinqueret,
754 2161 826 2215 qui
859 2175 908 2201 ex
941 2161 1056 2202 curia
1088 2160 1236 2201 Curios
1268 2161 1310 2200 et
1339 2157 1515 2212 Annios,

181 2224 233 2264 ab
267 2223 385 2264 atriis
412 2221 582 2276 Sapalas
609 2224 650 2262 et
677 2219 894 2273 Carvilios,
927 2234 976 2260 ex
1008 2219 1191 2273 equestri
1224 2217 1367 2259 ordine
1393 2215 1516 2257 Pom-

1529 704 1561 728 10

1530 997 1563 1022 15

1530 1290 1565 1316 20

1533 1583 1566 1609 25

1533 1876 1568 1901 30

1533 2167 1568 2194 35

181 2282 306 2336 pilios
339 2284 380 2322 et
411 2280 579 2322 Vettios
612 2280 692 2321 sibi
725 2278 1000 2320 amicissimos
1027 2276 1296 2331 comparavit,
1329 2275 1401 2329 qui
1427 2277 1517 2315 tan·
1553 2282 1555 2284 ’
