1659 2552
401 110 465 145 AD
488 109 648 152 QUINT.
669 110 840 145 FRATR.
862 110 1004 144 LIBER
1028 110 1078 144 ΠΙ
1109 115 1138 145 1.
1354 109 1439 151 545

95 206 148 248 ad
172 210 214 248 te
240 206 441 247 Tironem
468 205 662 259 scribere,
694 205 989 261 neglegentius
1015 204 1067 245 ad
1098 207 1138 245 te
1165 207 1260 245 ante
1287 205 1439 246 scribe-

96 266 212 319 bam,
245 265 358 319 quod
386 265 528 306 omnia
553 265 740 318 minima,
772 264 958 305 maxima
989 263 1042 304 ad
1074 262 1294 304 Caesarem
1324 264 1439 304 mitti

96 324 290 365 sciebam.

184 382 399 436 Rescripsi
446 381 646 435 epistolae
690 381 908 422 maximae.
969 380 1082 421 Audi
1124 395 1234 421 nunc
1274 381 1322 421 de
1363 381 1438 421 mi-

62 441 293 496 5nuscula3
336 441 379 481 in
424 455 506 494 qua
543 441 729 494 primum
767 443 829 480 est
867 440 916 480 de
959 438 1080 480 Clodi
1125 439 1177 479 ad
1219 438 1438 480 Caesarem

95 499 263 541 litteris.
323 498 373 539 In
412 513 494 553 quo
529 498 718 540 Caesaris
757 498 978 539 consilium
1016 497 1170 552 probo,
1209 498 1322 552 quod
1358 498 1437 539 tibi

95 558 385 599 amantissime
422 558 583 611 petenti
621 557 788 598 veniam
825 572 910 598 non
949 557 1079 611 dedit,
1121 557 1183 597 uti
1221 557 1355 597 ullum
1387 557 1439 597 ad

96 617 214 658 illam
240 616 395 657 furiam
420 616 597 657 verbum
623 616 882 658 rescriberet,
937 614 1133 656 Alterum
1166 618 1239 669 est,
1272 616 1321 656 de
1349 614 1439 656 Cal-

95 675 213 716 venti
244 675 354 716 Mari
393 675 583 715 oratione
622 674 735 728 quod
775 674 934 715 scribis.
998 674 1132 714 Miror
1162 674 1243 714 tibi
1274 674 1439 728 placere

44 747 77 772 10
95 748 162 775 me
207 734 260 775 ad
303 748 394 774 cam
437 733 684 787 rescribere,
726 733 975 787 praesertim
1017 747 1110 773 cum
1154 732 1271 773 illam
1314 747 1438 774 nemo

95 793 282 834 lecturus
320 793 392 846 sit,
431 792 466 832 si
504 806 582 847 ego
620 792 729 832 nihil
767 792 1040 846 rescripsero,
1073 805 1209 832 meam
1242 791 1286 831 in
1317 791 1439 832 illum

95 851 217 906 pueri
244 865 389 892 omnes
415 853 631 904 tamquam
658 851 814 891 dictata
839 851 1088 905 perdiscant.
1133 850 1286 890 Libros
1310 865 1439 905 meos,

98 909 282 964 [omnes]
325 924 430 963 quos
468 911 704 963 exspectas,
748 909 963 963 inchoavi,
1005 909 1077 949 sed
1113 909 1317 949 conficere
1354 923 1439 950 non

96 983 270 1023 possum
307 968 374 1008 his
407 968 565 1008 diebus.
628 966 849 1008 Orationes
887 967 1140 1022 efflagitatas
1170 981 1248 1021 pro
1282 966 1438 1008 Scauro

46 1039 79 1064 15
100 1029 141 1068 et
171 1040 248 1081 pro
280 1026 453 1067 Plancio
487 1026 660 1066 absolvi.
722 1026 877 1067 Po'ema
909 1027 961 1066 ad
994 1026 1233 1079 Caesarem,
1267 1026 1380 1091 quod
1410 1026 1440 1080 †

99 1099 435 1140 00111Ρο511013,111
477 1085 623 1129 incidi:
660 1085 757 1139 tibi,
796 1085 909 1138 quod
946 1098 1087 1140 rogas,
1126 1084 1326 1138 quoniam
1358 1085 1439 1139 ipsi

98 1145 238 1185 fontes
270 1144 354 1184 iam
387 1143 548 1196 sitiunt,
580 1143 615 1183 si
649 1143 750 1197 quid
780 1143 946 1184 habebo
979 1143 1116 1208 spatii,
1149 1143 1341 1184 scribam.

186 1201 324 1242 Venio
362 1201 415 1242 ad
451 1177 633 1242 tertiam.
694 1201 876 1242 Balbum
914 1202 1027 1255 quod
1064 1202 1124 1242 ais
1160 1204 1325 1243 mature
1356 1200 1438 1242 Ro-

97 1275 211 1301 mam
247 1261 353 1301 bene
393 1260 641 1301 comitatum
678 1274 766 1301 esse
797 1263 1023 1301 venturum
1053 1274 1301 1314 mecumque
1334 1260 1439 1300 adsi-

47 1332 80 1356 20
100 1319 178 1360 due
211 1333 342 1373 usque
375 1319 427 1359 ad
456 1317 556 1359 Idus
583 1318 715 1359 Maias
747 1320 950 1373 futurum,
982 1319 1025 1359 id
1055 1319 1162 1359 mihi
1193 1321 1438 1374 pergratum

97 1392 256 1432 perque
293 1377 533 1418 iucundum.
597 1377 718 1426 Quod
749 1392 815 1418 me
853 1377 897 1418 in
935 1377 1079 1418 eadem
1112 1377 1291 1432 epistola
1331 1377 1439 1418 sicut

99 1451 220 1490 saepe
258 1438 380 1477 antea
418 1435 653 1477 cohortaris
684 1436 737 1477 ad
774 1436 1050 1477 ambitionem
1083 1439 1123 1477 et
1155 1436 1208 1477 ad
1237 1436 1439 1490 laborem,

99 1494 250 1535 faciam
282 1494 488 1548 equidem,
521 1495 592 1535 sed
625 1495 792 1548 quando
824 1495 1042 1535 vivemus?

189 1552 347 1601 Quarta
372 1553 550 1607 epistola
575 1553 680 1594 mihi
712 1553 876 1594 reddita
902 1556 963 1594 est
987 1552 1134 1594 Idibus
1155 1552 1281 1607 Sept,
1313 1568 1439 1607 quam

49 1623 82 1647 25
103 1626 136 1651 a.
171 1611 206 1651 d.
239 1622 307 1651 ΠΗ
336 1610 436 1664 Ι(1115
468 1610 579 1652 Sext.
613 1626 663 1652 ex
695 1611 917 1652 Britannia
951 1611 1132 1652 dederas.
1182 1611 1232 1651 In
1259 1626 1307 1652 ea
1331 1612 1439 1652 1111111

101 1683 199 1710 53110
237 1671 326 1709 erat
362 1669 462 1710 novi
499 1672 667 1722 praeter
698 1669 931 1724 Erigonam
970 1668 1116 1724 (quam
1149 1670 1183 1709 si
1216 1670 1267 1710 ab
1301 1669 1438 1723 Oppio

101 1741 316 1781 accepero,
358 1727 539 1767 scribam
580 1727 632 1767 ad
671 1730 733 1781 te,
778 1728 879 1781 quid
919 1728 1118 1781 sentiam,
1162 1742 1238 1768 nec
1279 1728 1439 1781 dubito,

102 1786 204 1840 quin
235 1785 342 1826 mihi
373 1786 581 1839 placitura
612 1784 705 1840 sit),
744 1788 802 1838 et,
841 1786 954 1839 quod
977 1799 1110 1838 paene
1140 1786 1356 1840 praeterii,
1390 1785 1439 1826 de

101 1859 168 1898 eo,
213 1858 337 1898 quem
381 1844 585 1897 scripsisti
629 1844 678 1884 de
721 1843 894 1884 Milonis
936 1844 1087 1898 plausu
1130 1844 1344 1897 scripsisse
1388 1844 1441 1884 ad

48 1914 82 1939 30
103 1902 334 1944 Caesarem.
396 1901 490 1957 Ego
528 1916 627 1942 vero
665 1902 786 1943 facile
823 1902 964 1956 patior
1001 1903 1060 1942 ita
1099 1901 1318 1942 Caesarem
1356 1903 1441 1943 exi-

103 1961 292 2014 stimare,
337 1960 458 2000 illum
502 1975 628 2014 quam
670 1960 902 2001 maximum
946 1961 1073 2002 fuisse
1117 1961 1322 2014 plausum.
1384 1960 1441 2001 Et

101 2033 274 2074 prorsus
306 2019 365 2059 ita
398 2019 497 2073 fuit,
535 2021 576 2059 et
608 2021 749 2059 tamen
780 2020 851 2060 1110
883 2019 1072 2073 plausus,
1105 2019 1177 2073 qui
1210 2019 1273 2059 illi
1307 2019 1440 2073 datur,

103 2078 287 2132 quodam
318 2077 444 2118 modo
475 2077 600 2117 nobis
631 2077 798 2118 videtur
830 2078 930 2118 dari.

189 2135 371 2177 Reddita
403 2135 530 2176 etiam
561 2135 668 2175 mihi
700 2138 761 2176 est
792 2139 989 2190 pervetus
1022 2136 1211 2190 epistola,
1243 2136 1315 2177 sed
1347 2150 1438 2177 sero

50 2204 84 2230 35
104 2194 261 2248 adlata,
302 2195 346 2234 in
378 2208 460 2247 qua
493 2194 541 2234 de
579 2193 678 2234 aede
716 2193 896 2235 Telluris
935 2197 975 2235 et
1008 2195 1057 2235 de
1094 2195 1261 2248 porticu
1300 2193 1439 2235 Catuli

102 2266 170 2293 me
207 2253 415 2293 admones.
476 2251 547 2292 Fit
586 2255 812 2306 utrumque
854 2253 1089 2308 diligenter.
1150 2251 1219 2293 Ad
1259 2252 1439 2294 Telluris

104 2311 273 2364 quidem
313 2311 440 2352 etiam
481 2313 596 2351 tuam
637 2312 820 2351 statuam
859 2311 1005 2352 locavi.
1067 2309 1175 2351 Item
1214 2311 1263 2352 de
1302 2311 1439 2352 hortis

176 2385 328 2411 Ciceronis
349 2387 433 2416 epist.
460 2386 482 2410 I.
1112 2382 1154 2412 35

1467 1212 1508 1242 12

1469 1564 1509 1593 13

1468 2147 1510 2177 14
