1659 2552
163 91 192 132 4
662 92 1001 128 EPISTULARUM

165 201 293 241 quam
329 201 530 242 umquam
572 190 710 241 antea,
755 187 868 241 quod
904 189 1001 241 post
1040 189 1162 228 tuum
1202 187 1430 231 discessum
1466 189 1502 231 is

164 246 252 287 dies
276 245 598 287 honestissimus
622 246 746 287 nobis
771 247 908 286 fuerat
938 245 983 286 in
1013 248 1172 300 senatu,
1204 247 1264 287 ita
1287 261 1381 288 sum
1405 260 1502 289 cum

163 304 238 346 illo
264 304 446 359 locutus,
478 306 526 345 ut
550 304 657 346 mihi
688 304 853 345 viderer
884 304 1072 345 animum
1096 303 1282 346 hominis
1307 305 1360 346 ab
1385 306 1501 348 omni

164 363 246 404 alia
286 363 542 419 cogitatione
585 364 637 404 ad
676 366 793 403 tuam
835 363 1086 418 dignitatem
1125 363 1325 405 tuendam
1362 364 1502 406 tradu-

165 436 266 463 cere.
329 423 462 471 Quem
488 436 566 477 ego
592 422 731 476 ipsum
758 436 852 462 cum
878 421 1015 476 audio,
1046 434 1219 475 prorsus
1245 436 1340 463 eum
1365 422 1501 465 libero
1520 435 1537 461 5

164 480 279 522 omni
311 481 548 534 suspicione
581 480 840 535 cupiditatis3
873 494 967 520 cum
993 483 1134 521 autem
1160 480 1249 522 eius
1273 481 1502 523 familiares

165 539 355 580 omnium
387 539 583 580 ordinum
615 539 748 593 rideo,
779 539 1002 593 perspicio,
1034 538 1079 579 id
1110 539 1223 594 quod
1254 539 1338 581 iam
1370 541 1503 581 omni-

163 597 242 639 bus
275 601 336 639 est
368 600 571 653 apertum,
603 600 737 638 totam
765 611 854 638 rem
880 598 1005 638 istam
1030 597 1114 638 iam
1139 597 1304 652 pridem
1329 613 1353 639 a
1377 599 1503 640 certis

162 655 408 698 hominibus
446 671 539 698 non.
575 656 709 697 invito
753 670 852 711 rege
896 656 988 710 ipso
1034 656 1370 711 consiliariisque
1412 658 1502 699 eius

165 730 252 756 esse
284 718 535 770 corruptam.
1520 729 1554 755 ιο

115 786 138 817 4
251 773 366 815 Haec
403 774 551 828 scripsi
589 788 622 814 a.
656 773 693 813 d.
724 771 828 814 XVI
859 772 910 814 K.
936 772 1187 815 Februarias
1219 776 1316 815 ante
1345 774 1500 829 lucem3

165 847 213 873 eo
246 833 312 873 die
343 836 511 874 senatus
544 835 633 873 erat
663 832 842 873 futurus.
903 830 994 873 Nos
1025 832 1070 874 in
1101 835 1259 887 senatu,
1292 847 1417 887 quem
1448 833 1502 875 ad

163 891 336 932 modum
368 906 501 946 spero,
534 891 785 947 dignitatem
815 893 1022 946 nostram,
1059 894 1107 932 111
1136 894 1277 945 potest
1307 892 1352 933 in
1382 894 1502 934 tanta

162 949 384 991 hominum
414 950 592 1004 perfidia
629 952 670 991 et
707 949 942 1004 iniquitate,
974 949 1266 1005 retinebimus3
1304 950 1417 1005 quod
1448 951 1502 992 ad

162 1009 410 1062 popularem
447 1009 655 1049 rationem
693 1008 861 1063 attinet,
898 1008 980 1049 11οο
1015 1009 1208 1050 videmur
1239 1023 1327 1050 esse
1358 1023 1499 1052 conse·
1519 1022 1552 1048 1⁵

164 1068 268 1122 cuti,
306 1071 353 1108 ut
390 1082 441 1108 ne
480 1067 582 1122 quid
619 1067 688 1123 agi
720 1081 815 1108 cum
845 1067 1004 1121 populo
1041 1070 1114 1109 aut
1145 1067 1271 1109 salvis
1302 1068 1500 1123 auspiciis

163 1128 235 1166 aut
267 1126 392 1167 salvis
423 1126 590 1182 legibus
622 1128 695 1167 aut
727 1126 906 1180 denique
937 1126 1026 1168 sine
1057 1127 1100 1168 vi
1129 1129 1282 1181 posset.
1343 1126 1407 1168 De
1431 1127 1499 1169 his

162 1184 288 1226 rebus
330 1184 486 1239 pridie,
531 1200 657 1239 quam
699 1183 803 1226 haec
845 1184 1013 1239 scripsi,
1058 1188 1226 1227 sena-tus
1270 1186 1499 1228 auctoritas

161 1243 411 1299 gravissima
441 1243 696 1298 intercessit,
736 1243 802 1284 cui
835 1258 963 1297 quom
996 1243 1100 1286 Cato
1132 1247 1174 1285 et
1206 1243 1406 1286 Caninius
1437 1245 1499 1286 in-

162 1302 459 1356 tercessissent,
491 1304 633 1343 tamen
664 1304 726 1342 est
756 1302 1006 1357 perscripta3
1047 1317 1139 1344 eam
1170 1303 1222 1343 ad
1253 1305 1294 1344 te
1325 1303 1498 1346 missam
1517 1316 1551 1342 20

162 1375 250 1401 esse
282 1360 476 1401 arbitror.
538 1360 602 1401 De
640 1361 788 1401 ceteris
819 1360 944 1402 rebus
991 1361 1192 1415 quicquid
1229 1362 1310 1402 erit
1345 1364 1498 1416 actum,

162 1419 343 1460 scribam
384 1419 436 1459 ad
467 1422 508 1459 10
546 1422 603 1473 01,
644 1422 691 1460 111
729 1434 855 1473 quam
898 1420 1128 1461 rectissime
1172 1423 1337 1475 agatur,
1382 1421 1497 1462 omni

160 1491 253 1519 mea
285 1492 394 1532 cura,
426 1492 563 1532 opera,
596 1477 827 1533 diligentia,
857 1478 996 1533 gratia
1025 1478 1270 1533 providebo.

789 1640 864 1683 HI.

326 1721 401 1757 Ser.
428 1721 563 1757 Romae
587 1722 702 1757 medio
727 1733 843 1757 mense
867 1722 1048 1758 Ianuario
1076 1734 1110 1757 α.
1138 1725 1211 1758 698
1239 1725 1330 1768 (56).
1516 1725 1550 1751 25

348 1803 404 1838 M.
427 1804 616 1839 CICERO
635 1804 670 1839 S.
690 1803 739 1838 D.
762 1803 803 1838 P.
825 1803 1081 1840 LENTULO
1103 1804 1307 1840 PROCOS.

116 1900 134 1930 1
248 1886 299 1928 A.
332 1887 562 1943 Trebonio,
604 1888 677 1942 qui
713 1888 759 1929 in
790 1891 861 1929 tua
892 1888 1111 1943 provincia
1141 1903 1295 1945 magna
1324 1889 1495 1944 negotia

161 1949 202 1987 et
234 1946 372 2001 ampla
410 1950 451 1988 et
489 1947 683 2002 expedita
713 1946 858 2003 habet,
896 1947 1054 1988 multos
1085 1962 1217 1989 annos
1247 1950 1345 1988 utor
1374 1947 1494 1989 valde

160 2005 436 2047 familiariter.
503 2004 544 2047 Is
583 2020 678 2047 cum
715 2009 837 2047 antea
873 2020 1038 2061 semper
1076 2009 1118 2047 01
1158 2020 1233 2048 5110
1273 2005 1494 2060 splendore

161 2067 201 2105 et
232 2067 377 2105 nostra
408 2067 726 2119 ceterorumque
753 2065 984 2106 amicorum
1010 2064 1372 2106 commendatione
1401 2080 1495 2120 gra-
1513 2077 1547 2102 80

160 2122 412 2165 tiosissimus
444 2124 488 2165 in
519 2124 736 2178 provincia
768 2124 849 2165 fuit
880 2127 972 2165 tum
996 2123 1078 2165 hoc
1107 2126 1297 2177 tempore
1321 2126 1496 2178 propter

161 2183 281 2221 tuum
313 2182 357 2222 in
387 2197 454 2223 me
486 2198 672 2224 amorem
703 2186 974 2236 nostramque
999 2181 1349 2222 necessitudinem
1374 2182 1495 2224 vehe-

159 2243 322 2281 menter
354 2241 527 2282 confidit
556 2241 623 2283 his
654 2242 758 2282 meis
789 2241 943 2282 litteris
974 2254 1016 2281 se
1048 2239 1159 2294 apud
1189 2242 1230 2281 te
1260 2240 1495 2296 gratiosum

112 2309 132 2339 2
161 2298 266 2353 fore3
312 2313 416 2352 quae
458 2315 509 2341 ne
550 2315 643 2354 spes
684 2314 780 2341 eum
819 2299 954 2353 fallat,
998 2298 1268 2340 vehementer
1307 2313 1411 2355 rogo
1453 2302 1495 2341 te
