1659 2552
191 982 208 1012 —1
186 922 211 960 N)

239 84 325 125 492
731 86 1069 121 EPISTULARUM

240 195 351 235 rum,
392 181 552 222 nullam
594 181 782 235 inopiam
824 182 1022 236 stipendii
1061 185 1133 223 aut
1170 182 1230 223 rei
1269 182 1580 237 frumentariae,

238 239 399 281 nullam
438 241 687 281 seditionem
721 241 930 281 exercitus
961 241 1314 295 pertimescimus,
1353 256 1458 296 quae
1489 257 1580 296 per-

238 313 360 352 saepe
393 299 714 353 sapientissimis
747 299 850 340 viris
882 300 1134 354 acciderunt,
1170 303 1227 354 ut,
1260 315 1384 354 quem
1411 300 1463 341 ad
1493 315 1580 342 mo-

240 357 339 398 dum
370 358 677 413 gubernatores
709 358 859 412 optimi
887 359 973 399 vim
1004 359 1280 413 tempestatis,
1312 359 1371 399 sic
1403 359 1466 400 illi
1497 360 1579 400 for-

237 418 364 457 tunae
403 417 608 470 impetum
647 431 843 471 superare
881 432 966 458 non
1003 420 1185 471 possent.
1247 417 1344 458 Tibi
1383 418 1480 459 data
1517 421 1579 459 est
1617 431 1632 455 .·ι

239 489 403 515 summa
446 491 544 530 pax,
590 490 754 516 summa
797 476 1101 530 tranquillitas,
1145 476 1205 516 ita
1244 479 1403 530 tamen,
1447 479 1494 517 ut
1532 492 1579 518 ea

239 534 866 589 dormientemgubernatorem
887 535 954 576 vel
974 535 1163 589 obruere,
1182 535 1430 590 vigilantem
1451 535 1578 576 etiam

239 592 444 633 delectare
482 593 627 646 possit.
691 592 868 634 Constat
905 594 1017 634 enim
1055 608 1102 635 ea
1138 594 1357 648 provincia
1393 595 1578 648 primum

238 666 289 692 ex
321 666 369 692 eo
408 666 561 707 genere
599 651 830 707 sociorum,
871 653 983 706 quod
1021 655 1084 693 est
1121 667 1172 693 ex
1208 653 1430 694 hominum
1463 654 1577 694 omni

237 724 390 765 genere
430 710 803 765 humanissimum,
849 711 998 752 deinde
1036 726 1086 752 ex
1127 726 1175 752 eo
1215 726 1368 767 genere
1409 712 1576 766 civium,

238 769 308 822 qui
349 771 437 823 aut,
480 769 593 823 quod
629 770 845 824 publicani
883 774 1002 825 sunt,
1042 784 1119 811 nos
1159 785 1323 811 summa
1353 771 1577 811 necessitu-

239 828 333 867 dine
360 828 577 884 attingunt
602 831 692 883 aut,
725 829 838 883 quod
870 829 929 878 ita
954 829 1238 885 negotiantur,
1269 832 1317 870 ut
1346 829 1578 883 locupletes

238 886 339 940 sint,
370 887 506 928 nostri
538 887 780 928 consulatus
813 888 1016 929 beneficio
1049 903 1092 929 se
1123 888 1355 929 incolumes
1387 888 1578 929 fortunas

236 945 391 987 habere
429 946 701 987 arbitrantur.
774 946 834 987 At
877 947 988 988 enim
1034 947 1143 987 inter
1182 947 1261 988 hos
1310 947 1423 1001 ipsos
1473 948 1577 988 exsi-

237 1007 355 1045 stunt
385 1020 535 1060 graves
572 1006 899 1061 controversiae,
936 1006 1094 1047 multae
1125 1008 1356 1046 nascuntur
1386 1006 1576 1059 iniuriae,

236 1078 413 1118 magnae
440 1064 731 1105 contentiones
757 1068 1081 1119 consequuntur.
1132 1064 1259 1114 Quasi
1291 1079 1390 1106 vero
1423 1079 1501 1121 ego
1534 1065 1577 1105 id

237 1125 394 1177 putem,
426 1137 511 1163 non
543 1126 584 1164 te
617 1123 881 1177 aliquantum
913 1124 1073 1179 negotii
1107 1124 1324 1164 sustinere.
1367 1122 1575 1180 Intellego

235 1196 514 1237 permagnum
546 1196 635 1223 esse
666 1183 886 1238 negotium
913 1186 953 1223 et
979 1182 1154 1223 maximi
1187 1182 1364 1236 consilii,
1396 1182 1468 1224 sed
1492 1197 1575 1223 me-

236 1243 379 1281 mento
413 1240 578 1281 consilii
610 1255 677 1282 me
708 1241 789 1282 hoc
821 1256 908 1282 esse
940 1242 1159 1297 negotium
1191 1242 1326 1297 magis
1358 1241 1575 1296 aliquanto

237 1313 362 1352 quam
400 1299 595 1340 fortunae
632 1302 793 1354 putare.
856 1299 978 1348 Quid.
1004 1304 1066 1341 est
1098 1300 1209 1341 enim
1250 1300 1412 1355 negotii
1445 1300 1573 1340 conti-
1594 1314 1608 1337 ι)

235 1372 334 1398 nere
355 1372 437 1411 eos,
471 1358 625 1411 quibus
650 1359 820 1412 praesis,
853 1359 887 1399 si
914 1362 955 1399 te
982 1359 1070 1412 ipse
1091 1359 1334 1399 contineas?
1366 1357 1413 1398 Id
1434 1361 1573 1399 autem

236 1416 291 1455 sit
321 1431 524 1471 magnum
551 1420 591 1457 et
618 1417 789 1457 difficile
817 1417 976 1470 ceteris,
1009 1417 1067 1457 sic
1094 1420 1140 1457 ut
1166 1420 1228 1457 est
1255 1417 1573 1472 difficillimum,

234 1474 315 1514 tibi
357 1477 398 1515 et
438 1475 519 1515 fuit
559 1475 640 1516 hoc
677 1490 842 1529 semper
879 1476 1127 1516 facillimum
1165 1478 1206 1516 et
1244 1490 1342 1516 vero
1383 1490 1469 1517 esse
1509 1476 1575 1516 de-

236 1532 345 1586 buit,
391 1534 508 1573 cuius
551 1536 703 1574 natura
746 1534 843 1574 talis
880 1537 959 1588 est,
1004 1538 1050 1574 ut
1088 1535 1215 1575 etiam
1257 1535 1344 1575 sine
1384 1535 1574 1575 doctrina

1597 726 1630 751 10

1597 1019 1629 1045 15

235 1591 427 1632 videatur
470 1592 688 1633 moderata
731 1607 818 1633 esse
862 1593 1068 1647 potuisse,
1114 1608 1159 1633 ea
1201 1595 1341 1634 autem
1384 1593 1574 1634 adhibita
1594 1607 1627 1631 :¹5

235 1650 426 1691 doctlina
458 1653 537 1705 est,
576 1665 681 1705 quae
713 1651 779 1692 vel
810 1652 1127 1693 vitiosissimam
1158 1655 1352 1693 naturam
1385 1652 1573 1693 excolere

233 1709 378 1762 possit.
441 1709 505 1750 Tu
549 1724 644 1750 cum
685 1710 903 1765 pecuniae,
951 1725 1045 1751 cum
1084 1711 1310 1765 voluptati,
1355 1725 1449 1751 cum
1488 1725 1573 1751 om-

233 1768 352 1808 nium
393 1782 534 1808 1··e1um
575 1769 798 1823 cupiditati
838 1770 1023 1823 resistes,
1061 1773 1108 1810 ut
1145 1770 1264 1823 facis,
1302 1770 1399 1823 e1it,
1438 1769 1572 1823 credo,

234 1827 480 1881 periculum,
511 1842 562 1868 nc
595 1828 837 1893 improbum
869 1829 1198 1884 negotiatorem,
1229 1828 1355 1882 paulo
1388 1828 1573 1882 cupidio-

234 1900 322 1926 rem
354 1885 628 1939 publicanum
661 1887 938 1940 complimere
969 1902 1053 1928 non
1085 1887 1236 1941 possis!
1280 1886 1390 1927 Nam
1425 1886 1570 1927 Graeci
1592 1900 1607 1923 3

234 1944 405 1998 quidem
443 1945 502 1985 sic
533 1947 574 1985 te
607 1945 666 1985 ita
698 1945 909 1986 viventem
947 1946 1245 1994 intuebuntur,
1286 1948 1332 1986 ut
1364 1945 1572 1999 quendam

234 2018 284 2044 ex
317 2003 531 2044 annalium
562 2004 767 2045 memoria
798 2007 870 2044 aut
902 2004 1029 2045 etiam
1056 2004 1104 2045 de
1132 1995 1245 2045 caelo
1279 2004 1467 2044 divinum
1500 2003 1572 2044 ho-

233 2062 391 2102 minem
432 2076 521 2103 esse
561 2062 605 2102 in
644 2062 906 2116 provinciam
948 2063 1163 2117 delapsum
1204 2065 1364 2116 putent.
1430 2061 1571 2116 Atque

233 2121 336 2161 haec
366 2134 495 2174 nunc,
534 2135 618 2161 non
651 2123 698 2161 ut
729 2122 874 2175 facias,
913 2122 984 2162 sed
1018 2125 1065 2162 ut
1102 2125 1142 2162 te
1186 2122 1322 2162 facere
1353 2123 1393 2161 et
1426 2120 1572 2162 fecisse

233 2179 428 2234 gaudeas,
461 2179 617 2233 scribo3
649 2180 909 2233 praeclarum
937 2183 1000 2221 est
1031 2180 1142 2221 enim
1175 2193 1338 2220 summo
1371 2193 1464 2219 cum
1498 2179 1571 2220 im—
1590 2190 1624 2215 35

232 2238 350 2291 perio
371 2238 499 2279 fuisse
520 2238 564 2278 in
584 2238 686 2279 Asia
710 2239 941 2280 triennium
967 2239 1037 2294 sic,
1069 2241 1116 2279 ut
1135 2238 1298 2279 nullum
1323 2240 1364 2277 te
1390 2238 1571 2293 signum,

232 2296 348 2336 nulla
378 2297 556 2352 pictura,
588 2297 752 2338 nullum
784 2312 867 2353 vas,
899 2298 1015 2338 nulla
1046 2297 1190 2351 vestis,
1222 2295 1385 2337 nullum
1417 2296 1571 2337 manci-
