1659 2552
131 522 148 552 1

177 125 196 165 1
207 125 262 167 10
674 125 1014 160 EPISTULARUM

811 266 885 308 IV.

311 348 385 384 Ser.
414 349 627 394 Dyrrhachi
656 350 770 384 medio
794 349 867 391 fere
892 359 1008 382 mense
1032 347 1116 382 Ian.
1143 358 1176 382 α.
1204 348 1278 382 697
1304 349 1395 391 (55).

435 430 483 466 M.
511 429 680 465 CICERO
712 429 744 465 s,
772 429 815 464 D.
843 428 883 471 Q.
911 428 1136 463 METELLO
1155 405 1260 464 ⁴cos

263 513 451 555 Litterae
491 513 638 563 Quinti
676 514 819 554 fratris
864 515 905 554 et
942 512 988 554 T.
1026 511 1254 567 Pomponi,
1298 511 1522 554 necessarii

175 572 271 627 mei,
302 575 469 614 tantum
502 573 591 627 spei
624 573 836 626 dederant,
868 574 916 613 ut
941 572 985 612 in
1016 574 1058 612 te
1090 585 1176 612 non
1206 571 1347 612 minus
1373 571 1521 612 auxilii
1559 581 1576 608 5

177 645 304 685 quam
336 632 379 672 in
411 634 486 672 tuo
520 631 682 687 collega
719 631 826 672 mihi
859 630 1139 672 constitutum
1171 630 1311 671 fuerit.
1371 628 1521 684 Itaque

177 690 229 730 ad
260 693 301 730 te
332 690 496 731 litteras
528 691 673 731 statim
704 690 814 745 misi,
845 704 922 744 per
953 704 1068 745 quas,
1099 691 1147 730 ut
1178 689 1350 730 :fortuna
1379 692 1523 744 postu-

176 748 309 803 labat,
348 751 389 790 et
420 749 580 804 gratias
611 749 692 789 tibi
725 749 792 804 egi
825 752 867 790 et
899 748 948 789 de
990 748 1154 802 reliquo
1185 750 1376 802 tempore
1408 748 1523 789 auxi-

178 807 282 847 lium
325 807 441 862 petii.
514 807 669 849 Postea
710 807 818 848 mihi
859 821 946 848 non
988 810 1077 848 tam
1120 821 1312 848 meorum
1354 806 1523 848 litterae

178 880 304 920 quam
335 880 549 907 sermones
581 880 739 920 eorum,
772 866 844 920 qui
870 866 949 907 hac
974 866 1056 907 iter
1080 866 1303 920 faciebant,
1335 865 1523 906 animum
1544 876 1577 902 1⁰

177 928 298 965 tuum
331 925 588 966 inmutatum
620 925 935 981 significabant3
974 938 1080 980 quae
1112 939 1178 966 res
1209 925 1326 979 fecit,
1363 926 1412 965 ut
1442 924 1524 965 tibi

177 983 332 1024 litteris
372 983 616 1038 obstrepere
652 998 739 1025 non
777 984 985 1025 auderem.
1045 983 1173 1025 Nunc
1202 983 1309 1025 mihi
1342 982 1524 1032 Quintus

177 1042 309 1083 frater
339 1057 458 1083 meus
488 1043 759 1084 mitissimam
789 1045 907 1084 tuam
940 1043 1193 1098 orationem,
1231 1057 1357 1096 quam
1389 1042 1433 1083 in
1465 1056 1526 1083 se-

178 1103 280 1141 natu
305 1100 537 1156 habuisses,
568 1102 832 1157 perscripsit3
865 1116 947 1156 qua
972 1101 1169 1142 inductus
1195 1101 1248 1142 ad
1272 1104 1314 1143 te
1340 1100 1524 1142 scribere

178 1174 271 1200 sum
316 1163 490 1201 conatus
529 1163 571 1201 et
609 1160 683 1202 abs
721 1163 784 1215 te,
829 1162 1035 1215 quantum
1078 1163 1152 1201 tua
1195 1160 1278 1201 fert
1315 1160 1524 1214 voluntas,
1544 1172 1576 1198 15

178 1221 277 1273 peto
316 1233 576 1273 quaesoque,
617 1222 665 1260 ut
705 1222 802 1260 tuos
842 1234 1008 1261 mecum
1046 1233 1185 1260 serves
1222 1219 1365 1273 potius
1398 1233 1524 1273 quam

178 1279 354 1331 propter
379 1277 655 1333 adrogantem
682 1278 976 1319 crudelitatem
1002 1281 1174 1319 tuorum
1199 1292 1267 1318 me
1294 1277 1524 1334 obpugnes.

178 1335 260 1390 Tu,
291 1338 386 1376 tuas
418 1336 663 1378 inimicitias
695 1339 743 1377 ut
775 1337 835 1378 rei
866 1352 905 1391 p.
939 1336 1133 1391 donares,
1165 1339 1207 1377 te
1238 1336 1396 1390 vicisti,
1428 1336 1525 1377 alie-

178 1408 253 1435 nas
291 1396 339 1434 ut
383 1397 530 1435 contra
567 1410 656 1436 rem
692 1410 731 1449 p.
771 1396 1010 1450 confirmes,
1055 1395 1302 1436 adduceris?
1365 1394 1525 1443 Quodsi

178 1452 285 1493 mihi
310 1455 384 1493 tua
410 1452 633 1494 clementia
665 1468 788 1508 opem
820 1453 980 1508 tuleris,
1013 1454 1210 1494 omnibus
1236 1454 1280 1494 in
1306 1453 1432 1494 rebus
1456 1467 1524 1494 me
1544 1466 1579 1492 20

179 1512 270 1552 fore
308 1511 352 1551 in
389 1513 463 1552 tua
498 1514 709 1566 potestate
750 1512 832 1553 tibi
876 1513 1092 1553 confirmo.
1156 1511 1200 1553 Si
1244 1512 1351 1553 mihi
1388 1526 1525 1566 neque

180 1569 478 1625 magistratum
515 1585 651 1625 neque
689 1574 882 1612 senatum
918 1585 1054 1625 neque
1091 1571 1298 1626 populum
1330 1571 1526 1612 auxiliari

180 1631 356 1683 propter
395 1643 487 1669 eam
522 1629 626 1683 vim,
668 1644 774 1684 quae
810 1644 878 1670 me
917 1644 1012 1671 cum
1044 1644 1088 1671 re
1119 1645 1157 1684 p.
1190 1630 1309 1683 vicit,
1346 1629 1526 1684 licuerit,

180 1687 293 1741 vide,
331 1701 400 1741 ne,
442 1702 537 1728 cum
569 1688 673 1729 velis
711 1703 906 1730 revocare
938 1691 1105 1743 tempus
1139 1689 1328 1729 omnium
1361 1703 1526 1730 servan-

183 1746 344 1801 dorum,
377 1760 489 1801 cum,
523 1747 594 1801 qui
628 1750 834 1802 servetur,
867 1761 952 1788 non
985 1748 1076 1803 erit,
1108 1762 1193 1789 non
1224 1747 1372 1802 possis.
1546 1759 1579 1785 25

1631 540 1643 976 —...‚—,-.-.-.-—-
1634 176 1657 521 *ww-.-3

828 1899 879 1940 v.

325 1982 398 2017 Ser.
426 1982 563 2016 Romae
588 1992 630 2015 ex
655 1992 700 2015 m.
727 1980 820 2015 Nov.
847 1985 912 2016 aut
938 1982 988 2015 in.
1015 1980 1102 2015 Dec.
1129 1992 1162 2014 α.
1191 1982 1263 2015 692
1290 1981 1382 2023 (62).

382 2063 432 2098 M.
461 2061 629 2097 CICERO
659 2062 691 2097 S.
718 2062 761 2097 D.
789 2061 827 2097 C.
854 2061 1072 2097 ANTONIO
1100 2061 1147 2096 M.
1175 2061 1213 2096 F.
1240 2061 1334 2095 IMP.

272 2158 365 2199 Etsi
407 2161 638 2199 statueram
678 2158 816 2199 nullas
858 2158 910 2198 ad
950 2161 991 2198 te
1029 2157 1193 2199 litteras
1233 2157 1402 2197 mittere
1442 2156 1525 2198 nisi

184 2217 553 2258 commendaticias
591 2215 695 2272 (non
734 2230 817 2271 quo
856 2230 924 2257 eas
962 2215 1252 2271 intellegerem
1290 2215 1391 2256 satis
1423 2218 1525 2270 aput
1544 2228 1578 2253 30

184 2278 224 2315 te
250 2276 400 2329 valere,
432 2276 505 2316 sed
529 2290 581 2317 ne
607 2275 670 2329 iis,
703 2275 776 2329 qui
795 2289 862 2316 me
883 2276 1093 2330 r,0garent
1125 2273 1286 2327 aliquid
1305 2273 1354 2314 de
1380 2276 1526 2315 nostra

185 2309 479 2375 coniunctione
506 2334 779 2375 imminutum
805 2347 892 2374 esse
919 2330 1213 2388 ostenderem),
1244 2334 1397 2387 tamen,
1430 2347 1524 2374 cum
