1659 2552
608 92 752 126 LIBER
777 93 809 127 V
835 96 990 129 8—10a.
1384 95 1467 136 117

748 235 833 277 Xa.

409 315 483 351 Ser.
520 315 695 351 Naronae
729 328 773 350 m.
810 317 893 351 Ian.
929 328 962 351 α.
991 319 1063 351 710
1096 318 1187 360 (44).

466 396 695 432 VATINIUS
723 397 949 432 CICERONI
975 397 1063 433 SUO
1091 398 1125 434 S.

214 478 252 520 S.
280 479 330 521 V.
357 480 403 521 B.
430 480 478 521 E.
505 480 553 520 E.
582 480 627 529 Q.
654 479 704 522 V.
767 480 830 522 De
856 481 1065 536 Dionysio
1091 484 1165 523 tuo
1198 483 1336 524 adhuc
1360 483 1470 525 nihil
1499 495 1515 525 1

88 551 103 575 5
125 539 307 593 extrico,
352 542 393 580 et
434 553 482 580 eo
523 539 684 594 minus,
729 540 843 594 quod
884 555 952 582 me
992 540 1128 596 frigus
1168 541 1468 597 Dalmaticum,

123 598 237 651 quod
274 597 392 638 illinc
431 597 570 652 eiecit,
612 598 739 639 etiam
776 598 847 639 hic
888 599 1173 656 refrigeravit3
1214 601 1287 642 sed
1327 604 1469 643 tamen

121 670 206 697 non
240 656 449 711 desistam,
483 656 586 710 quin
617 657 739 698 illum
771 658 997 712 aliquando
1024 673 1179 699 eruam.
1219 658 1301 701 Sed
1326 662 1469 702 tamen

122 715 265 755 omnia
303 715 363 756 mi
401 716 504 756 dura
541 716 734 770 imperas.
801 716 866 757 De
895 716 1059 774 'Catilio
1096 718 1238 759 nescio
1276 719 1379 773 quid
1416 720 1469 760 ad

121 788 188 814 me
220 774 426 828 scripsisti
465 774 772 828 deprecationis
811 775 1183 831 diligentissumae.
1244 776 1394 833 Apage
1426 780 1468 819 te

68 845 102 869 ιο
122 846 218 873 011111
249 835 395 874 nostro
429 831 521 873 Sex.
556 832 754 888 Servilio,
785 849 884 875 nam
914 834 1154 876 mehercule
1186 850 1265 891 ego
1298 851 1467 891 quoque

120 891 243 932 illum
275 906 387 946 amo3
419 892 492 932 sed
522 892 696 933 huiusce
721 893 837 933 modi
863 907 938 933 vos
970 894 1160 948 clientes,
1191 894 1318 935 huius
1349 896 1466 937 modi

122 963 265 991 causas
303 950 520 1004 recipitis?
563 950 782 992 hominem
819 966 951 992 unum
996 953 1186 993 omnium
1230 953 1466 995 crudelissi-

119 1023 249 1063 mum,
281 1009 355 1063 qui
386 1012 451 1050 tot
482 1009 701 1065 ingenuos,
732 1011 1085 1065 matresfamilias,
1118 1011 1221 1052 civis
1249 1011 1466 1054 Romanos

122 1067 286 1122 occidit,
318 1068 518 1122 abripuit,
544 1068 805 1123 disperdidit,
831 1069 1026 1125 regiones
1052 1071 1262 1111 vastavit?
1296 1070 1466 1126 Simius,

68 1137 101 1163 15
120 1140 206 1167 non
231 1127 415 1168 semissis
439 1126 581 1181 homo,
614 1131 760 1168 contra
784 1142 852 1169 me
878 1143 995 1169 arma
1019 1129 1130 1184 tulit,
1163 1131 1205 1169 et
1230 1144 1326 1170 eum
1352 1130 1465 1171 bello

121 1185 223 1239 cepi.
257 1184 339 1226 Sed
356 1188 510 1240 tamen,
534 1186 595 1226 mi
616 1185 774 1240 Cicero,
801 1187 904 1240 quid
922 1187 1059 1228 facere
1077 1188 1280 1242 possum?
1313 1187 1465 1229 Omnia
1491 1200 1510 1230 2

120 1243 358 1285 mehercule
391 1244 526 1298 cupio,
559 1259 665 1298 quae
696 1248 743 1286 tu
768 1246 828 1286 mi
854 1245 1047 1300 imperas.
1107 1246 1248 1287 Meam
1280 1247 1466 1288 animad-

120 1303 356 1344 versionem
376 1306 417 1344 et
437 1303 703 1359 supplicium,
730 1318 813 1358 quo
834 1319 986 1346 usurus
1006 1319 1121 1346 eram
1140 1305 1184 1346 in
1205 1320 1312 1361 eum,
1339 1321 1464 1360 quem

121 1361 340 1416 cepissem,
377 1362 550 1403 remitto
588 1362 668 1403 tibi
707 1366 748 1403 et
786 1363 995 1419 condono,
1033 1364 1136 1418 quid
1172 1364 1258 1405 illis
1294 1379 1465 1419 respon-

69 1431 102 1457 20
122 1419 219 1461 dere
250 1435 439 1475 possum,
472 1421 545 1474 qui
576 1422 606 1475 †
638 1436 713 1462 sua
743 1421 855 1462 bona
887 1422 1068 1477 direpta,
1099 1423 1219 1463 navis
1251 1437 1464 1479 expugna-

121 1481 196 1533 tas,
227 1479 390 1533 fratres,
421 1479 598 1534 liberos,
630 1483 826 1534 parentes
857 1481 1017 1522 occisos
1049 1481 1235 1522 actiones
1267 1486 1464 1537 expostu-

120 1537 238 1577 lant‘?
271 1536 316 1578 Si
346 1538 606 1579 mehercules
637 1538 751 1593 Appi
783 1553 830 1580 os
859 1539 1072 1594 haberem,
1104 1540 1148 1581 in
1177 1540 1296 1581 cuius
1320 1542 1463 1582 locum

123 1595 321 1637 suffectus
353 1611 457 1650 sum,
489 1600 630 1638 tamen
660 1597 742 1638 hoc
773 1599 980 1639 sustinere
1010 1613 1097 1639 non
1127 1613 1306 1653 possem.
1352 1599 1464 1649 Quid

124 1668 224 1709 ergo
256 1654 350 1694 est‘?
403 1654 573 1696 Faciam
605 1657 747 1697 omnia
777 1657 939 1711 sedulo,
973 1672 1079 1711 quae
1109 1660 1151 1698 te
1183 1658 1313 1699 sciam
1343 1659 1462 1700 velle.

72 1722 104 1748 25
123 1711 377 1752 Defenditur
407 1727 431 1753 a
462 1712 508 1762 Q.
533 1713 725 1769 Volusio,
755 1718 830 1755 tuo
864 1716 1082 1770 discipulo,
1115 1716 1150 1757 si
1181 1717 1292 1757 forte
1324 1731 1372 1758 ea
1397 1732 1463 1758 res

123 1770 281 1824 poterit
306 1770 566 1812 adversarios
590 1772 756 1828 fugare,
787 1773 831 1813 in
857 1788 906 1815 eo
931 1774 1116 1815 maxima
1135 1789 1229 1828 spes
1255 1778 1328 1815 est.
1359 1775 1463 1829 Nos,
1489 1787 1510 1816 3

124 1829 159 1869 si
192 1829 294 1882 quid
324 1829 405 1869 erit
435 1830 532 1870 istic
562 1844 678 1885 opuS,
710 1831 916 1872 defendes.
969 1831 1120 1873 Caesar
1151 1833 1288 1873 adhuc
1317 1834 1377 1889 mi
1402 1834 1464 1874 in-

124 1887 278 1928 iuriam
309 1888 428 1942 facit3
466 1888 516 1928 de
552 1889 657 1929 meis
689 1890 1070 1943 supplicationibus
1102 1893 1143 1932 et
1173 1892 1300 1932 rebus
1331 1892 1463 1947 gestis

124 1945 373 1987 Dalmaticis
404 1946 540 1987 adhuc
570 1961 656 1987 non
687 1948 827 2002 refert,
860 1949 979 2002 quasi
1003 1963 1104 1989 vero
1129 1963 1215 1989 non
1240 1950 1464 1991 iustissimi

72 2016 106 2041 3ο
124 2005 331 2059 triumphi
356 2005 400 2045 in
419 2004 633 2045 Dalmatia
657 2020 722 2046 res
747 2006 965 2061 gesserim!
996 2006 1120 2061 Nam,
1153 2007 1188 2048 Si
1212 2007 1294 2048 hoc
1319 2022 1465 2062 expec-

124 2064 357 2118 tandumst,
396 2063 496 2104 dum
538 2066 678 2104 totum
720 2064 880 2105 bellum
924 2065 1160 2120 conficiam,
1204 2066 1359 2122 viginti
1392 2081 1464 2121 op-

124 2122 223 2176 pida
259 2125 357 2163 sunt
393 2121 630 2164 Dalmatiae
667 2123 856 2177 antiqua,
901 2138 1006 2177 quae
1043 2124 1124 2178 ipsi
1162 2124 1244 2165 sibi
1282 2125 1465 2167 adscive-

124 2183 241 2235 runt,
281 2181 462 2234 amplius
498 2181 728 2237 sexaginta.
794 2181 911 2222 Haec
949 2182 1031 2223 nisi
1072 2182 1214 2223 omnia
1253 2197 1462 2239 expugno,

125 2239 160 2280 si
184 2239 291 2280 mihi
316 2240 644 2294 supplicationes
673 2254 759 2281 non
786 2241 1078 2296 decernuntur,
1107 2242 1234 2297 longe
1260 2242 1342 2282 alia
1367 2257 1462 2283 con-

73 2308 106 2333 35
127 2297 290 2339 dicione
322 2313 400 2353 ego
432 2313 524 2339 sum
556 2313 603 2340 ac
635 2299 761 2340 ceteri
792 2299 1361 2353 imperatores——————.
