1659 2552
161 101 247 143 354
669 97 1011 133 EPISTULARUM

776 239 889 281 XIX.

477 321 550 357 Ser.
577 321 715 356 Romae
738 332 784 355 m.
810 319 896 355 Dec.
927 331 960 354 α.
989 322 1062 355 708
1090 322 1180 363 (46).

568 401 736 437 CICERO
764 400 1034 437 CORNIFICIO
1062 401 1095 436 S.

248 486 547 528 Libentissime
579 486 665 542 legi
696 489 790 527 tuas
821 486 1006 541 litteras3
1038 485 1082 526 in
1109 485 1263 539 quibus
1295 484 1504 526 iucundis-

161 547 316 588 simum
341 546 447 586 mihi
474 546 567 599 fuit,
593 545 708 599 quod
733 545 914 600 cognovi
939 558 1054 585 meas
1079 544 1160 585 tibi
1187 543 1371 585 redditas
1397 558 1504 599 esse3
1541 556 1558 581 5
1586 592 1589 593 ⁷

161 620 247 647 11011
279 605 390 646 0111111
424 604 683 658 dubitabam,
715 604 818 658 quin
850 618 919 645 eas
949 603 1146 644 lubenter
1170 602 1356 643 lecturus
1382 616 1504 657 esses,

161 664 349 717 verebar,
382 666 429 704 ut
460 663 746 704 redderentur.

250 722 429 776 Bellum,
461 722 576 776 quod
607 724 670 763 est
700 722 745 762 in
777 720 918 775 Syria,
959 719 1210 774 Syriamque
1241 719 1505 773 provinciam

162 782 243 822 tibi
281 782 487 822 tributam
525 795 613 822 esse
645 795 669 821 a
702 779 877 821 Caesare
916 794 967 820 ex
1004 779 1089 820 tuis
1125 778 1280 819 litteris
1312 778 1504 834 cognovi.

163 840 270 881 Eam
302 855 390 881 rem
421 840 502 880 tibi
534 839 631 880 volo
663 839 770 880 bene
801 841 843 880 et
874 838 1055 879 feliciter
1085 837 1268 891 evenire3
1301 837 1415 891 quod
1446 837 1506 877 ita
1525 851 1558 875 10

118 935 135 943 ..
163 901 253 940 fore
286 898 451 939 confido
483 899 617 939 fretus
649 900 691 939 et
721 897 930 938 industria
962 900 1004 938 et
1033 895 1259 951 prudentia
1288 899 1372 937 tua.
1423 893 1506 937 Sed

164 958 213 999 de
238 957 428 998 Parthici
454 957 555 998 belli
582 957 820 1011 suspicione
847 956 960 1010 quod
986 955 1147 1009 scribis,
1179 969 1277 995 sane
1302 968 1370 995 me
1396 968 1506 995 com-

161 1017 307 1058 movit.
370 1015 482 1065 Quid
507 1016 619 1057 enim
640 1016 857 1070 copiarum
881 1014 1071 1068 haberes,
1103 1027 1198 1055 cum
1230 1013 1319 1067 ipse
1345 1013 1506 1054 coniec—

162 1078 258 1116 tura
299 1075 499 1129 consequi
539 1077 732 1129 poteram
772 1077 865 1114 tum
906 1088 956 1115 ex
996 1073 1082 1114 tuis
1120 1072 1276 1113 litteris
1314 1071 1505 1127 cognovi.

161 1133 311 1188 Itaque
338 1137 450 1188 opto,
482 1148 534 1174 ne
566 1148 609 1175 se
640 1133 714 1174 illa
744 1147 847 1188 gens
873 1135 1042 1173 moveat
1066 1132 1147 1172 hoc
1170 1134 1373 1185 tempore,
1406 1130 1506 1171 dum
1527 1142 1559 1168 15

163 1193 216 1234 ad
235 1196 276 1234 te
296 1193 485 1248 legiones
505 1207 577 1234 eae
601 1192 898 1246 perducantur,
924 1205 1027 1245 quas
1048 1190 1173 1231 audio
1195 1190 1301 1230 duci.
1346 1188 1506 1238 Quodsi

162 1252 277 1306 paris
309 1252 450 1306 copias
482 1251 535 1291 ad
567 1250 880 1305 confligendum
911 1264 998 1291 non
1028 1249 1223 1303 habebis,
1254 1262 1340 1289 non
1371 1251 1413 1288 te
1445 1248 1508 1288 fu-

163 1311 252 1366 giet
283 1310 347 1351 uti
379 1310 555 1351 consilio
587 1309 642 1350 M.
669 1309 826 1362 Bibuli,
859 1309 931 1362 qui
963 1317 1012 1349 se·
1033 1308 1188 1362 oppido
1220 1306 1507 1348 munitissimo

163 1372 205 1410 et
231 1369 522 1423 copiosissimo
548 1371 636 1408 tam
663 1367 735 1408 diu
765 1367 919 1420 tenuit,
952 1381 1078 1421 quam
1111 1366 1183 1406 diu
1214 1366 1259 1406 in
1289 1364 1508 1419 provincia

163 1427 312 1468 Parthi
343 1428 526 1468 fuerunt.
590 1426 673 1467 Sed
702 1426 806 1466 haec
836 1425 988 1466 melius
1014 1440 1065 1465 ex
1097 1439 1141 1465 re
1167 1427 1208 1465 et
1234 1439 1285 1465 ex
1315 1426 1507 1477 tempore
1527 1435 1560 1460 20

164 1486 412 1540 constitues3
455 1485 561 1525 mihi
599 1485 770 1539 quidem
807 1498 940 1537 usque
972 1484 1094 1525 curae
1127 1483 1224 1537 erit,
1263 1482 1366 1536 quid
1396 1496 1507 1538 agas,

165 1545 283 1598 dum,
327 1544 430 1598 quid
467 1544 619 1599 egeris,
664 1543 808 1584 sciero.
869 1542 1054 1583 Litteras
1097 1542 1149 1583 ad
1191 1544 1233 1582 te
1277 1555 1507 1594 numquam

163 1603 294 1644 habui
327 1603 394 1644 cui
427 1602 585 1656 darem,
624 1602 726 1656 quin
759 1601 963 1656 dederim3
1001 1616 1024 1641 a
1054 1603 1114 1654 te,
1146 1603 1194 1641 ut
1224 1599 1337 1640 idem
1368 1599 1508 1653 facias,

163 1665 274 1716 peto,
307 1661 350 1702 in
380 1662 615 1715 primisque
646 1663 695 1702 ut
725 1661 785 1701 ita
814 1660 866 1701 ad
897 1662 994 1701 tuos
1020 1659 1191 1714 scribas,
1222 1661 1270 1700 ut
1295 1672 1362 1699 me
1387 1660 1509 1699 tuum

166 1722 300 1762 sciant
333 1734 433 1762 esse.
1530 1728 1563 1753 2³

792 1824 882 1865 XX.

413 1906 489 1941 Ser.
517 1905 653 1940 Romae
677 1905 742 1939 IV
765 1905 862 1940 Non.
890 1903 985 1949 Sept.
1013 1916 1045 1939 α.
1075 1906 1147 1939 710
1174 1905 1264 1947 (44).

601 1986 768 2021 CICERO
797 1984 1079 2021 CORNIFICIO.

256 2071 409 2113 Gratae
446 2070 554 2111 mihi
591 2073 688 2111 tuae
720 2070 906 2124 litterae,
942 2069 1026 2110 nisi
1064 2067 1178 2123 quod
1210 2066 1512 2108 Sinuessanum

168 2130 498 2172 deversoriolum
540 2128 843 2183 contempsisti.
906 2127 1041 2177 Quam
1082 2126 1252 2181 quidem
1297 2127 1512 2166 contume-
1531 2135 1566 2162 80

165 2190 266 2230 liam
298 2189 400 2229 villa
430 2188 586 2243 pusilla
617 2187 765 2241 iniquo
798 2187 939 2228 animo
972 2187 1099 2240 feret,
1130 2185 1212 2226 nisi
1245 2184 1288 2224 in
1322 2182 1512 2224 Cumano

167 2251 208 2288 et
238 2247 498 2302 Pompeiano
531 2246 763 2287 reddideris
794 2245 936 2287 πάντα
966 2243 1065 2299 περὶ
1095 2243 1282 2285 πάντων.
1335 2241 1404 2283 Sic
1436 2242 1515 2298 igi-

166 2309 236 2347 tur
268 2307 394 2347 facies
420 2319 571 2360 meque
597 2305 758 2346 amabis
785 2307 826 2345 et
853 2303 1010 2358 scripto
1037 2302 1179 2356 aliquo
1205 2301 1401 2355 lacesses3
1433 2314 1513 2356 ego
