1659 2552
180 92 266 133 560
682 93 1021 128 EPISTULARUM

180 202 260 242 que
305 188 513 229 delectant
556 188 822 242 maximeque
860 188 980 243 pueri
1024 188 1170 229 nostri.
1238 186 1372 245 Angit
1412 203 1521 230 unus

179 246 295 288 Milo.
347 246 430 289 Sed
454 247 582 288 velim
613 248 740 288 finem
772 247 934 288 adferat
961 247 1219 302 consulatus3
1251 248 1295 288 in
1321 262 1405 302 quo
1437 248 1522 290 eni-

178 308 245 346 tar
287 320 372 347 non
415 306 572 360 minus,
617 321 743 360 quam
788 320 880 346 sum
919 307 1059 347 enisus
1096 306 1140 346 in
1182 308 1347 361 nostro,
1391 309 1521 362 tuque

180 364 316 419 istinc,
343 365 456 419 quod
481 365 595 419 facis,
628 365 858 405 adiuvabis.
909 364 972 406 De
1000 379 1082 419 quo
1110 367 1258 418 cetera,
1290 365 1372 406 nisi
1397 365 1522 420 plane

179 424 243 464 vis
275 424 495 478 eripuerit,
528 426 639 464 recte
671 427 787 478 sunt3
821 424 870 464 de
902 439 945 465 re
978 423 1178 464 familiari
1209 424 1352 466 timeo.
1560 435 1578 460 5

446 519 499 559 ‘O
526 515 579 570 ,ὁὲ
610 519 809 572 μαίνεται
842 517 922 559 οὐκ
953 516 1007 559 ἔτ’
1043 517 1258 571 &ventas-⁹,

180 599 253 654 qui
290 599 414 640 ludus
446 598 519 640 HS
569 600 599 653 †
637 610 748 642 ccc.)
788 602 1013 654 comparet.
1077 599 1206 641 Cuius
1244 600 1288 641 in
1325 600 1407 641 hoc
1437 614 1522 641 uno

178 658 581 700 inconsiderantiam
607 661 648 699 et
675 673 754 714 ego
785 659 1015 712 sustinebo,
1047 661 1095 700 ut
1125 661 1286 714 potero,
1319 662 1372 713 et,
1403 661 1451 700 tu
1476 661 1525 700 ut

179 718 327 772 possis,
360 720 423 758 est
454 720 627 758 tuorum
659 732 898 758 nervorum.

268 776 331 817 De
363 779 483 817 motu
515 779 756 830 temporum
788 776 995 817 venientis
1020 776 1119 817 anni
1144 776 1253 817 nihil
1288 779 1329 817 te
1362 775 1524 817 intelle·
1544 788 1577 813 10

179 850 278 891 gere
311 835 527 876 volueram
561 835 780 876 domestici
812 835 998 889 timoris,
1030 835 1103 876 sed
1135 835 1184 876 de
1217 835 1431 876 communi
1462 834 1524 876 rei

179 894 373 948 publicae
414 896 544 948 statu,
585 894 629 934 in
670 908 753 948 quo
792 894 958 935 etiamsi
994 894 1102 935 nihil
1142 908 1341 948 procuro,
1382 896 1524 935 tamen

179 953 288 993 nihil
326 967 471 994 curare
503 953 574 993 vix
614 967 797 1007 possum.
860 952 995 1002 Quam
1027 956 1168 994 autem
1199 955 1240 994 te
1272 953 1400 994 velim
1431 966 1524 993 cau-

179 1014 271 1052 tum
304 1026 392 1053 esse
425 1012 468 1052 in
500 1011 740 1065 scribendo,
779 1026 830 1052 ex
864 1012 944 1053 hoc
977 1012 1177 1066 conicito,
1207 1012 1330 1077 'quod
1360 1025 1439 1067 ego
1471 1011 1525 1052 ad

180 1073 222 1111 te
259 1085 310 1111 ne
348 1070 451 1111 haec
489 1070 659 1136 quidem
698 1070 855 1124 scribo,
884 1085 999 1135 'quae
1031 1071 1170 1125 palam
1203 1070 1246 1111 in
1278 1085 1322 1112 re
1354 1070 1525 1124 publica
1545 1080 1578 1106 15

178 1129 423 1183 turbantur,
460 1144 513 1170 ne
546 1130 793 1183 cuiusquam
825 1129 1013 1170 animum
1044 1144 1160 1170 meae
1198 1129 1365 1170 litterae
1397 1129 1524 1170 inter—

180 1191 324 1242 ceptae
369 1188 594 1229 offendant
657 1188 794 1237 Quare
839 1188 1068 1229 domestica
1112 1202 1211 1229 cu1a
1254 1191 1295 1229 te
1337 1188 1524 1229 levatum

179 1247 295 1301 volo3
338 1247 382 1288 in
423 1261 467 1288 re
507 1247 678 1301 publica
719 1247 804 1288 scio
843 1262 970 1301 quam
1008 1247 1215 1288 sollicitus
1253 1261 1341 1288 esse
1378 1246 1522 1288 soleas.

179 1304 316 1347 Video
348 1306 572 1347 Messalam
603 1308 797 1346 nostrum
827 1306 1066 1359 consulem,'
1084 1306 1119 1346 si
1150 1320 1226 1360 per
1256 1306 1524 1360 interregem,

179 1365 268 1405 sine
308 1365 485 1419 iudicio,
527 1365 561 1405 si
598 1379 674 1418 per
711 1364 982 1417 dictatorem,
1022 1367 1163 1404 tamen
1196 1364 1284 1404 sine
1322 1363 1521 1417 periculo.
1543 1374 1577 1399 20

181 1422 277 1463 Odii
310 1423 418 1463 nihil
449 1423 588 1464 habet.
644 1422 848 1463 Hortensi
881 1423 994 1463 calor
1024 1422 1207 1462 multum
1233 1421 1402 1462 valebit.
1445 1420 1524 1462 Ga-

179 1481 270 1522 bini
308 1481 521 1522 absolutio
553 1481 621 1522 1οΧ
658 1481 925 1535 impunitatis
962 1483 1146 1535 putatur.
1207 1479 1277 1521 ’Ev
1308 1478 1522 1536 παρέργῳ·

181 1539 230 1580 de
264 1539 469 1580 dictatore
501 1543 642 1580 tamen
675 1543 816 1580 actum
854 1539 990 1580 adhuc
1022 1539 1129 1579 nihil
1162 1542 1234 1580 est.
1295 1538 1524 1593 Pompeius

180 1598 310 1652 abest,
342 1599 508 1653 Appius
535 1599 693 1653 miscet,
726 1597 880 1639 Hirrus
905 1601 1038 1652 parat,
1069 1598 1194 1639 multi
1227 1598 1523 1639 intercessores

179 1660 476 1711 numerantur,
508 1657 690 1712 populus
722 1671 808 1698 non
839 1660 969 1711 curat,
1000 1657 1212 1711 principes
1243 1656 1411 1710 nolunt,
1443 1670 1522 1712 ego
1544 1667 1576 1692 25

181 1716 362 1770 quiesco.
425 1716 488 1757 De
525 1716 748 1770 mancipiis
780 1716 894 1770 quod
924 1716 1031 1756 mihi
1068 1715 1298 1770 polliceris,
1330 1715 1450 1756 valde
1481 1717 1523 1756 te

181 1789 275 1816 amo
303 1778 344 1816 et
370 1790 461 1815 sum
489 1775 696 1829 equidem,
728 1775 792 1815 uti
824 1775 985 1828 scribis,
1018 1777 1059 1815 et
1085 1774 1244 1815 Romae
1271 1776 1313 1815 et
1336 1774 1383 1814 in
1407 1787 1525 1828 prae-

182 1833 261 1874 diis
293 1834 555 1888 insrequens3
593 1834 666 1875 sed
697 1848 812 1887 cave,
850 1833 1018 1886 amabo,
1051 1833 1294 1887 quicquam,
1327 1832 1441 1886 quod
1471 1831 1524 1872 ad

179 1907 322 1933 meum
348 1892 617 1933 commodum
643 1893 838 1946 attineat,
870 1892 952 1933 nisi
982 1892 1168 1933 maximo
1200 1894 1275 1932 tuo
1302 1890 1522 1932 commodo

181 1954 220 1991 et
253 1951 438 1991 maxima
469 1954 542 1992 tua
574 1951 786 2004 facultate,
818 1951 877 1991 mi
909 1951 1050 2005 frater,
1083 1950 1293 2006 cogitaris
1343 1949 1407 1991 De
1439 1949 1523 2004 epi·
1541 1959 1576 1985 80

180 2009 289 2050 stola
327 2009 491 2050 Vatinii
535 2010 626 2064 risi,
671 2010 743 2050 sed
782 2024 848 2050 me
890 2010 942 2050 ab
985 2023 1033 2050 eo
1075 2009 1134 2049 ita
1172 2008 1386 2049 observari
1423 2008 1521 2061 scio,

179 2071 227 2108 ut
259 2068 348 2109 eius
381 2069 461 2109 ista
493 2068 589 2109 odia
626 2082 712 2109 non
743 2067 937 2109 sorbeam
969 2068 1124 2121 solum,
1165 2067 1238 2108 sed
1269 2067 1396 2108 etiam
1427 2079 1522 2106 con-

181 2140 370 2180 coquam.

269 2184 391 2234 Quod
422 2200 489 2226 me
520 2185 723 2239 hortaris,
761 2187 807 2226 ut
840 2185 1073 2238 absolvam,
1110 2185 1246 2225 habeo
1278 2181 1521 2224 absolutum

180 2258 317 2297 suave,
349 2244 454 2284 mihi
482 2244 652 2298 quidem
684 2243 747 2284 uti
773 2243 951 2297 videtur,
984 2246 1084 2292 ἔπος
1109 2243 1162 2283 ad
1188 2242 1417 2295 Caesarem,
1450 2241 1524 2282 sed
1541 2251 1575 2292 35

181 2317 335 2355 quaero
380 2303 635 2357 locupletem
667 2302 954 2356 tabellarium,
991 2317 1044 2343 ne
1087 2301 1247 2342 accidat
1285 2299 1398 2354 quod
1429 2299 1523 2340 Eri-
