1659 2552
133 889 178 919 4ss

161 1912 177 1941 μ

198 75 286 117 506
696 70 1035 106 EPISTULARUM

199 170 459 224 aequitatem
490 171 619 222 tuam,
651 165 996 221 temperantiam,
1029 164 1295 206 severitatem
1327 163 1545 220 integrita-

200 232 371 283 temque
396 227 627 269 laudarent.
680 225 763 266 Sed
788 239 854 265 me
881 224 1086 279 quaedam
1117 226 1233 264 tenet
1263 225 1438 278 propter
1463 222 1545 264 sin-

201 289 393 344 gularem
419 301 605 327 amorem
633 285 799 325 infinita
824 284 869 324 in
900 286 942 324 te
968 283 1147 323 aviditas
1172 282 1343 338 gloriae.
1394 281 1545 331 Quam-

203 362 330 402 quam
368 346 474 387 illud
512 344 727 397 existimo,
769 357 864 383 cum
902 342 986 383 iam
1024 341 1104 382 tibi
1136 341 1239 382 Asia
1276 342 1335 382 sic
1371 341 1435 382 uti
1472 340 1545 382 uni

203 407 354 460 cuique
399 420 473 445 sua
517 404 666 444 domus
709 404 811 442 nota
854 415 943 442 esse
988 400 1154 454 debeat,
1199 414 1294 441 cum
1337 399 1390 441 ad
1429 403 1581 441 tuams

202 479 411 506 summam
443 462 712 517 prudentiam
743 463 887 501 tantus
918 473 1018 500 usus
1050 459 1281 513 accesserit,
1312 458 1421 500 nihil
1447 472 1547 513 esse,

202 523 318 578 quod
349 523 402 563 ad
432 522 599 570 laudem
632 520 821 573 attineat,
858 518 971 573 quod
1001 532 1088 559 non
1118 521 1166 559 tu
1199 518 1358 572 optime
1389 517 1547 572 perspi-

203 583 288 624 cias
321 585 362 622 et
393 581 473 622 tibi
505 595 591 621 non
623 579 712 620 sine
739 579 987 632 cuiusquam
1018 577 1260 619 hortatione
1293 577 1337 618 in
1361 579 1548 618 mentem

203 641 345 682 veniat
372 639 536 681 cotidie.
579 637 662 680 Sed
688 652 778 693 ego,
812 637 921 691 quia,
955 650 1049 677 cum
1080 638 1154 677 tua
1184 636 1293 692 lego,
1324 638 1366 676 te
1392 635 1548 689 audire,

205 703 246 741 et
278 700 387 754 quia,
421 713 515 739 cum
548 697 600 738 ad
630 700 672 738 te
705 696 856 750 scribo,
887 698 1027 736 tecum
1058 695 1176 749 loqui
1202 695 1359 749 videor,
1391 694 1548 735 idcirco
1569 705 1602 730 10

205 762 246 800 et
277 762 350 799 tua
382 757 632 813 longissima
665 770 830 810 quaque
863 754 1041 809 epistola
1075 754 1258 794 maxime
1292 753 1477 794 delector
1507 755 1549 794 et

205 818 294 873 ipse
326 818 369 857 in
402 815 624 858 scribendo
657 829 750 855 sum
783 828 904 868 saepe
935 813 1116 869 longior.

293 875 406 917 Illud
445 878 486 916 te
528 875 580 915 ad
618 877 854 915 extremum
887 875 928 914 et
961 886 1034 913 oro
1068 874 1109 913 et
1139 871 1306 926 hortor,
1343 873 1408 926 ut,
1445 873 1550 912 tam-

207 950 333 990 quam
364 938 513 990 po'etae
545 933 648 974 boni
680 935 721 973 et
754 934 916 973 actores
948 930 1147 972 industrii
1174 930 1322 984 solent,
1349 930 1408 970 sie
1432 932 1479 971 tu
1505 930 1549 970 in

205 998 394 1035 extrema
435 995 555 1048 parte
594 994 635 1033 et
673 991 941 1032 conclusione
977 988 1164 1031 muneris
1203 1003 1250 1029 ao
1286 989 1449 1044 negotii
1486 988 1549 1029 tui
1570 999 1603 1024 15

206 1053 558 1109 diligentissimus
599 1051 675 1105 sis,
717 1053 764 1091 ut
803 1049 873 1090 hic
912 1049 1064 1090 tertius
1105 1062 1238 1089 annus
1278 1048 1446 1103 imperii
1485 1047 1550 1088 tui

205 1116 423 1166 tamquam
459 1111 611 1152 tertius
648 1113 762 1151 actus
800 1108 1133 1163 perfectissimus
1173 1109 1298 1161 atque
1337 1106 1551 1148 ornatissi-

204 1186 298 1212 mus
340 1171 469 1211 fuisse
510 1169 713 1210 videatur.
776 1166 826 1208 Id
866 1167 1067 1208 facillime
1104 1166 1251 1220 facies,
1292 1165 1326 1206 si
1357 1179 1445 1219 me,
1482 1165 1550 1206 cui

204 1245 371 1284 semper
401 1230 475 1270 uni
507 1228 643 1283 magis
676 1242 801 1281 quam
834 1226 1042 1267 universis
1073 1225 1237 1279 placere
1269 1224 1461 1278 voluisti,
1491 1226 1550 1265 te-

206 1303 300 1330 cum
333 1303 498 1342 semper
536 1301 623 1328 esse
660 1285 831 1340 putabis
864 1288 905 1326 et
944 1284 1140 1335 omnibus
1179 1284 1230 1323 iis
1261 1283 1408 1337 rebus,
1446 1296 1549 1337 quas
1569 1293 1603 1319 20

205 1348 317 1388 dices
355 1350 396 1388 et
427 1347 575 1399 facies,
615 1345 827 1385 interesse.
889 1343 1118 1396 Reliquum
1151 1344 1229 1395 est,
1270 1344 1317 1382 ut
1347 1344 1389 1382 te
1422 1355 1549 1396 orem,

204 1409 252 1447 ut
289 1405 519 1447 valetudini
563 1407 679 1456 tuae,
722 1403 757 1443 si
797 1416 864 1443 me
904 1404 945 1443 et
982 1404 1078 1442 tuos
1117 1414 1261 1441 omnes
1298 1400 1436 1440 valere
1473 1399 1549 1454 vis,

206 1464 530 1520 diligentissime
563 1462 729 1503 servias

848 1611 901 1653 II.

228 1698 301 1734 Ser.
330 1698 466 1733 Romae
492 1697 585 1730 inter
617 1695 721 1730 VIII
742 1694 788 1728 K.
817 1693 908 1728 Nor.
936 1697 969 1728 et
993 1692 1058 1727 IV
1077 1693 1133 1727 Id.
1161 1692 1247 1727 Dee.
1275 1703 1308 1727 a.
1335 1693 1407 1726 695
1435 1693 1526 1735 (59).
1569 1702 1604 1729 25

570 1776 763 1812 MARCUS
791 1774 972 1817 QUINTO
997 1774 1185 1809 FRATRI.

296 1875 457 1917 Statius
489 1875 541 1915 ad
572 1888 639 1914 me
671 1872 787 1913 venit
819 1887 852 1912 a.
887 1871 922 1911 d.
957 1882 1039 1911 VIII
1071 1870 1121 1910 K.
1153 1868 1383 1910 Novembr.
1445 1867 1550 1909 Eius

206 1935 431 1988 adventus,
474 1933 587 1988 quod
624 1933 684 1973 ita
722 1930 949 1984 scripsisti,
992 1929 1204 1983 direptum
1242 1928 1294 1968 iri
1326 1929 1367 1967 te
1398 1941 1421 1967 a
1453 1926 1549 1980 tuis,

207 1994 307 2035 dum
345 1994 380 2034 is
419 1993 604 2045 abesset,
643 1989 847 2031 molestus
878 1988 985 2029 mihi
1026 1987 1143 2042 fuit3.
1167 1986 1280 2041 quod
1310 1988 1450 2026 autem
1482 1999 1550 2026 ex-

205 2053 512 2108 spectationem
543 2051 605 2091 tui
639 2061 972 2101 concursumque
1005 2061 1112 2101 eum,
1145 2045 1217 2099 qui
1250 2046 1339 2085 erat
1370 2044 1549 2098 futurus,
1569 2054 1602 2080 3⁰

206 2112 242 2153 si
273 2126 356 2152 una
387 2114 527 2151 tecum
560 2108 777 2149 decederet
809 2120 943 2159 neque
976 2108 1098 2145 antea
1123 2105 1238 2145 visus
1264 2105 1382 2156 esset,
1414 2105 1550 2143 sustu—

205 2170 273 2224 lit,
306 2170 350 2210 id
379 2169 486 2210 mihi
517 2182 603 2209 non
636 2164 900 2207 incommode
932 2163 1070 2204 visum
1103 2165 1165 2204 est
1197 2161 1405 2203 accidisse.
1467 2160 1551 2202 Ex-

205 2228 382 2269 haustus
421 2230 484 2269 est
521 2227 633 2268 enim
670 2238 808 2266 sermo
845 2223 1068 2264 hominum
1107 2224 1148 2263 et
1184 2220 1342 2262 multae
1374 2219 1550 2260 emissae

208 2287 291 2328 iam
334 2287 422 2328 eius
462 2285 578 2327 modi
619 2298 761 2325 voces:
807 2280 913 2323 (ἀλλ’
958 2282 1046 2323 αἰεί
1082 2296 1180 2322 τινα
1223 2287 1345 2333 φῶτα
1385 2276 1551 2332 μέγαν’,
