1659 2552
328 86 367 128 Q.
390 86 471 121 CIC.
491 85 554 120 DE
575 85 724 121 PETIT.
744 85 809 119 AD
829 84 876 120 M.
897 84 1066 119 FRATR.
1089 88 1237 119 21—30.
1367 83 1450 124 569

116 183 294 224 titorum
326 182 451 223 alicui
481 184 652 222 tuorum
684 181 738 221 sit
769 180 1002 235 adiunctus,
1034 195 1057 220 a
1089 194 1172 234 quo
1204 194 1289 220 non
1318 179 1451 233 facile,

117 242 153 283 si
185 241 461 295 contenderis,
492 241 717 294 impetrare
748 240 904 294 possis,
936 242 983 280 ut
1014 253 1089 279 suo
1123 238 1326 279 beneficio
1357 252 1452 292 pro-

116 303 344 354 mereatur,
376 314 418 340 se
450 302 497 340 ut
529 313 641 339 ames
667 302 707 339 et
734 298 814 339 sibi
840 301 887 339 ut
914 297 1075 351 debeas,
1107 297 1233 338 modo
1259 300 1306 336 ut
1332 296 1452 337 intel-

117 359 231 415 legat
273 362 315 400 te
357 358 501 414 magni
545 357 763 398 aestimare
804 371 854 397 ex
894 357 1034 397 animo
1075 370 1219 411 agei-,e
1261 355 1367 396 bene
1409 369 1450 396 se

82 430 98 456 5
118 431 285 472 ponere,
317 417 407 458 fore
439 431 489 457 ex
521 431 569 457 eo
600 430 686 457 non
717 416 887 456 brevem
918 419 960 456 et
991 415 1348 470 suifragatoriam
1380 414 1452 454 sed

118 478 283 517 firmam
327 479 368 517 et
415 478 660 530 perpetuam
704 474 942 515 amicitiam.
1015 473 1152 515 Nemo
1197 473 1297 526 erit,
1346 472 1451 513 mihi

119 535 256 589 crede,
293 535 336 575 in
374 548 457 588 quo
494 534 619 574 modo
657 533 817 587 aliquid
848 533 919 586 sit,
958 532 1030 586 qui
1061 532 1142 573 1100
1171 534 1338 585 tempus
1370 532 1451 572 sibi

119 593 309 635 01113111111
350 592 558 633 amicitiae
598 595 737 633 tecum
775 591 1090 632 constituendae
1129 590 1452 656 praeteimittat,

119 652 367 707 praesertim
399 666 493 692 cum
524 651 604 691 tibi
635 651 715 691 1100
742 664 859 691 033113
874 643 1048 704 afferat,
1080 652 1127 690 ut
1158 649 1189 690 ii
1220 652 1359 690 tecum
1384 664 1452 703 pe-

66 724 99 749 10
119 714 228 765 tant,
265 725 446 764 quorum
483 710 668 750 amicitia
705 712 778 750 aut
816 708 1119 750 contemnenda
1151 710 1223 748 aut
1253 708 1453 763 fugienda

118 770 190 824 sit,
228 772 270 810 et
302 769 374 823 qui
404 769 501 823 hoc,
543 769 655 822 quod
693 782 771 823 ego
802 770 845 808 te
875 768 1040 822 hortor,
1072 781 1158 807 non
1188 767 1315 807 1110ᾱο
1348 781 1453 807 3330-

119 828 209 883 qui,
246 828 319 869 sed
354 842 406 868 ne
443 827 627 881 incipere
665 826 834 881 quidem
871 826 1044 880 possint.
1105 825 1217 867 Nam
1249 825 1322 879 qui
1353 825 1453 866 inci-

118 887 208 941 piat
249 886 462 927 Antonius
504 886 697 927 homines
740 885 967 940 adiungere
1010 887 1135 937 atque
1177 884 1358 924 invitare
1402 883 1453 924 ad

119 945 360 999 amicitiam,
392 959 497 999 quos
527 959 602 998 per
628 959 669 985 se
695 959 770 985 suo
801 944 971 984 nomine
1003 943 1213 997 appellare
1244 957 1330 983 non
1360 956 1454 995 pos-

67 1016 100 1042 15
120 1005 204 1046 sit‘?
258 1003 367 1044 Mihi
398 1003 567 1057 quidem
604 1003 712 1043 nihil
749 1003 920 1043 stultius
951 1002 1119 1043 videtur
1155 1016 1281 1055 quam
1313 1001 1454 1041 existi-

119 1077 233 1104 mare
254 1077 341 1103 esse
361 1077 456 1103 011111
477 1062 711 1102 studiosum
730 1062 805 1114 tui,
832 1076 956 1115 quem
974 1075 1059 1101 non
1078 1060 1204 1101 noris.
1239 1059 1453 1100 Eximiam

120 1121 330 1176 quandam
372 1121 552 1176 gloriam
593 1123 634 1161 01
679 1120 928 1175 dignitatem
969 1134 1016 1160 30
1056 1133 1196 1160 rerum
1238 1121 1454 1173 gestarum

119 1179 455 1235 magnitudinem
481 1193 568 1220 esse
594 1181 761 1233 oportet
792 1179 835 1218 in
867 1193 927 1232 eo,
958 1192 1074 1231 quem
1098 1177 1291 1218 homines
1316 1176 1454 1232 ignoti

119 1238 247 1279 nullis
273 1238 602 1293 suffragantibus
626 1238 787 1278 honore
812 1237 1015 1291 afficiant,
1046 1239 1093 1276 ut
1125 1236 1294 1290 quidem
1324 1235 1453 1276 homo

68 1310 101 1335 20
120 1311 312 1351 nequam,
343 1297 466 1350 111013,
498 1297 586 1336 sine
619 1296 771 1349 officio,
803 1296 891 1336 sine
923 1295 1110 1350 ingenio,
1143 1309 1238 1335 cum
1269 1294 1454 1348 infamia,

119 1356 248 1397 nullis
286 1355 431 1396 31111013
466 1355 681 1396 hominem
720 1354 1001 1408 plurimorum
1039 1353 1179 1394 studio
1212 1356 1337 1406 atque
1369 1367 1454 1393 om-

120 1414 238 1455 nium
281 1414 393 1455 bona
436 1414 747 1454 existimatione
789 1413 1000 1453 munitum
1048 1414 1314 1466 praecurrat,
1365 1411 1454 1451 sine

120 1487 273 1528 magna
305 1473 426 1526 culpa
456 1472 747 1527 neglegentiae
778 1472 871 1512 fieri
901 1486 986 1511 non
1020 1473 1170 1525 potest.
1233 1469 1367 1518 Quam
1399 1469 1453 1510 o'b

123 1545 211 1572 rem
244 1545 387 1572 omnes
419 1531 627 1571 centurias
658 1530 804 1571 multis
830 1532 871 1570 et
895 1530 1023 1571 variis
1055 1529 1252 1569 amicitiis
1284 1543 1383 1569 cura
1408 1531 1454 1568 ut

69 1602 102 1627 25
122 1590 388 1630 confirmatas
418 1589 584 1629 habeas.
646 1588 703 1629 Et
732 1589 934 1642 primum,
967 1588 1009 1628 id
1041 1588 1154 1641 quod
1185 1590 1280 1627 ante
1313 1586 1456 1627 oculos

123 1651 196 1702 est,
229 1650 441 1688 senatores
467 1647 710 1701 equitesque
736 1646 961 1699 Romanos,
994 1649 1228 1686 ceterorum
1261 1645 1456 1685 ordinum

121 1720 252 1747 navos
277 1706 468 1746 homines
495 1708 535 1746 et
560 1706 768 1760 gratiosos
789 1705 1075 1758 complectere.
1113 1703 1239 1743 Multi
1263 1703 1456 1743 homines

122 1764 274 1806 urbani
300 1764 508 1817 industrii,
539 1763 662 1804 multi
688 1763 877 1803 libertini
904 1763 947 1803 in
966 1764 1058 1803 foro
1079 1761 1256 1817 gratiosi
1275 1761 1455 1814 na'vique

122 1825 352 1864 versantur.
415 1821 528 1870 Quos
565 1836 640 1876 per
675 1825 734 1875 te,
775 1835 879 1875 quos
914 1836 990 1875 per
1027 1833 1268 1861 communes
1300 1820 1456 1859 amicos

71 1894 105 1919 30
123 1881 300 1936 poteris.
345 1895 507 1921 summa
552 1894 666 1933 cura,
710 1883 757 1920 ut
800 1880 940 1933 cupidi
984 1879 1046 1919 tui
1090 1879 1185 1932 sint,
1229 1878 1457 1932 elaborato,

123 1940 331 1994 appetito,
376 1939 577 1994 allegato,
628 1953 790 1979 3111111110
833 1938 1037 1979 beneficio
1081 1940 1122 1978 te
1166 1936 1279 1977 affici
1322 1939 1457 1977 osten-

124 1999 223 2039 dito.
285 1997 447 2038 Deinde
458 1972 637 2038 ὗ11311010
676 1997 881 2038 rationem
918 1997 1036 2037 urbis
1073 1996 1222 2049 totius,
1261 1995 1457 2050 collegio-

123 2072 216 2098 rum
261 2056 466 2109 omnium,
515 2070 739 2111 pagorum,
782 2055 1058 2096 vicinitatum.
1126 2054 1194 2095 Ex
1235 2053 1301 2093 his
1343 2068 1457 2106 pr-in

124 2116 235 2170 cipes
255 2115 307 2156 ad
326 2114 555 2155 amicitiam
580 2117 697 2154 tuam
723 2114 758 2154 si
784 2114 1024 2154 adiunxeris
1026 2127 1142 2167 ,per
1161 2126 1231 2153 003
1251 2112 1457 2165 reliquam

71 2185 105 2211 35
124 2173 442 2214 multitudinem
472 2172 593 2213 facile
618 2172 792 2213 tenebis.
852 2171 1005 2212 Postea
1035 2174 1169 2212 totam
1200 2169 1367 2210 Italiam
1393 2170 1458 2210 fae

123 2235 171 2272 ut
197 2232 241 2272 in
267 2232 407 2272 animo
433 2244 480 2271 ac
510 2231 713 2271 memoria
744 2230 940 2270 tributim
973 2229 1218 2283 discriptam
1245 2242 1458 2282 compren-

124 2305 296 2345 samque
327 2290 499 2344 habeas,
530 2303 582 2329 ne
615 2289 727 2342 quod
757 2288 1052 2342 municipium,
1085 2287 1312 2342 coloniam,
1341 2301 1458 2340 prae-

1480 837 1522 867 28

1482 2005 1526 2036 30
