1659 2552
576 70 719 105 LIBER
743 70 827 104 XIV
855 73 1002 105 11—15.
1370 68 1457 109 435

115 167 160 210 Si
199 168 270 209 ille
307 167 489 208 Romam
525 167 713 208 modeste
751 168 953 207 venturus
991 167 1074 218 est,
1116 167 1228 205 recte
1266 164 1310 204 111
1341 178 1459 218 prae-

115 227 249 268 sentia
276 226 390 267 domi
416 240 504 267 esse
536 226 731 280 potestis,
763 225 828 265 sin
852 224 981 265 homo
1008 237 1151 264 amens
1178 223 1459 276 diripiendam

115 286 264 326 urbem
297 285 470 326 daturus
503 288 576 337 est,
609 298 767 338 vereor,
799 285 846 324 ut
877 282 1101 323 Dolabella
1132 282 1220 335 ipse
1253 282 1354 322 satis
1386 295 1460 321 no-

116 345 182 385 bis
213 344 410 398 prodesse
442 343 586 397 possit.
648 341 791 383 Etiam
818 341 923 382 illud
948 343 1104 395 metuo,
1135 355 1188 381 ne
1217 341 1300 380 iam
1333 340 1460 380 inter-

81 416 96 440 5
117 403 347 455 eludamur,
379 405 437 456 ut,
471 416 565 442 cum
598 401 737 442 velitis
769 401 895 454 exire,
927 414 1013 440 non
1042 399 1178 440 liceat.
1229 398 1461 452 Reliquum

117 464 197 515 est,
239 461 352 515 quod
393 461 506 515 ipsae
548 460 706 514 optime
748 458 1089 512 considerabitis,
1130 457 1260 498 vestri
1301 457 1460 498 similes

117 520 297 561 feminae
335 520 473 560 sintne
505 518 682 573 Romae,
724 519 757 558 si
798 518 909 558 enim
946 531 1032 558 non
1072 519 1190 570 sunt,
1231 516 1460 556 videndum

117 581 196 632 est,
237 582 283 619 ut
321 578 497 619 honeste
528 592 602 618 vos
636 592 723 618 esse
761 576 942 630 possitis.
1005 574 1097 624 Quo
1128 574 1255 616 modo
1289 574 1460 629 quidem

117 651 228 677 nunc
266 651 308 677 se
347 651 412 677 res
448 636 594 689 habet,
635 635 760 676 modo
802 638 849 675 ut
889 634 992 675 haec
1028 634 1152 675 nobis
1188 634 1281 674 loca
1317 635 1460 674 tenere

65 709 97 733 10
116 696 259 749 liceat,
303 695 532 736 bellissime
571 694 637 735 vel
680 708 844 734 mecum
882 693 950 733 vel
993 692 1036 732 in
1080 692 1236 733 nostris
1276 691 1460 746 praediis

118 769 206 795 esse
244 754 451 808 poteritis.
521 753 664 794 Etiam
705 752 811 793 illud
850 751 1079 792 verendum
1120 753 1202 805 est,
1244 765 1298 791 ne
1340 750 1460 791 brevi

118 816 308 866 tempore
342 813 472 853 fames
509 812 553 852 in
585 811 689 852 urbe
727 811 792 852 sit.
853 810 933 851 His
967 810 1015 850 de
1048 809 1174 850 rebus
1204 809 1332 850 velim
1364 823 1460 850 cum

117 871 373 925 Pomponio,
405 885 500 911 cum
533 870 728 923 Camillo,
771 884 865 910 cum
897 868 1051 922 quibus
1082 868 1204 909 vobis
1234 868 1460 921 videbitur,

119 930 412 982 consideretis,
451 929 503 969 ad
534 944 741 970 summam
773 928 913 968 animo
951 927 1053 967 forti
1085 927 1187 967 sitis.
1249 926 1461 967 Labienus

68 1001 100 1025 15
120 1004 209 1030 rem
240 989 459 1029 meliorem
490 988 607 1042 fecit,
639 987 810 1028 adiuvat
842 987 969 1027 etiam
994 985 1106 1040 Piso,
1138 984 1252 1039 quod
1277 985 1329 1026 ab
1356 985 1461 1026 urbe

121 1047 297 1088 discedit
338 1050 379 1088 et
419 1046 586 1087 sceleris
627 1045 877 1086 condemnat
919 1059 1121 1100 generum
1164 1058 1298 1084 suum.
1359 1043 1462 1098 Vos,

120 1120 236 1147 meae
269 1106 507 1146 carissimae
540 1105 714 1158 animae,
747 1118 873 1158 quam
905 1103 1147 1157 saepissime
1180 1102 1233 1143 ad
1263 1117 1330 1142 me
1363 1102 1462 1143 scri-

120 1164 221 1218 bite,
253 1167 293 1205 et
325 1178 399 1205 vos
432 1164 534 1218 quid
565 1163 712 1219 agatis,
744 1165 786 1203 et
817 1162 920 1216 quid
951 1162 1046 1202 istic
1071 1163 1233 1216 agatur.
1279 1160 1462 1210 Quintus

120 1226 240 1277 pater
283 1225 324 1263 et
366 1223 480 1263 filius
524 1224 565 1263 et
608 1221 744 1262 Rufus
782 1221 904 1261 vobis
944 1235 973 1261 s.
1008 1220 1043 1261 d.
1094 1219 1255 1261 Valete.
1297 1231 1379 1260 VHI
1411 1219 1462 1260 K.

68 1294 102 1319 20
122 1281 327 1336 [Quinct]
359 1280 607 1322 Menturnis.

747 1384 838 1426 XV.

329 1466 403 1501 Ser.
430 1467 613 1501 Brundisi
639 1466 729 1500 XII
750 1466 796 1500 K.
828 1465 970 1510 Quinct.
997 1476 1030 1499 α.
1059 1466 1131 1499 707
1158 1465 1248 1507 (47).

468 1546 667 1582 TULLIUS
695 1546 727 1580 S.
754 1546 796 1580 D.
823 1544 1109 1580 TERENTIAE.

213 1629 259 1671 Si
289 1630 419 1685 vales,
451 1630 608 1671 benest.
684 1629 1066 1683 Constitueramus,
1105 1631 1152 1669 ut
1183 1628 1237 1669 ad
1266 1630 1309 1668 te
1341 1630 1465 1668 antea

72 1700 104 1725 25
125 1689 393 1743 scripseram,
444 1688 613 1728 obviam
657 1688 902 1729 Ciceronem
947 1687 1115 1728 Caesari
1157 1687 1347 1740 mittere,
1391 1686 1465 1726 sed.

124 1747 381 1788 mutavimus
406 1746 649 1798 consilium,
683 1747 780 1800 quia
813 1746 862 1786 de
894 1745 1008 1785 illius
1040 1745 1223 1785 adventu
1253 1744 1363 1784 nihi-l
1394 1758 1464 1784 au-

126 1806 353 1847 diebamus.
415 1804 479 1845 De
511 1805 660 1845 ceteris
691 1804 833 1857 rebus,
873 1803 951 1844 etsi
988 1803 1098 1843 nihil
1129 1805 1218 1843 erat
1247 1802 1366 1856 novi,
1403 1805 1464 1842 ta-

125 1879 239 1918 men,
271 1863 373 1918 quid
404 1863 580 1903 velimus
606 1865 647 1903 et
673 1862 775 1916 quid
804 1862 886 1902 hoc
915 1864 1105 1915 tempore
1135 1863 1333 1914 putemus
1359 1874 1464 1914 opus

127 1938 231 1977 esse,
264 1937 314 1963 ex
347 1920 465 1961 Sicca
495 1921 655 1974 poteris
686 1934 947 1976 cognoscere.
1010 1919 1194 1960 Tulliam
1219 1919 1356 1959 adhuc
1380 1933 1464 1959 me-

73 1994 107 2018 30
127 1996 221 2022 cum
253 1984 385 2021 teneo.
447 1979 746 2020 Valetudinem
777 1982 894 2020 tuam
926 1993 1025 2019 cura
1057 1978 1293 2034 diligenter.
1346 1976 1464 2018 Vale.

126 2052 191 2080 XII
226 2039 275 2080 K.
309 2038 552 2088 Quinctiles.

1486 820 1506 850 [θ
