1659 2552
179 78 267 120 324
689 76 1028 112 EPISTULARUM

178 174 300 230 certi3
338 188 463 229 quem
501 188 597 228 ego,
637 187 761 227 quem
793 172 846 212 ad
876 171 1051 212 modum
1081 171 1307 226 praecipis,
1343 171 1522 227 privatis

176 233 333 275 litteris
370 232 423 274 ad
463 232 622 272 bellum
661 245 884 272 commune
915 244 1065 271 vocare
1102 244 1189 271 non
1221 230 1377 272 desino.
1439 229 1522 280 Qui

177 292 342 333 utinam
373 292 457 332 iam
483 290 663 331 adesset!
696 289 946 330 intestinum
972 289 1091 330 urbis
1116 289 1286 344 malum,
1319 289 1433 344 quod
1459 291 1523 331 est

176 366 263 392 non
294 350 522 404 mediocre,
554 349 695 390 minus
726 348 983 389 timeremus.
1047 346 1129 388 Sed
1161 347 1264 402 quid
1295 348 1404 404 ago?
1435 363 1522 389 non

178 410 324 451 imitor
355 408 630 462 λακωνισμόν
661 410 802 461 tuum3
843 406 975 447 altera
1006 406 1091 447 iam
1121 406 1287 462 pagella
1318 406 1521 461 procedit.
1558 416 1575 443 5

179 468 312 510 Vince
345 470 386 509 et
417 467 519 508 vale.
582 478 681 506 x1111
714 465 764 506 K.
799 464 998 514 Quinctil.

774 569 929 611 XXVI.

406 652 481 688 Ser.
508 652 549 686 in
573 651 702 686 castris
726 651 800 685 III
820 651 916 685 Non.
943 650 1028 685 Iun.
1055 662 1088 686 a.
1116 653 1185 685 711
1212 652 1297 696 (43).

491 734 540 768 Ι).-
559 732 747 767 BRUTUS
774 732 807 767 S.
834 732 876 767 D.
904 732 951 767 M.
980 731 1213 767 CICERONI.

268 818 455 859 Maximo
486 832 582 859 meo
614 817 759 858 dolore
783 816 865 857 hoc
890 816 1046 857 solacio
1077 818 1186 870 utor,
1219 816 1333 871 quod
1363 816 1525 858 intelle·
1544 828 1577 854 ιο

180 881 287 935 gunt
324 877 518 918 homines
555 890 642 917 non
678 876 768 917 sine
806 889 929 916 causa
959 889 1027 916 me
1059 875 1250 916 timuisse
1282 875 1379 930 ista,
1418 889 1524 930 quae

181 937 432 978 acciderunt.
503 935 771 988 Deliberent,
815 936 958 975 utrum
1001 934 1200 974 traiciant
1241 934 1430 990 legiones
1473 949 1525 975 ex

180 995 327 1037 Africa
351 1008 482 1036 necne
508 997 550 1035 et
576 1008 626 1035 ex
659 992 854 1035 Sardinia
879 996 920 1034 et
946 992 1128 1034 Brutum
1157 995 1371 1034 accersant
1394 1007 1525 1034 necne

182 1058 222 1096 et
243 1054 350 1095 mihi
376 1053 634 1108 stipendium
656 1052 851 1105 deneyent
871 1066 924 1093 an
945 1051 1179 1093 decernant.
1229 1050 1298 1093 Ad
1334 1053 1526 1093 senatum

180 1114 346 1155 litteras
385 1112 494 1154 misi.
557 1111 689 1153 Crede
726 1111 854 1165 mihi,
896 1110 979 1151 nisi
1017 1111 1098 1151 ista
1136 1111 1278 1152 omnia
1314 1111 1375 1152 ita
1408 1111 1525 1166 fiant,
1546 1121 1578 1147 15

183 1187 308 1227 quem
340 1171 394 1213 ad
422 1170 597 1212 modum
630 1169 787 1224 scribo,
824 1184 1027 1225 magnum
1057 1183 1135 1210 nos
1168 1169 1305 1211 omnis
1336 1169 1526 1211 adituros

181 1231 428 1287 periculum.
473 1229 596 1286 Rogo
617 1232 670 1284 te,
690 1228 842 1283 videte,
868 1228 1023 1282 quibus
1041 1228 1288 1269 hominibus
1306 1228 1527 1285 negotium

184 1290 308 1344 detis,
347 1289 420 1343 qui
453 1289 505 1329 ad
535 1302 602 1329 me
633 1287 823 1343 legiones
855 1287 1074 1328 adducant.
1124 1286 1182 1327 Et
1213 1287 1294 1328 fide
1327 1301 1433 1342 opus
1464 1289 1528 1329 est

183 1351 225 1390 et
257 1348 481 1389 celeritate.
543 1358 594 1387 111
628 1345 738 1388 Non.
770 1344 861 1386 Iun.
895 1360 945 1386 ex
977 1345 1135 1386 castris.

772 1449 948 1491 XXVII.
1547 1462 1580 1487 20

274 1532 348 1568 Ser.
373 1533 415 1567 in
444 1532 647 1567 Tusculano
673 1532 768 1566 inter
794 1531 835 1564 X
857 1535 890 1565 et
909 1516 987 1564 HI
1007 1530 1055 1564 K.
1082 1530 1166 1575 Sept
1190 1542 1223 1566 a.
1251 1532 1322 1565 710
1350 1532 1438 1575 (44).

608 1613 656 1647 M.
685 1612 853 1647 CICERO
879 1612 1032 1647 MATIO
1060 1612 1105 1647 S..

273 1695 476 1739 Nondum
508 1697 609 1738 satis
642 1696 855 1751 constitui,
886 1696 1159 1737 molestiaene
1184 1695 1280 1749 plus
1305 1709 1358 1736 an
1382 1695 1529 1750 volup-

186 1756 286 1797 tatis
312 1755 503 1796 attulerit
527 1755 633 1796 mihi
659 1755 883 1796 Trebatius
907 1756 1062 1809 noster,
1092 1754 1222 1795 homo
1254 1768 1350 1795 cum
1379 1754 1530 1808 plenus

187 1815 318 1857 officii
339 1817 430 1855 tum
450 1815 670 1868 utriusque
690 1817 884 1855 nostrum
904 1813 1228 1854 amantissimus.
1282 1812 1407 1867 Nam,
1432 1826 1528 1854 cum
1548 1825 1582 1851 25

187 1875 231 1915 in
263 1873 549 1914 Tusculanum
580 1873 744 1927 vesperi
776 1873 995 1926 venissem,
1026 1871 1232 1926 postridie
1264 1871 1335 1912 ille
1367 1871 1420 1912 ad
1448 1885 1528 1925 me,

187 1932 375 1974 nondum
417 1932 518 1973 satis
558 1932 681 1973 firmo
723 1946 898 1986 corpore
939 1945 1034 1972 cum
1071 1933 1197 1984 esset,
1237 1943 1359 1971 mane
1399 1930 1528 1970 venit.

189 1991 322 2041 Quem
355 2005 449 2031 cum
482 1990 765 2046 obiurgarem,
800 1989 914 2045 quod
944 2004 1094 2044 parum
1125 1988 1358 2030 valetudini
1388 2001 1530 2042 paroe-

189 2053 263 2104 ret,
295 2053 386 2091 tum
418 2050 490 2091 ille
521 2049 630 2090 nihil
661 2049 743 2091 sibi
774 2049 944 2105 longius
975 2048 1116 2102 fuisse,
1148 2061 1274 2102 quam
1304 2049 1352 2087 ut
1376 2061 1444 2088 me
1469 2046 1530 2088 vi·

189 2109 315 2150 deret.
349 2108 711 2163 ‘Numquidnam’,
743 2108 928 2162 inquam,
960 2106 1126 2148 ‘noviP'
1181 2104 1347 2146 Detulit
1378 2105 1431 2146 ad
1460 2117 1582 2147 meso

189 2167 402 2222 querelam
439 2170 566 2208 tuam.
628 2166 692 2208 De
725 2181 807 2221 qua
837 2166 1084 2221 priusquam
1115 2163 1365 2220 respondeo,
1395 2177 1530 2219 pauca

188 2241 433 2280 proponam.
930 2269 932 2271 ,

277 2284 490 2333 Quantum
510 2284 714 2326 memoria
734 2286 922 2338 repetere
941 2282 1169 2338 praeterita
1187 2295 1371 2336 possum,
1403 2295 1526 2323 nemo
