1659 2552
595 68 737 102 LIBER
763 68 848 103 XIII
875 72 1024 103 26-28.
1401 69 1483 110 391

144 165 267 206 stulis
299 165 377 206 ‘DE
410 176 570 205 EADEM
604 176 661 204 RE
695 174 802 206 ALIO
835 164 995 206 MODO'.
1053 163 1096 206 C.
1123 162 1329 205 Avianius
1355 165 1488 221 igitur

143 223 425 265 Hammonius
464 223 725 263 incredibilis
762 223 869 264 mihi
900 223 1059 279 gratias
1097 237 1172 277 per
1202 223 1366 264 litteras
1399 224 1487 280 egit

145 286 186 324 et
226 297 302 325 suo
344 285 386 323 et
421 280 579 322 Aemili
617 281 793 336 Aviani,
836 282 1006 336 patroni
1050 282 1134 335 sui,
1178 282 1368 337 nomine3
1410 296 1488 323 nec

143 341 362 382 liberalius
398 354 474 381 nec
510 341 860 381 honorificentius
899 340 1088 395 potuisse
1125 341 1299 381 tractari
1336 354 1413 382 nec
1444 355 1487 382 se

108 413 125 437 5
143 403 407 455 praesentem
445 413 521 440 nec
559 414 647 440 rem
688 399 940 440 familiarem
978 399 1163 453 apsentis
1203 400 1373 454 patroni
1410 400 1487 440 sui,

143 458 193 500 Id
223 459 330 500 mihi
362 472 456 499 cum
487 458 718 499 iucundum
743 461 807 499 est
831 472 978 499 eorum
1004 472 1138 512 causa,
1170 473 1276 512 quos
1301 458 1383 499 tibi
1408 472 1487 514 ego

144 532 308 559 summa
339 517 646 558 necessitudine
679 519 720 557 et
758 532 921 557 summa
953 517 1249 558 coniunctione
1281 517 1488 558 adductus

144 576 552 629 commendaveram,
594 575 708 629 quod
744 575 799 616 M.
826 576 1035 616 Aemilius
1066 590 1174 616 unus
1206 578 1269 616 est
1301 590 1352 617 ex
1382 576 1488 616 meis

143 635 486 676 familiarissimis
512 637 638 687 atque
665 634 827 675 intimis
847 635 1030 675 maxime
1055 635 1326 689 necessarius,
1357 635 1487 675 homo

91 706 125 731 10
144 697 186 735 et
216 694 383 749 magnis
413 693 518 733 meis
550 693 766 733 beneficiis
798 693 1016 734 devinctus
1048 696 1089 734 et
1119 708 1251 748 prope
1284 693 1486 747 omnium,

145 753 217 807 qui
260 752 366 793 mihi
411 752 561 792 debere
605 751 766 805 aliquid
804 752 1021 806 videntur,
1063 752 1351 808 gratissimus,
1394 754 1486 792 tum

143 811 279 852 multo
312 811 535 851 iucundius
566 813 606 851 te
640 824 727 851 esse
759 811 803 850 in
834 825 911 851 me'
932 811 1009 851 tali
1040 811 1275 865 voluntate,
1312 813 1360 852 ut
1390 810 1486 865 plus

144 870 282 924 prosis
319 870 465 910 amicis
495 869 618 923 meis,
660 884 786 923 quam
818 884 896 925 ego
927 884 1124 924 praesens
1155 870 1332 910 fortasse
1363 870 1487 924 prod-

145 943 295 983 essem,
340 928 481 982 credo,
527 928 641 981 quod
676 928 812 983 magis
849 942 928 984 ego
967 928 1221 982 dubitarem,
1264 928 1367 982 quid
1397 928 1489 968 illo-

92 1000 125 1024 15
145 1002 240 1028 rum
272 1002 396 1028 causa
427 988 618 1040 facerem,
652 1001 778 1040 quam
804 989 863 1041 tu,
895 987 998 1041 quid
1022 1001 1126 1028 mea.
1189 986 1272 1027 Sed
1296 987 1378 1028 hoc
1402 1001 1488 1028 non

147 1046 296 1087 dubito
323 1046 425 1100 quin
452 1045 667 1086 existimes
692 1045 799 1086 mihi
831 1060 919 1086 esse
950 1048 1141 1101 gratum3
1172 1046 1279 1086 illud
1303 1048 1344 1086 te
1371 1060 1489 1101 rogo,

146 1108 193 1146 ut
229 1105 326 1146 illos
363 1118 531 1158 quoque
568 1107 713 1159 gratos
751 1118 840 1145 esse
876 1104 1070 1145 homines
1100 1106 1243 1159 puteS,
1285 1104 1400 1158 quod
1430 1105 1490 1145 ita

145 1178 234 1204 esse
265 1163 347 1204 tibi
378 1162 584 1217 promitto
611 1166 737 1217 atque
764 1163 979 1204 confirmo.
1042 1162 1179 1212 Quare
1204 1163 1344 1218 velim,
1377 1163 1490 1217 quic-

146 1222 248 1276 quid
277 1222 436 1265 habent
467 1221 646 1277 negotii,
686 1221 756 1261 des
789 1236 977 1275 operam,
1016 1222 1130 1276 quod
1162 1221 1383 1262 commodo
1415 1224 1490 1262 tuo

92 1292 126 1317 20
144 1282 230 1335 fiat,
262 1283 309 1322 ut
339 1283 382 1321 te
414 1280 631 1334 optinente
649 1279 856 1320 Achaiam
887 1281 1122 1321 conficiant.
1172 1280 1267 1336 Ego
1294 1295 1390 1321 cum
1415 1283 1490 1320 tuo

147 1338 294 1381 Servio
338 1339 639 1380 iucundissime
676 1341 718 1379 et
755 1339 1097 1380 coniunctissime
1134 1340 1232 1380 vivo
1276 1354 1491 1395 magnam-

146 1413 226 1452 que
264 1413 359 1439 cum
396 1412 447 1438 ex
484 1397 656 1453 ingenio
694 1397 783 1438 eius
822 1397 1111 1453 singularique
1143 1398 1284 1439 studio
1315 1400 1409 1439 tum
1441 1412 1493 1438 ex

146 1457 302 1498 virtute
335 1459 376 1497 et
406 1456 622 1510 probitate
653 1456 916 1510 voluptatem
949 1457 1079 1511 capio.

718 1607 917 1649 XXVIII.

94 1701 127 1725 25
431 1687 505 1722 Ser.
532 1688 680 1730 Romae,
706 1693 746 1722 ut
771 1689 930 1730 videtur,
956 1700 989 1722 α.
1018 1691 1091 1722 708
1119 1690 1208 1731 (46).

608 1768 776 1803 CICERO
804 1768 975 1803 SERVIO
1004 1768 1037 1804 S.

234 1863 329 1904 Etsi
365 1863 548 1904 libenter
585 1867 727 1918 petere
765 1879 789 1905 a
820 1867 861 1905 te
900 1865 1032 1919 soleo,
1074 1864 1108 1904 si
1147 1865 1250 1918 quid
1291 1879 1396 1918 opus
1429 1867 1490 1905 est

147 1937 339 1963 meorum
377 1922 576 1976 cuipiam,
620 1926 761 1963 tamen
800 1923 935 1964 multo
974 1923 1176 1963 libentius
1214 1924 1374 1979 gratias
1410 1922 1492 1964 tibi

148 1996 245 2037 ago,
290 1995 384 2022 cum
428 1981 566 2021 fecisti
609 1981 771 2034 aliquid
811 1982 1176 2022 commendatione
1220 1996 1333 2035 mea,
1379 1981 1493 2036 quod

93 2051 128 2076 30
148 2054 312 2094 semper
344 2039 456 2080 facis.
513 2038 766 2081 Incredibile
799 2043 861 2080 est
894 2041 1017 2095 enim,
1060 2054 1162 2094 quas
1194 2040 1301 2080 mihi
1333 2040 1492 2095 gratias

149 2113 293 2139 omnes
334 2100 480 2154 agant,
523 2099 650 2139 etiam
690 2099 962 2139 mediocriter
998 2114 1022 2139 a
1058 2113 1125 2139 me
1165 2099 1247 2139 tibi
1286 2113 1494 2140 commen-

149 2157 246 2197 dati.
309 2156 423 2206 Quae
454 2156 561 2197 mihi
588 2157 730 2197 omnia
760 2160 892 2213 grata,
925 2157 998 2198 sed
1025 2157 1074 2197 de
1098 2157 1144 2197 L.
1170 2156 1375 2198 Mescinio
1401 2172 1494 2213 gra-

147 2215 370 2256 tissimum.
434 2214 503 2256 Sic
541 2215 653 2256 enim
691 2218 754 2255 est
790 2230 956 2256 mecum
993 2216 1176 2269 locutus,
1209 2218 1267 2270 te,
1301 2219 1347 2256 ut
1379 2230 1493 2257 meas

147 2273 310 2314 litteras
350 2274 525 2330 legeris,
563 2274 708 2315 statim
744 2274 1093 2328 procuratoribus
1130 2274 1216 2315 suis
1253 2274 1494 2329 pollicitum

1513 176 1533 206 2

1516 1292 1538 1322 4
