1659 2552
180 96 207 135 4
214 97 233 136 1
241 96 266 136 2
682 94 1022 130 EPISTULARUM

787 236 917 279 LXII.

463 319 537 354 Ser.
560 320 674 363 paulo
695 322 778 363 post
802 329 854 363 ep.
882 317 998 361 LXI,
1023 321 1065 352 ut
1089 318 1242 353 videtwr.

437 401 485 435 M.
520 400 688 435 CICERO
727 400 760 435 S.
793 399 835 435 D.
868 399 907 434 P.
945 399 1065 434 SILIO
1097 399 1265 434 PROPR.

266 485 323 525 Et
362 485 405 525 in
436 484 544 526 Atili
576 484 750 540 negotio
787 487 829 525 te
863 484 1000 525 amavi
1042 481 1158 540 (cum
1190 484 1303 524 enim
1335 497 1428 525 sero
1460 498 1527 524 ve-

176 544 345 597 nissem,
377 543 777 585 tamen-honestum
804 543 990 597 equitem
1015 542 1065 583 R.
1091 543 1297 584 beneficio
1329 544 1404 583 tuo
1431 556 1527 583 con-
1563 560 1580 585 5

178 602 361 658 servavi)
395 606 436 643 et
467 602 707 643 mehercule
740 616 906 656 semper
942 602 1002 642 sic
1038 602 1083 642 in
1122 602 1263 642 animo
1300 601 1449 656 habui,
1486 604 1528 643 te

178 662 221 702 in
253 676 347 702 meo
381 676 474 702 aere
507 675 595 702 esse
626 663 802 716 propter
826 661 998 702 Lamiae
1023 661 1159 701 nostri
1187 660 1528 701 coniunctionem

180 724 222 761 et
248 721 507 776 singularem
532 720 897 761 necessitudinem.
947 718 1096 774 Itaque
1127 719 1314 774 primum
1339 719 1421 760 tibi
1447 733 1527 776 ago

178 780 337 835 gratias
347 814 357 834 ,
391 779 506 834 quod
535 793 602 820 me
635 780 751 820 omni
783 779 978 820 molestia
1008 779 1181 833 liberas,
1214 778 1362 819 deinde
1393 778 1529 833 impu-

181 839 322 879 dentia
359 852 610 893 prosequor,
649 838 722 879 sed
758 838 871 879 idem
908 837 1104 892 sarciam3
1144 840 1186 878 te
1218 837 1331 878 enim
1363 851 1528 892 semper
1549 856 1580 880 ιο

179 898 239 938 sic
271 897 406 939 colam
432 900 474 938 et
498 897 653 938 tuebor
678 900 726 938 ut
752 911 879 951 quem
911 896 1246 952 diligentissime.
1309 895 1528 950 Quintum,

179 957 355 997 fratrem
385 971 545 1011 meum,
584 956 618 997 31
651 970 718 997 me
757 956 918 1012 diligis,
956 970 1005 996 eo
1037 969 1214 996 numero
1249 969 1348 995 cura
1380 958 1427 996 ut
1457 955 1528 996 ha-

179 1016 279 1056 beas
317 1029 400 1070 quo
437 1030 516 1056 me.
577 1014 644 1056 Ita
679 1029 883 1071 magnum
921 1014 1174 1056 beneficium
1212 1016 1335 1055 tuum
1371 1028 1527 1070 magno

180 1075 349 1116 cumulo
383 1074 563 1115 auxeris.

781 1177 933 1220 LXIII.
1550 1195 1583 1220 15

259 1300 275 1314 ²
297 1261 370 1296 Ser.
399 1261 603 1296 Laodiceae
623 1265 705 1305 post
730 1273 762 1295 a.
790 1261 823 1294 (ῖ.
851 1259 924 1293 ΙΙΙ
946 1260 1003 1293 Id.
1032 1260 1138 1295 Febr.
1166 1272 1198 1294 a.
1228 1262 1298 1294 704
1325 1261 1416 1303 (50).

457 1343 505 1377 Μ
535 1341 704 1377 CICERO
733 1342 765 1377 S.
793 1342 836 1376 D.
864 1335 1051 1377 P'SILIO
1081 1340 1249 1375 PROPR.

268 1427 369 1469 Non
400 1427 548 1482 putavi
574 1426 667 1467 fieri
692 1440 833 1480 posse,
866 1428 913 1466 ut
945 1425 1051 1465 mihi
1083 1424 1211 1466 verba
1241 1424 1425 1478 dessent,
1457 1424 1529 1465 sed

181 1489 323 1527 tamen
368 1486 413 1526 in
455 1485 511 1526 M.
556 1484 714 1526 Laenio
765 1483 1099 1525 commendando
1145 1483 1306 1523 desunt
1379 1481 1528 1537 Itaque

181 1560 271 1586 iem
308 1544 390 1585 tibi
428 1558 637 1597 exponam
673 1543 818 1597 paucis
851 1543 1008 1596 verbis,
1050 1542 1123 1583 sed
1154 1545 1296 1582 tamen
1328 1544 1375 1582 ut
1405 1542 1529 1596 plane
1549 1559 1582 1584 20

180 1603 418 1659 perspicere
459 1603 596 1656 possis
636 1602 901 1643 voluntatem
942 1616 1089 1642 meam.
1160 1599 1414 1641 Incredibile
1455 1603 1530 1655 est,

182 1662 331 1717 quanti
369 1662 572 1702 faciamus
610 1663 651 1701 et
689 1675 768 1716 ego
807 1664 848 1701 et
884 1661 1016 1701 frater
1046 1674 1183 1714 meus,
1225 1660 1298 1713 qui
1329 1659 1435 1700 mihi
1467 1673 1531 1700 ca-

181 1722 374 1762 rissimus
412 1723 492 1774 est,
532 1719 589 1760 M.
622 1719 838 1760 Laenium.
900 1718 950 1760 Id
986 1720 1035 1759 fit
1074 1733 1169 1759 cum
1207 1718 1402 1772 plurimis
1440 1718 1530 1758 eius

182 1780 335 1821 officiis
378 1782 470 1820 tum
513 1794 677 1819 summa
719 1778 934 1833 probitate
975 1780 1017 1818 et
1061 1777 1267 1833 singul-aii
1311 1776 1528 1818 modestia.

181 1839 293 1880 Eum
326 1853 404 1894 ego
437 1854 461 1878 a
491 1852 558 1878 me
591 1837 872 1878 invitissimus
905 1837 1045 1877 dimisi
1079 1850 1174 1877 cum
1205 1839 1380 1890 propter
1410 1835 1529 1876 fami-
1550 1847 1582 1872 25

180 1898 411 1938 liaritatem
444 1900 484 1937 et
517 1896 835 1937 consuetudinis
867 1895 1131 1949 suavitatem,
1163 1898 1256 1935 tum
1289 1893 1403 1948 quod
1434 1907 1529 1934 con-

182 1957 277 1998 31110
310 1956 400 1997 eius
431 1955 546 1996 fideli
579 1969 626 1996 ac
658 1955 770 1995 bono
803 1954 999 1995 lubenter
1029 1929 1190 1994 uteliai.
1255 1952 1337 1994 Sed
1367 1966 1527 2007 vereor,

180 2030 231 2056 ne
264 2015 349 2056 iam
381 2028 597 2068 superesse
628 2013 735 2054 mihi
766 2013 896 2054 verba
925 2015 1069 2067 putes,
1102 2023 1207 2066 quae
1241 2011 1428 2052 dixeram
1462 2011 1527 2051 de-

180 2076 334 2115 futura.
381 2071 641 2114 Commendo
673 2072 753 2113 tibi
786 2071 1002 2113 hominem
1035 2071 1105 2122 sic7
1137 2073 1185 2111 ut
1216 2069 1428 2125 intellegis
1461 2084 1527 2110 me

181 2147 282 2186 cam,
314 2133 362 2174 de
397 2145 480 2186 quo
513 2145 561 2172 ea
593 2145 719 2185 supra
751 2130 1003 2184 scripserim,
1038 2129 1189 2170 debere
1222 2127 1527 2182 commendare,
1547 2141 1581 2165 30

181 2207 204 2231 a
235 2195 361 2245 teque
394 2192 611 2231 vementer
652 2189 779 2230 etiam
820 2192 946 2243 atque
984 2188 1112 2229 etiam
1148 2190 1268 2242 peto,
1309 2189 1374 2240 ut,
1415 2186 1529 2240 quod

180 2250 311 2290 habet
342 2250 386 2290 in
419 2252 493 2290 tua
523 2248 743 2303 provincia
774 2247 948 2303 negotii,
981 2246 1188 2301 expedias,
1221 2245 1333 2299 quod
1363 2245 1444 2286 tibi
1470 2245 1529 2286 vi·
1567 2283 1570 2285 .

185 2308 354 2348 debitur
387 2310 548 2349 rectum
581 2321 687 2362 esse,
720 2307 800 2361 ipsi
835 2306 957 2347 dicas.
1019 2305 1248 2347 Hominem
1279 2303 1528 2345 facillimum
