1659 2552
618 94 760 128 LIBER
784 95 852 129 VII
878 98 909 139 1,
936 98 966 130 2.
1383 95 1463 135 171

123 190 291 244 habuit,
327 189 511 230 libenter
542 190 780 231 mehercule
813 193 946 231 artem
979 190 1211 231 desinerem
1243 192 1466 244 tecumque

124 251 165 290 et
198 263 292 289 cum
325 248 535 289 similibus
567 250 702 289 nostri
729 250 924 290 viverem.
986 248 1098 291 Nam
1123 263 1190 289 me
1218 262 1313 289 cum
1345 252 1467 290 antea

123 308 336 361 taedebat,
376 322 471 348 cum
503 310 544 348 et
584 310 697 348 aetas
730 311 770 348 et
803 308 980 349 ambitio
1012 323 1079 349 me
1117 307 1386 362 hortabatur,
1426 310 1468 348 et

123 367 277 407 licebat
309 366 505 420 denique,
551 381 675 420 quem
712 366 926 421 nolebam,
969 381 1055 407 non
1093 366 1331 420 defendere,
1375 369 1467 406 tum

91 440 225 466 5vero
268 425 350 466 hoc
392 428 583 479 tempore
628 425 716 466 vita
761 425 929 466 nullast.
1002 425 1152 479 Neque
1199 425 1312 466 enim
1359 425 1467 465 fruc-

123 487 215 525 tum
252 484 387 524 ullum
423 483 584 524 laboris
622 487 818 538 exspecto
858 487 899 525 et
940 498 1069 539 cogor
1108 498 1195 524 non
1234 498 1467 537 numquam

122 543 316 583 homines
347 557 432 583 11011
465 543 624 596 optime
651 543 700 583 de
726 558 793 583 me
818 543 993 583 meritos
1019 545 1172 599 rogatu
1204 556 1362 596 eorum,
1395 542 1467 596 qui

124 602 229 642 bene
273 601 415 642 meriti
460 604 577 655 sunt,
623 601 855 642 defendere.
928 600 1076 655 Itaque
1121 615 1277 655 quaero
1322 615 1467 642 causas

126 661 262 700 omnis
294 660 520 714 aliquando
552 660 721 700 vivendi
753 660 962 701 arbitratu
992 675 1087 701 meo
1118 662 1244 714 teque
1277 662 1318 701 et
1342 660 1468 700 istam

73 734 105 757 10
126 719 333 759 rationem
366 719 443 759 otii
475 718 537 759 tui
565 721 606 759 et
631 718 757 759 laudo
790 719 1061 760 vehementer
1085 721 1127 760 et
1151 719 1300 773 probo,
1338 718 1469 772 quod—

125 792 205 831 que
243 792 320 818 nos
356 778 497 818 minus
537 777 768 831 intervisis,
813 777 895 818 hoc
938 778 1027 818 fero
1072 777 1213 818 animo
1258 777 1468 831 aequiore,

125 836 258 890 quod,
299 836 334 876 si
374 836 534 876 Romae
576 850 702 889 esses,
743 829 914 877 tamen
925 851 1061 890 neque
1098 851 1176 877 nos
1211 836 1355 890 lepore
1392 838 1467 876 tuo

124 909 259 948 neque
291 897 349 948 te,
389 895 423 935 si
456 894 528 948 qui
567 897 628 935 est
660 895 704 935 in
735 909 820 949 me,
857 909 951 936 meo
989 895 1074 935 frui
1111 895 1257 936 liceret
1293 897 1469 949 propter

124 928 443 994 molestissimas
481 953 778 1007 occupationes
818 968 943 994 meas,
1005 953 1169 1002 Quibus
1200 953 1235 994 si
1266 968 1333 994 me
1365 953 1468 994 rela-

73 1025 105 1049 15
124 1027 226 1053 xaro
260 1010 388 1067 (nam,
420 1014 467 1052 ut
492 1012 616 1066 plane
642 1012 868 1066 exsolvam,
899 1026 985 1053 non
1010 1010 1213 1068 postulo),
1245 1014 1286 1053 te
1316 1012 1467 1066 ipsum,

125 1071 197 1125 qui
222 1071 380 1112 multos
411 1085 544 1111 annos
569 1070 677 1111 nihil
706 1071 822 1111 aliud
847 1071 1156 1124 commentaris,
1189 1071 1347 1111 docebo
1373 1085 1469 1125 pro-

124 1130 247 1183 fecto,
280 1129 382 1183 quid
413 1130 468 1170 sit
498 1129 742 1170 humaniter
773 1130 925 1170 vivere.
987 1129 1052 1170 Tu
1082 1129 1209 1170 modo
1242 1130 1367 1170 istam
1393 1129 1469 1169 im-

125 1188 400 1229 becillitatem
436 1188 692 1229 valetudinis
729 1191 825 1229 tuae
864 1191 1053 1229 sustenta
1086 1191 1127 1229 et
1159 1191 1293 1241 tuere,
1332 1191 1379 1228 ut
1411 1188 1469 1228 fa-

125 1247 200 1301 cis,
238 1250 286 1288 ut
321 1249 488 1287 nostras
525 1247 647 1287 villas
685 1247 803 1288 obire
836 1250 877 1287 et
908 1261 1074 1288 mecum
1106 1247 1234 1287 simul
1273 1246 1470 1287 lecticula

73 1318 107 1343 20
127 1319 374 1347 concursare
404 1305 552 1360 possis.

211 1363 328 1405 Haec
368 1364 420 1404 ad
460 1367 501 1405 te
540 1364 736 1418 pluribus
778 1363 920 1404 verbis
964 1363 1130 1418 scripsi,
1175 1378 1302 1417 quam
1340 1363 1467 1418 soleo,

124 1437 210 1464 non
237 1423 313 1464 otii
340 1423 611 1477 abundantia,
643 1422 717 1463 sed
742 1422 898 1463 amoris
924 1437 1025 1478 erga
1050 1425 1103 1476 te,
1136 1422 1251 1476 quod
1275 1436 1342 1463 me
1369 1437 1468 1476 qua-

126 1481 221 1522 dam
253 1482 434 1535 epistula
465 1481 760 1535 subinvitaras,
793 1481 827 1521 si
859 1481 1064 1522 memoria
1095 1484 1229 1535 tenes,
1262 1483 1310 1521 ut
1342 1481 1394 1521 ad
1425 1484 1467 1521 te

125 1540 286 1594 aliquid
317 1540 406 1580 eius
436 1540 552 1581 modi
585 1540 829 1593 scriberem,
862 1554 946 1593 quo
978 1540 1118 1580 minus
1150 1542 1192 1580 te
1223 1540 1468 1593 praetermi-

72 1610 105 1634 25
126 1599 226 1639 sisse
257 1599 380 1639 ludos
404 1599 648 1652 paeniteret.
694 1598 817 1647 Quod
837 1598 871 1639 si
898 1598 1119 1639 adsecutus
1146 1613 1250 1652 sum,
1282 1598 1467 1653 gaudeog

126 1657 190 1697 sin
222 1657 381 1710 minus,
421 1657 503 1697 hoc
538 1672 605 1698 me
636 1660 779 1697 tamen
811 1657 1022 1711 consolor,
1062 1657 1176 1710 quod
1206 1657 1384 1711 posthac
1416 1657 1469 1697 ad

124 1715 247 1756 ludos
278 1715 420 1755 venies
451 1730 611 1769 nosque
642 1715 751 1756 vises
782 1730 917 1769 neque
949 1716 993 1755 in
1031 1715 1224 1769 epistulis
1256 1715 1469 1770 relinques

125 1773 231 1814 meis
262 1787 379 1827 spem
411 1773 596 1827 aliquam
629 1774 919 1815 delectationis
950 1776 1058 1815 tuae.

765 1923 818 1966 H.

73 2018 106 2043 3ο
454 2004 528 2039 Ser.
560 2005 697 2039 Romae
728 2006 778 2039 vin.
811 2015 910 2039 anno
943 2006 1014 2039 703
1047 2006 1137 2047 (51).

477 2085 525 2120 M.
553 2085 721 2120 CICERO
749 2085 782 2120 S.
809 2085 852 2120 D.
879 2085 927 2120 M.
954 2085 1120 2120 MARIO.

211 2180 461 2222 Mandatum
492 2184 614 2222 tuum
646 2181 802 2222 curabo
836 2181 1072 2236 diligenter.
1106 2179 1189 2221 Sed
1218 2180 1347 2220 homo
1375 2194 1468 2221 acu-

124 2242 193 2280 tus
225 2240 262 2281 ei
292 2240 502 2281 mandasti
533 2240 814 2293 potissimum,
847 2239 914 2280 eui
946 2238 1162 2293 expediret
1193 2238 1300 2279 illud
1325 2239 1468 2279 venire

125 2313 251 2352 quam
275 2299 473 2353 plurimo.
509 2297 592 2339 Sed
617 2313 665 2340 eo
686 2298 830 2339 vidisti
855 2297 1049 2351 multum,
1083 2297 1196 2351 quod
1220 2297 1467 2352 praefinisti,
