1659 2552
204 92 250 125 n·
621 92 898 128 ADNOTATIO
926 92 1122 128 CRITICA.

303 187 340 220 In
368 187 437 222 hac
463 187 702 221 adnotatione
733 186 831 220 idem
857 185 1070 220 institutum
1097 185 1201 220 tenui
1226 186 1325 230 quod
1351 185 1390 220 in
1415 186 1546 231 priori-

207 233 275 267 bus
302 233 559 277 voluminibus
587 236 629 268 ut
653 232 897 267 recentiorum
922 232 1116 276 editorum,
1147 232 1209 267 hic
1234 232 1426 277 Baiteri,
1452 233 1546 268 We-

209 280 435 323 senbergi,
468 279 829 322 Mendelssohni,
862 279 1106 313 Lehmanni
1140 281 1177 314 et
1202 279 1453 314 Andreseni
1477 280 1543 325 (VI

209 330 246 361 ct.
271 327 302 361 Π
335 327 439 361 editt.
473 327 577 372 epist.
612 327 674 361 sel.
702 326 914 369 Hofmanni)
953 325 1180 360 differentias
1204 329 1371 361 notarem
1407 337 1545 371 omneS,

211 373 366 408 selectas
387 374 542 408 aliorum
564 375 621 418 (de
636 374 664 407 T
672 373 837 417 yrrelli
858 373 1020 407 editione
1040 372 1146 407 doleo
1165 383 1223 407 me
1242 384 1322 408 sero
1342 376 1544 419 cognosse),
1565 392 1573 397 -

210 432 280 455 non
309 424 349 455 ut
379 421 545 455 codicum
565 421 763 455 varietates
789 430 1050 463 enumerarem,
1077 419 1174 464 quod
1200 419 1291 454 mihi
1315 420 1546 466 propositum

210 467 322 502 fuisse
350 468 471 502 nescio
492 480 563 512 quo
583 470 692 513 pacto
713 467 854 512 opinati
875 478 945 500 non
967 478 1072 510 unus,
1099 466 1163 501 sed
1183 467 1292 501 multi
1311 467 1468 502 oblitum
1486 478 1546 502 me

210 525 288 548 esse
322 515 522 559 aliquando
555 515 710 549 alicuius
742 513 878 548 codicis
911 513 1130 558 scripturam
1156 513 1285 548 afferre
1317 516 1383 549 aut
1407 513 1544 549 similia

210 572 318 606 saepe
345 562 615 596 insimularunt.

303 609 343 643 In
375 609 600 654 temporibus
634 607 875 653 epistularum
908 606 1134 641 ascribendis
1160 607 1434 642 Mendelssohni
1467 609 1543 643 ‘ta-

207 656 315 690 bulas
343 655 637 699 chronologicas'
668 657 813 689 secutus
840 666 919 688 sum
945 653 1179 698 paucissimis
1205 655 1378 700 exceptis.

302 750 347 784 P.
370 750 405 785 1.
435 754 474 783 12
502 751 587 793 quia
614 748 763 784 Victor..
778 748 885 788 Bait,
901 747 1085 791 Wesenb.,
1111 749 1174 792 qui
1199 748 1302 782 codd.
1329 748 1422 792 MR,
1448 749 1545 794 quod

210 799 240 831 G
266 797 422 831 sortasse
448 800 562 839 recte,
602 797 771 840 quoniam
796 795 985 838 Cratand.‚
1018 795 1139 829 Mend.
1191 795 1263 839 Qui
1287 795 1463 840 scriptum
1487 795 1543 829 in-

211 844 355 878 venitur
380 855 444 888 pro
471 844 556 887 quia
587 855 621 887 p.
645 847 698 876 11.
719 846 763 875 30
789 842 825 875 in
853 842 946 885 MR,
977 846 1034 875 41.
1055 847 1076 876 4
1102 841 1139 875 in
1166 841 1252 885 GR,
1284 853 1349 887 pro
1380 843 1475 887 quod
1503 842 1543 876 in

211 890 240 924 G
270 895 345 925 133.
369 894 399 933 7.
428 894 505 924 179.
526 895 563 932 4,
594 901 658 934 pro
684 890 853 934 quoniam.
878 889 916 922 in
941 889 968 922 F
994 901 1028 933 p.
1049 893 1128 923 444.
1150 892 1205 923 33.
1249 889 1306 923 Ad
1331 902 1366 934 p.
1387 893 1466 924 245.
1487 893 1542 933 15,

211 941 288 972 506.
311 942 340 972 9.
369 959 411 962 -
439 937 489 971 sb.
517 938 559 971 cle
587 949 636 971 me
662 936 731 970 del.
759 936 874 970 Cobet
899 936 1074 970 Mnemos.
1089 935 1134 970 N.
1149 935 1282 970 S.V111
1304 939 1393 971 1880
1412 949 1447 981 p.
1463 940 1543 981 182,

204 986 360 1029 perfecto
382 985 495 1018 reditu
525 996 596 1018 meo
623 983 713 1028 Spir.
743 983 855 1017 Bases
876 982 1047 1017 Athenai.
1070 985 1159 1017 1880
1179 987 1303 1027 p.155.
1329 1005 1373 1009 —
1401 987 1443 1018 13
1467 994 1541 1029 eqo,

209 1033 295 1076 quia
322 1031 420 1074 cdd.;
448 1031 491 1065 cf.
512 1043 546 1075 p.
562 1035 639 1064 40⁴2.
656 1035 686 1073 3,
713 1030 836 1065 Plane.
858 1034 912 1064 ⁴23.
935 1034 977 1064 56
1005 1031 1090 1075 quia
1114 1035 1327 1075 ‘neque—et
1351 1031 1446 1075 quod
1470 1032 1541 1065 etc.

209 1100 251 1104 —
280 1083 319 1112 ‘31
349 1080 454 1113 etiam
480 1078 584 1111 codd.
612 1077 691 1121 GR,
718 1077 813 1111 Bait.
852 1079 862 1121 Ι]
906 1077 951 1112 P.
972 1076 1010 1112 2.
1038 1081 1058 1110 2
1084 1078 1187 1113 cotid.
1213 1077 1309 1112 Med.
1336 1077 1540 1123 sexagiens,

209 1125 319 1160 semel
351 1124 510 1169 (saepius
538 1124 620 1159 GR»
652 1126 769 1159 cottia.
801 1137 835 1168 p.
858 1128 935 1158 204.
959 1128 1018 1168 16,
1057 1123 1168 1158 semel
1194 1125 1326 1168 quotid.
1352 1137 1387 1169 p.
1407 1127 1463 1159 26.
1484 1128 1541 1168 26,

208 1219 384 1253 librorum
411 1219 456 1252 de
482 1218 626 1261 legibus
649 1229 679 1252 a.
703 1222 791 1252 1878
812 1218 903 1252 haec
924 1217 1136 1252 scriberem:
1166 1217 1240 1251 ‘De
1260 1217 1365 1252 libris
1385 1217 1430 1252 de
1448 1217 1541 1264 legi-

206 1266 275 1300 bus
302 1265 438 1310 optime
469 1264 621 1298 meritus
653 1266 709 1298 est
742 1265 811 1298 hac.
844 1266 967 1299 aetate
992 1264 1067 1298 Ioh.
1093 1263 1282 1298 Vahlenus
1314 1275 1397 1299 cum
1420 1264 1541 1300 denuo

208 1312 436 1347 excutiendis
463 1314 536 1356 opt.
559 1311 662 1345 codd.
683 1311 783 1345 Leid.
806 1312 835 1345 A
856 1314 893 1346 et
912 1312 951 1354 B,
979 1314 1056 1345 tum
1082 1311 1321 1346 emendando.
1352 1311 1540 1347 Dissentio

208 1360 254 1393 ab
275 1370 317 1394 eo
337 1360 381 1393 de
403 1359 479 1393 cod.
495 1358 631 1401 Heius..
652 1369 758 1402 quem
781 1358 844 1392 ille
864 1361 942 1392 tam
958 1358 1061 1403 parvi
1075 1357 1177 1401 facit,
1198 1360 1240 1392 ut
1253 1369 1334 1392 raro
1348 1358 1427 1392 eius
1438 1369 1539 1393 men-

208 1406 345 1440 tionem
365 1406 505 1447 iniciat,
533 1416 600 1451 ego
619 1417 800 1449 nusquam
819 1405 1091 1451 neglegendum
1111 1415 1252 1448 censeo,
1277 1405 1423 1448 nedum,
1443 1416 1538 1450 quae

207 1454 238 1487 is
264 1453 411 1498 propria
438 1453 568 1495 habet,
598 1452 767 1486 ‘arbitrio
793 1453 969 1487 correcta’
998 1451 1224 1495 concedam',
1249 1451 1341 1485 nihil
1368 1452 1538 1497 amplius,

208 1500 252 1534 de
273 1500 461 1534 codicibus
482 1499 519 1532 id
541 1499 671 1543 ipsum,
693 1499 790 1543 quod
810 1499 846 1533 in
867 1499 934 1533 illa
954 1498 1204 1543 disputatione
1223 1498 1391 1542 pluribus
1410 1509 1539 1534 execu-

207 1551 265 1581 tus
298 1558 408 1581 eram.
459 1546 616 1580 Tantam
655 1546 922 1591 impudentiam
958 1544 1151 1590 nonltulit
1180 1545 1354 1579 Iohannis
1378 1545 1538 1581 Vahleni

208 1594 389 1639 probitas:
420 1594 485 1627 ‘ne
511 1593 599 1636 quid
625 1593 793 1637 propriae
819 1592 965 1627 virtut-is
992 1592 1118 1626 deesse
1144 1591 1340 1635 videretur,
1367 1603 1440 1627 non
1465 1603 1538 1627 uno

205 1641 352 1675 nomine
385 1639 531 1674 veritati
564 1640 829 1684 repugnantia'
863 1651 920 1674 me
954 1640 1057 1673 ‘cum
1088 1638 1358 1673 obtrectatione
1393 1639 1536 1674 aliena'
1599 1669 1601 1671 ,

207 1691 253 1733 (p.
281 1688 330 1721 XI
345 1689 412 1731 sq.)
439 1687 626 1731 scripsisse
653 1690 690 1721 et
719 1687 963 1721 ‘dissensum'
992 1697 1014 1720 a
1039 1697 1076 1720 se
1102 1696 1223 1719 meum
1251 1686 1351 1720 ‘cum
1377 1688 1539 1721 ostentaf

206 1735 306 1769 tione
332 1733 604 1779 pronuntiasse’
634 1736 680 1778 (p.
707 1734 787 1777 XV)
814 1736 998 1776 autumat,
1026 1735 1067 1767 ut
1092 1743 1179 1766 suae
1209 1732 1405 1767 ‘editionis
1430 1733 1540 1768 fidem

207 1785 243 1815 et
269 1793 374 1815 usum
400 1781 612 1815 everterem’
642 1786 688 1825 (p.
705 1781 777 1825 XI).
828 1780 1025 1814 Mentitum
1051 1790 1128 1814 esse
1154 1790 1211 1813 ine
1237 1779 1291 1813 ita
1316 1780 1459 1825 probat,
1484 1782 1539 1824 ut,

207 1829 303 1873 quod
330 1828 419 1862 mihi
448 1829 598 1862 ‘rarum'
627 1827 743 1861 visum
770 1827 818 1861 sit
837 1830 875 1861 et
892 1838 988 1861 nunc
1008 1826 1162 1868 videtur,
1188 1837 1311 1860 rarum
1329 1837 1409 1862 esse
1426 1829 1540 1872 neget

206 1879 253 1918 et,
279 1886 373 1920 quae
399 1874 477 1920 ipse
504 1874 714 1919 scripserat:
744 1874 797 1908 ‘in
821 1874 987 1919 plurimis
1014 1886 1095 1908 cum
1120 1873 1310 1908 Vossianis
1335 1873 1534 1908 consentit’

206 1923 283 1957 cod.
310 1922 360 1965 H,
402 1921 516 1955 ‘alia’
546 1921 581 1965 (i.
603 1932 649 1964 e..
676 1924 717 1955 ut
743 1921 887 1966 opinor,
923 1921 959 1954 in
987 1921 1121 1965 quibus
1147 1931 1220 1954 non
1245 1920 1430 1955 consentit
1454 1931 1538 1954 cum

205 1969 406 2009 VossianiS,
433 1969 454 2002 i.
477 1979 505 2003 e.
536 1969 644 2013 ‘quac
670 1968 817 2013 propria
842 1968 985 2012 habet')
1014 1967 1181 2002 ‘arbitrio
1207 1969 1371 2002 correcta
1395 1966 1536 2011 habet',

206 2017 298 2051 falso
332 2028 389 2050 mc
416 2015 600 2050 rettulisse
628 2018 769 2059 arguat.
815 2015 1016 2049 Tantarum
1042 2013 1264 2059 ineptiarum
1289 2013 1320 2048 si
1345 2013 1427 2058 quis
1453 2025 1538 2048 cau-

207 2074 282 2096 sam
309 2065 479 2107 quaerat,
511 2065 657 2107 praeter
686 2062 844 2096 hominis
877 2062 1106 2097 stomachum
1137 2060 1277 2095 nullam
1303 2060 1415 2095 aliam
1439 2060 1538 2096 inve-

206 2109 274 2143 niri
306 2121 412 2154 posse
443 2112 532 2154 puto
564 2109 634 2143 nisi
667 2109 778 2144 hanc:
817 2109 936 2144 noluit
961 2108 1079 2143 verbis
1106 2117 1251 2152 quoque
1276 2107 1385 2142 fateri
1410 2107 1537 2151 videri,

207 2156 301 2200 quod
335 2168 406 2191 non
438 2159 583 2201 poterat
614 2167 686 2190 non
718 2167 756 2191 re
789 2157 1003 2199 concedere,
1038 2154 1174 2189 iniuria
1200 2153 1364 2188 codicem
1388 2153 1489 2188 Harl.
1515 2165 1537 2188 a

207 2215 243 2235 sc
270 2205 379 2237 antea
405 2203 613 2247 neglectum
640 2214 734 2246 esse;
761 2203 899 2238 etenim
918 2213 1061 2237 omnem
1080 2199 1270 2235 Harleiani
1290 2200 1538 2235 differentiam

205 2250 241 2283 in
269 2250 370 2284 ed.11
397 2250 533 2284 adiecit
558 2250 710 2284 ridicule
738 2261 825 2284 sane
851 2260 1005 2295 querens
1035 2246 1235 2282 ‘inutilium
1260 2247 1355 2282 mole
1382 2247 1538 2293 scriptu-

205 2308 325 2330 rarum
353 2296 629 2331 adnotationem
657 2297 880 2341 spissatam'.
