1659 2552
659 115 803 149 LIBER
829 115 861 149 V
887 118 942 150 20.
1389 113 1471 155 135

212 212 324 253 Nam
363 212 412 253 de
452 212 657 253 sestertiis
695 210 923 266 nongentis
962 210 1136 251 milibus
1176 212 1287 250 certe
1319 210 1379 250 ita
1411 224 1472 250 re-

124 272 259 313 latum
291 274 370 325 est,
409 274 455 311 ut
487 274 535 311 tu
567 270 655 311 sive
687 270 820 310 frater
856 272 954 310 tuus
987 269 1135 310 referri
1167 268 1314 309 voluit.
1378 267 1472 322 Sed,

125 331 160 371 si
193 329 296 384 quid
326 333 400 383 est,
434 329 635 383 quoniam
668 328 717 369 de
743 329 773 382 †
798 328 947 383 logaeo
973 342 1124 382 parum
1153 327 1370 383 gravisum
1397 330 1471 381 est,

127 389 241 443 quod
278 403 356 444 ego
395 389 438 428 in
480 387 716 428 rationibus
758 387 987 428 referendis
1029 387 1156 428 etiam
1194 400 1307 427 nunc
1345 386 1472 426 corri-

92 460 225 503 5gere
266 447 442 502 possim,
485 447 534 488 de
573 461 621 488 eo
659 445 783 500 mihi,
824 446 1025 499 quoniam
1066 447 1236 487 senatus
1277 444 1470 485 consulto

128 521 212 548 non
250 520 343 546 sum
381 520 496 559 usus,
539 505 642 559 quid
677 519 752 559 per
789 504 903 560 leges
935 504 1078 559 liceat,
1121 503 1471 545 considerandum

128 569 199 606 est.
244 564 303 605 Te
329 567 441 605 certe
467 564 510 604 in
536 565 565 617 †
590 563 791 618 pecuniae
824 565 992 604 exactae
1024 563 1084 604 ita
1116 564 1263 604 efferre
1291 577 1341 603 ex
1366 562 1472 603 meis

127 623 363 665 rationibus
389 623 533 663 relatis
558 637 642 663 non
664 622 863 676 oportuit,
890 621 971 662 nisi
999 622 1100 675 quid
1124 636 1191 662 me
1218 621 1347 676 fallit3
1373 624 1471 661 sunt

128 683 239 724 enim
271 682 344 722 alii
374 682 607 736 peritiores.
663 679 775 721 Illud
801 694 898 721 cave
932 680 1110 734 dubites,
1143 680 1247 735 quin
1279 694 1358 735 ego
1386 694 1472 720 om-

78 754 110 778 10
129 742 199 782 nia
230 741 402 794 faciam,
435 755 540 794 quae
573 740 774 780 interesse
805 742 878 779 tua
910 742 982 779 aut
1014 739 1142 780 etiam
1173 739 1281 780 velle
1313 741 1355 779 te
1387 738 1472 779 exi—

128 801 316 853 stimem,
349 799 383 840 si
416 799 502 839 ullo
535 799 661 839 modo
693 799 829 838 facere
859 798 1029 851 possim.

217 857 339 907 Quod
375 857 524 898 scribis
558 857 606 897 de
639 857 871 910 beneficiis,
910 857 1016 897 scito
1049 871 1073 896 a
1103 870 1170 896 me
1203 858 1245 896 et
1275 855 1473 896 tribunos
1499 865 1518 896 7

128 916 334 957 militares
360 919 401 956 et
426 916 661 970 praefectos
688 918 728 956 et
755 915 1078 956 contubernales
1111 915 1330 955 dumtaxat
1355 928 1472 955 meos

130 975 291 1016 delatos
317 989 416 1015 esse.
465 973 516 1014 In
543 989 626 1028 quo
654 974 824 1028 quidem
849 988 916 1014 me
948 974 1057 1014 ratio
1090 973 1258 1027 fefellit3
1290 973 1473 1013 liberum

78 1046 110 1070 15
130 1034 242 1075 enim
291 1033 397 1073 mihi
447 1035 614 1087 tempus
662 1033 715 1072 ad
759 1047 830 1073 eos
881 1032 1127 1073 deferendos
1177 1032 1473 1072 existimabam

132 1093 239 1146 dari,
271 1094 419 1146 postea
450 1092 606 1132 certior
637 1106 730 1131 sum
761 1091 897 1131 factus
928 1091 1107 1146 triginta
1139 1090 1286 1131 diebus
1320 1090 1473 1131 deferri

130 1165 296 1192 necesse
322 1164 422 1204 esse,
455 1150 609 1204 quibus
635 1150 819 1190 rationes
851 1150 1100 1190 retulissem.
1158 1148 1265 1189 Sane
1297 1149 1473 1189 moleste

131 1210 211 1250 tuli
242 1223 329 1250 non
365 1209 438 1249 illa
469 1209 673 1249 beneficia
703 1211 800 1248 tuae
831 1209 974 1262 potius
1006 1207 1230 1248 ambitioni
1262 1210 1474 1248 reservata

131 1282 220 1309 esse
253 1282 379 1321 quam
410 1281 537 1321 meae,
570 1267 644 1321 qui
675 1266 907 1307 ambitione
939 1267 1049 1307 nihil
1079 1269 1231 1307 uterer.
1293 1266 1356 1306 De
1383 1280 1475 1307 cen—

81 1339 113 1363 20
132 1326 374 1367 turionibus
413 1329 556 1366 tamen
592 1328 634 1367 et
666 1326 715 1366 de
746 1325 1016 1366 tribunorum
1047 1325 1299 1366 militarium
1331 1328 1476 1365 contu<

133 1385 377 1426 bernalibus
414 1399 480 1425 res
518 1387 580 1425 est
612 1384 656 1425 in
687 1384 873 1440 integro,
912 1398 1046 1439 genus
1077 1384 1190 1424 enim
1221 1383 1376 1424 horum
1407 1383 1476 1424 be-

133 1444 381 1485 neficiorum
414 1443 636 1484 definitum
667 1443 760 1498 lege
792 1457 879 1484 non
910 1446 1010 1483 erat.

222 1502 451 1556 Reliquum
483 1504 545 1542 est
578 1502 627 1542 de
660 1502 864 1542 sestertiis
897 1504 1066 1542 centum
1090 1501 1277 1555 milibus,
1309 1500 1360 1541 de
1386 1500 1475 1554 qui·
1502 1510 1522 1541 8

135 1561 214 1601 bus
256 1561 431 1601 memini
472 1560 579 1601 mihi
620 1575 643 1601 a
682 1563 725 1601 te
764 1559 933 1614 Myrina
975 1560 1140 1601 litteras
1183 1574 1272 1600 esse
1316 1559 1475 1613 allatas,

86 1631 118 1655 25
137 1633 223 1659 non
259 1619 342 1659 mei
380 1619 524 1673 errati,
567 1619 640 1659 sed
676 1619 756 1673 tui3
798 1619 842 1659 in
881 1633 964 1673 quo
1004 1621 1223 1672 peccatum
1254 1618 1478 1659 videbatur

138 1691 243 1730 esse,
276 1677 310 1717 si
341 1677 468 1717 modo
500 1680 605 1731 erat,
643 1677 787 1717 fratris
817 1677 881 1717 tui
914 1680 955 1718 et
986 1676 1110 1718 Tulli.
1173 1676 1274 1730 Sed,
1308 1691 1403 1717 cum
1434 1676 1478 1717 id

138 1735 294 1790 corrigi
331 1749 417 1775 non
453 1738 614 1789 posset,
657 1736 770 1789 quod
806 1736 891 1776 iam
924 1735 1126 1789 depositis
1157 1735 1395 1776 rationibus
1426 1749 1478 1776 ex

137 1793 355 1848 provincia
387 1793 649 1847 decessimus,
682 1793 805 1834 credo
836 1808 903 1834 me
936 1794 1106 1848 quidem
1137 1794 1218 1834 tibi
1243 1808 1320 1848 pro
1347 1793 1477 1834 animi

139 1853 222 1893 mei
259 1852 477 1892 voluntate
514 1865 674 1905 proque
712 1866 760 1892 ea
797 1866 868 1905 spe
909 1852 1178 1907 facultatum,
1222 1867 1349 1906 quam
1385 1855 1478 1892 tum

88 1924 121 1948 30
140 1910 411 1964 habebamus,
453 1924 581 1963 quam
610 1910 912 1950 humanissime
942 1911 1166 1965 potuerim,
1198 1910 1478 1964 rescripsisse3

140 1970 214 2010 sed
237 1983 372 2023 neque
398 1971 489 2009 tum
514 1982 581 2008 me
606 1968 869 2008 humanitate
894 1968 1133 2009 litterarum
1158 1982 1347 2009 mearum
1375 1968 1479 2008 obli-

139 2031 288 2084 gatum
318 2030 422 2081 puto
453 2041 589 2081 neque
619 2041 686 2067 me
717 2029 835 2067 tuam
865 2026 991 2067 hodie
1023 2027 1245 2080 epistolam
1278 2027 1327 2067 de
1352 2025 1426 2067 HS
1453 2028 1479 2070 ὃ

142 2087 201 2127 sic
232 2086 450 2140 accepisse,
482 2088 529 2126 ut
554 2086 584 2125 ii
610 2085 833 2139 accipiunt,
865 2085 1019 2138 quibus
1045 2085 1246 2139 epistolae
1278 2099 1353 2139 per
1376 2085 1480 2126 haec

141 2148 332 2199 tempora
371 2144 573 2185 molestae
614 2147 721 2184 sunt.
793 2142 929 2184 Simul
969 2143 1076 2184 illud
1115 2143 1300 2199 cogitare
1342 2143 1478 2197 debes,
1505 2154 1525 2185 9

90 2215 123 2240 35
142 2218 209 2244 me
242 2218 409 2244 omnem
439 2202 678 2257 pecuniam,
717 2216 821 2255 quae
853 2201 906 2242 ad
936 2216 1003 2242 me
1034 2202 1161 2242 salvis
1191 2202 1358 2257 legibus
1389 2217 1480 2256 per—

142 2262 336 2316 venisset,
367 2261 526 2316 Ephesi
557 2261 669 2315 apud
698 2260 947 2314 publicanos
979 2260 1236 2315 deposuisse3
1277 2260 1321 2301 id
1351 2261 1480 2302 fuisse

142 2319 216 2361 HS
248 2320 394 2376 {xiii-3
426 2334 517 2361 eam
544 2333 711 2361 omnem
730 2319 951 2373 pecuniam
969 2318 1220 2374 Pompeium
1246 2319 1480 2361 abstulisse.
