1659 2552
138 953 163 1043 :2:³10

192 115 277 155 542
694 115 1035 149 EPISTULARUM

192 212 299 251 state
337 210 561 251 testudinis
598 211 664 251 vel
703 211 822 251 valde
861 210 963 251 boni
1001 210 1206 251 aestivum
1246 210 1386 251 locum
1425 210 1533 252 obti-

192 269 320 310 nebit
383 268 447 309 Tu
483 272 624 310 tamen
663 269 696 309 si
729 269 852 309 aliter
890 269 1036 323 sentis,
1079 268 1260 310 rescribe
1292 283 1418 323 quam
1449 269 1533 323 pri-

190 342 318 368 mum.
354 326 403 368 In
429 328 654 369 balneariis
681 342 771 368 assa
797 328 840 367 in
867 327 925 368 alt
928 342 1046 368 erum
1067 327 1303 382 apodyterii
1329 327 1531 383 angulum

190 387 405 441 promovi,
446 390 669 441 propter-ei
702 386 815 440 quod
852 386 911 426 ita
949 389 1067 427 erant
1103 386 1261 441 posita,
1301 389 1349 427 ut
1386 400 1531 427 eorum

191 446 460 499 vaporarium
494 446 527 499 [,
555 460 605 485 ex
637 460 720 499 quo
752 445 863 500 ignis
895 445 1121 499 erumpit,]
1155 447 1263 486 esset
1295 445 1532 486 subiectum

191 504 406 545 cubiculis.
470 503 719 559 Subgrande
760 503 1001 544 cubiculum
1042 507 1182 544 autem
1224 507 1264 544 et
1304 504 1532 545 hibernum

191 563 370 603 alterum
409 563 530 603 valde?
566 562 764 617 probavi,
805 562 919 616 quod
957 565 998 603 et
1038 563 1177 616 ampla
1209 565 1328 603 erant
1360 565 1401 603 et
1436 563 1531 604 1000

190 622 327 676 posita
361 621 661 661 ambulationis
694 635 777 662 uno
810 621 951 675 latere,
983 635 1031 662 eo
1058 621 1171 675 quod
1197 624 1259 662 est
1289 621 1531 675 proximum

191 680 426 721 balneariis.
491 678 718 720 Columnas
760 694 895 734 neque
939 682 1072 720 rectas
1115 694 1250 734 neque
1295 694 1315 720 e
1360 680 1532 736 regione

190 738 389 793 Diphilus
410 739 659 779 conlocarat.
704 738 788 779 Eas
809 738 969 779 scilicet
995 739 1255 779 demolietur.
1288 738 1530 793 Aliquando

189 797 490 852 Ρο1Ρο11(1101110
523 800 564 838 et
595 797 707 838 linea
739 797 869 838 discet
895 797 968 838 uti.
1025 796 1207 838 Omnino
1240 811 1361 851 spero
1385 797 1532 862 paucis

190 857 406 897 mensibus
439 870 544 911 opus
575 855 740 910 Diphili
771 857 1006 921 perfectum
1038 856 1145 901 for;e
1178 859 1296 896 curat
1328 856 1439 897 enim
1473 856 1532 897 di-

189 915 469 971 ligentissime
503 914 685 969 Caesius,
717 915 789 969 qui
820 918 912 955 tum
943 928 1108 956 mecum
1139 915 1231 955 fuit.

279 974 346 1015 Ex
385 988 432 1015 eo
470 974 564 1014 loco
603 977 716 1014 recta
747 973 959 1014 ‘Vitularia
990 973 1058 1014 via
1094 973 1274 1027 profecti
1312 988 1455 1014 sumus
1487 973 1530 1014 in

189 1033 459 1074 Fufidianum
492 1032 682 1087 fundum,
717 1047 841 1086 quem
874 1032 954 1073 tibi
985 1033 1192 1086 proximis
1222 1032 1422 1073 nundinis
1452 1031 1530 1073 Ar-

190 1092 279 1146 pini
308 1092 357 1132 de
383 1091 550 1132 Fufidio
576 1090 649 1132 HS
677 1102 864 1134 0001000
881 1102 952 1134 010
985 1105 1229 1132 emeramus.
1271 1090 1365 1146 Ego
1391 1091 1531 1132 locum

191 1153 347 1191 aestate
391 1150 701 1191 umbrosiorem
741 1150 828 1190 vidi
871 1165 1120 1205 numquam,
1162 1149 1384 1204 permultis
1426 1149 1531 1191 locis

191 1224 342 1275 aquam
383 1209 681 1263 profluentem,
722 1211 764 1249 et
802 1223 896 1249 eam
936 1209 1119 1249 uber.em
1183 1208 1294 1257 Quid
1333 1208 1531 1262 quaeris?

191 1269 337 1324 iugera
369 1280 395 1308 L
428 1268 539 1321 prati
567 1266 738 1308 Caesius
770 1267 1053 1323 inrigaturum
1079 1267 1201 1308 facile
1232 1270 1273 1308 te
1300 1266 1531 1308 arbitraba-

190 1331 271 1368 tur.
321 1326 531 1380 Equidem
557 1326 649 1379 hoc,
681 1326 795 1380 quod
819 1326 970 1366 melius
995 1326 1209 1381 intellego,
1235 1325 1424 1380 adfirmo,
1454 1325 1530 1365 mi-

191 1387 309 1426 rifica
334 1385 541 1425 suavitate
567 1385 712 1424 villam
743 1384 989 1424 habiturum
1020 1384 1182 1437 piscina
1213 1386 1253 1424 et
1282 1383 1530 1424 salientibus

191 1444 361 1497 additis,
393 1444 601 1497 palaestra
633 1446 675 1483 et
706 1442 812 1483 silva
841 1443 871 1496 †
902 1442 1116 1483 virdicata.
1178 1441 1373 1482 Fundum
1405 1442 1530 1483 audio

190 1506 232 1543 te
263 1503 376 1543 hunc
412 1501 682 1542 Bovillanum
714 1501 821 1541 velle
856 1501 1047 1541 retinere.
1110 1500 1173 1541 De
1205 1514 1253 1541 00
1287 1500 1389 1554 quid
1419 1501 1531 1541 vide-

190 1565 302 1615 atur,
341 1561 430 1615 ipse
467 1560 708 1600 constitues.
770 1560 800 1613 ἦ·
833 1558 1004 1600 Calibus
1043 1559 1181 1600 aiebat
1219 1573 1326 1613 aqua
1363 1559 1531 1614 dempta

191 1623 231 1661 et
269 1619 358 1660 eius
399 1633 530 1672 aquae
571 1619 661 1659 iure
700 1618 930 1658 constituto
973 1622 1013 1658 et
1055 1618 1256 1659 servitute
1296 1617 1428 1659 fundo
1465 1617 1531 1659 illi

192 1678 390 1732 imposita
421 1681 563 1718 tamen
593 1691 671 1718 nos
701 1677 885 1731 pretium
918 1691 1082 1717 servare
1114 1690 1253 1731 posse,
1286 1676 1321 1717 si
1351 1675 1531 1717 vendere

190 1737 403 1778 vellemus.
448 1736 698 1777 Mescidium
723 1749 888 1776 mecum
919 1735 1060 1776 habui.
1122 1734 1163 1775 Is
1189 1749 1231 1776 se
1256 1735 1388 1776 ternis
1412 1749 1531 1776 num-

190 1796 270 1836 mis
309 1796 352 1836 in
388 1795 538 1849 pedem
575 1798 715 1835 tecum
752 1794 1005 1849 transegisse
1045 1794 1226 1847 dicebat,
1265 1807 1353 1834 sese
1390 1796 1531 1834 autem

191 1869 383 1895 mensum
409 1853 588 1908 pedibus
614 1853 753 1893 aiebat
779 1867 978 1907 passuum
1011 1863 1156 1895 111C10.
1218 1852 1326 1892 Mihi
1352 1852 1448 1906 plus
1472 1852 1532 1892 vi·

191 1928 284 1954 sum
305 1916 384 1966 est3
411 1912 484 1953 sed
508 1911 732 1966 praestabo
759 1914 973 1965 sumptum
1000 1925 1207 1965 nusquam
1233 1911 1383 1951 melius
1408 1924 1530 1965 posse

190 1972 302 2026 poni.
366 1971 574 2012 Cillonem
612 1970 880 2011 arcessieram
913 1969 1117 2018 Venafro;
1156 1969 1227 2010 sed
1259 1983 1307 2010 eo
1340 1969 1432 2023 ipso
1465 1969 1531 2009 die

192 2033 394 2084 quattuor
426 2030 514 2070 eius
540 2042 763 2070 conservos
789 2031 831 2069 et
858 2028 1086 2082 discipulos
1111 2027 1287 2069 Venafri
1315 2027 1532 2068 cuniculus

193 2091 468 2143 oppresserat.
530 2086 676 2128 Idibus
715 2086 947 2140 Septembr.
981 2087 1024 2127 in
1062 2086 1231 2127 Laterio
1272 2086 1344 2126 fui.
1405 2084 1532 2126 Viam

192 2147 404 2202 perspexi3
438 2161 542 2200 quae
575 2146 680 2186 mihi
713 2146 772 2186 ita
803 2145 973 2199 placuit,
1006 2148 1052 2185 ut
1085 2159 1189 2199 opus
1221 2143 1439 2199 publicum
1473 2144 1533 2184 vi·

193 2206 362 2246 deretur
388 2219 492 2255 esse,
524 2208 691 2259 praeter
717 2215 772 2245 01
799 2217 998 2269 passuum
1031 2206 1142 2249 (sum
1169 2203 1280 2244 enim
1306 2203 1395 2256 ipse
1419 2217 1532 2243 men-

193 2272 280 2319 sus)
319 2264 371 2305 ab
409 2278 457 2304 eo
496 2263 735 2317 ponticulo,
781 2263 852 2316 qui
891 2265 954 2302 est
986 2262 1037 2302 ad
1074 2262 1276 2314 Furinae,
1322 2260 1541 2302 Satricum

192 2337 345 2363 versus.
403 2322 467 2362 Eo
493 2322 586 2362 loco
618 2321 769 2376 pulvis,
801 2335 886 2362 non
912 2320 1053 2377 glarea
1085 2320 1238 2361 iniecta
1264 2322 1326 2360 est
1359 2317 1420 2376 (et
1444 2333 1533 2360 mu-

1552 753 1585 778 10

1550 1046 1583 1070 15

1551 1339 1584 1363 20

1551 1630 1584 1656 25

1550 1924 1628 1950 30:

1551 2214 1659 2251 35⁴2
