1659 2552
514 609 656 644 LIBER
688 609 910 652 QUARTUS
935 609 1144 645 DECIMUS

383 693 472 736 AD
514 693 931 736 TERENTIAM
967 692 1270 736 UXOREM.

811 810 842 853 I.

333 893 406 928 Scr.
435 893 646 938 Dyrrhachi
670 904 703 928 a.
731 893 765 928 d.
799 893 856 927 VI
877 893 926 928 K.
953 893 1040 928 Dec.
1067 905 1100 928 α.
1130 895 1202 927 696
1229 894 1322 936 (58).

249 975 449 1010 TULLIUS
481 974 758 1009 TERENTIAE
792 974 931 1019 SUAE,
965 973 1233 1008 TULLIOLAE
1267 974 1406 1019 SUAE,
1539 990 1556 1015 5

591 1033 816 1068 CICERONI
842 1033 931 1068 SUO
960 1033 993 1068 S.
1021 1033 1063 1068 D.

107 1130 123 1160 1
241 1117 299 1159 Et
329 1117 486 1159 litteris
517 1117 752 1159 multorum
779 1120 821 1159 et
847 1132 1039 1159 sermone
1067 1118 1257 1158 omnium
1288 1118 1504 1172 perfertur

153 1176 206 1219 ad
247 1191 315 1218 me
360 1176 654 1218 incredibilem
705 1180 823 1217 tuam
868 1177 1070 1218 virtutem
1115 1180 1156 1217 et
1205 1177 1502 1218 fortitudinem

153 1251 241 1277 esse
273 1239 400 1290 teque
431 1250 508 1276 nec
540 1235 671 1276 animi
707 1250 844 1290 neque
878 1235 1067 1289 corporis
1103 1235 1323 1276 laboribus
1356 1236 1502 1277 defati-

151 1295 256 1351 gari.
324 1294 394 1336 Me
437 1295 657 1336 miserum!
701 1297 743 1335 te
788 1295 868 1335 ista
910 1295 1086 1348 virtute,
1131 1294 1232 1348 fide,
1274 1294 1501 1349 probitate,
1522 1309 1555 1332 10

151 1353 417 1395 humanitate
455 1354 500 1394 in
537 1355 677 1393 tantas
715 1368 936 1394 aerumnas
976 1355 1152 1406 propter
1187 1367 1254 1393 me
1292 1353 1502 1408 incidisse,

152 1412 466 1466 Tulliolamque
498 1414 700 1466 nostram,
733 1426 784 1452 ex
816 1426 899 1465 quo
930 1415 1051 1466 patre
1089 1414 1229 1451 tantas
1260 1411 1501 1465 voluptates

152 1471 357 1525 capiebat,
389 1486 439 1511 ex
466 1485 515 1511 eo
547 1473 688 1511 tantos
720 1470 936 1524 percipere
966 1470 1123 1510 luctus!
1154 1469 1266 1510 Nam
1294 1470 1397 1524 quid
1421 1485 1501 1526 ego

153 1530 203 1571 de
236 1529 438 1570 Cicerone
481 1529 649 1569 dicam?
691 1529 763 1583 qui
806 1543 900 1569 cum
942 1529 1127 1582 primum
1167 1543 1311 1583 sapere
1350 1530 1502 1584 coepit,

151 1588 447 1630 acerbissimos
473 1587 640 1628 dolores
671 1588 946 1642 miseriasque
977 1588 1176 1642 percepit.
1234 1587 1348 1636 Quae
1375 1588 1422 1642 si,
1454 1591 1501 1629 tu
1522 1601 1554 1626 15

151 1650 200 1688 ut
225 1647 387 1701 scribis,
421 1647 530 1688 ‘fato
563 1647 696 1687 facta'
726 1649 934 1701 putarem,
967 1648 1121 1687 ferrem
1153 1646 1280 1700 paulo
1314 1647 1499 1702 facilius3

153 1706 225 1747 sed
258 1706 400 1747 omnia
437 1708 536 1746 sunt
573 1720 667 1746 mea
705 1705 828 1760 culpa
866 1705 1110 1759 commissa,
1153 1705 1225 1759 qui
1264 1705 1316 1745 ab
1349 1705 1402 1746 iis
1432 1720 1500 1746 me

152 1765 284 1805 amari
316 1765 532 1819 putabam,
565 1765 638 1819 qui
670 1764 930 1818 invidebant,
963 1778 1033 1805 eos
1064 1778 1150 1805 non
1177 1764 1394 1819 sequebar,
1427 1764 1500 1818 qui

105 1835 125 1865 2
152 1824 365 1878 petebant.
428 1823 588 1872 Quodsi
619 1823 778 1864 nostris
810 1823 998 1864 consiliis
1030 1823 1093 1863 usi
1128 1837 1332 1877 essemus,
1364 1837 1500 1877 neque

152 1886 256 1937 aput
296 1897 373 1924 nos
410 1885 577 1923 tantum
609 1882 811 1923 valuisset
848 1896 986 1923 sermo
1025 1884 1097 1922 aut
1138 1881 1365 1922 stultorum
1399 1881 1499 1922 ami·
1519 1894 1553 1918 ρο

152 1956 298 1983 corum
331 1944 404 1982 aut
435 1941 748 1995 improborum,
786 1940 1020 1981 beatissimi
1052 1940 1301 1981 viveremus.
1362 1939 1499 1994 Nunc,

153 2001 353 2054 quoniam
392 2015 559 2054 sperare
597 2014 675 2040 nos
713 1999 836 2040 amici
874 1999 1042 2053 iubent,
1085 1998 1193 2039 dabo
1227 2013 1415 2053 operam,
1446 2012 1499 2039 ne

151 2074 245 2100 mea
264 2059 462 2100 valetudo
488 2062 562 2100 tuo
589 2058 726 2099 labori
748 2058 866 2099 desit.
907 2057 992 2099 Res
1014 2061 1171 2111 quanta
1191 2057 1258 2111 sit,
1284 2057 1500 2112 intellego,

153 2121 395 2171 quantoque
436 2118 566 2158 fuerit
606 2117 773 2158 facilius
813 2131 982 2158 manere
1024 2116 1137 2157 domi
1180 2130 1305 2170 quam
1346 2115 1499 2170 redire3

152 2176 223 2217 sed
255 2180 409 2230 tamen,
442 2176 476 2217 si
504 2190 649 2217 omnes
680 2179 731 2216 tr.
757 2175 812 2230 pl.
839 2175 1057 2229 habemus,
1089 2174 1124 2215 si
1156 2173 1384 2215 Lentulum
1410 2177 1498 2215 tam
1519 2186 1552 2211 25

152 2235 401 2290 studiosum,
434 2249 561 2289 quam
593 2234 781 2288 videtur,
814 2234 848 2275 si
881 2248 981 2275 vero
1014 2233 1142 2275 etiam
1173 2232 1424 2286 Pompeium
1457 2235 1499 2275 et
1567 2283 1570 2285 ‚

152 2291 384 2350 Caesarem,
416 2308 502 2335 non
535 2295 598 2334 est
631 2293 949 2347 desperandum.
