1659 2552
61 700 94 723 10

60 990 93 1016 15

59 1868 92 1893 30

57 2159 90 2184 35

251 62 396 98 EPIST.
424 62 464 104 Q.
494 62 575 97 CIC.
601 62 664 97 DE
689 62 840 97 PETIT.
861 62 925 96 AD
952 62 999 97 M.
1020 62 1189 97 FRATR.
1213 66 1314 98 1—8.
1365 63 1449 104 563

113 158 225 199 enim
252 173 311 212 ea,
343 173 447 212 quae
478 173 560 200 non
589 158 709 199 multi
739 159 919 199 homines
949 158 1049 198 novi
1080 158 1332 212 habuerunt,
1365 173 1450 199 om-

113 217 178 257 nis
209 217 474 271 publicanos,
514 220 653 258 totum
684 217 770 257 fere
802 219 1038 270 equestrem
1071 216 1278 270 ordinem,
1316 218 1451 257 multa

112 276 285 330 propria
326 276 576 330 municipia,
619 275 777 316 multos
820 275 894 316 abs
936 278 978 316 te
1023 275 1214 316 defensos
1256 276 1450 316 homines

114 334 315 388 cuiusque
348 335 518 388 ordinis,
550 334 712 388 aliquot
743 334 940 389 collegia,
970 336 1188 388 praeterea
1218 334 1358 375 studio
1391 335 1450 375 di-

115 393 234 434 cendi
271 393 516 434 conciliatos
556 393 762 447 plurimos
802 393 1153 446 adulescentulos,
1194 393 1448 434 cotidianam

114 451 345 492 amicorum
376 452 665 493 assiduitatem
697 455 739 492 et
775 451 1065 505 frequentiam.
1126 451 1242 492 Haec
1273 466 1372 492 cura
1402 455 1449 492 ut
1475 464 1496 493 4

113 513 254 551 teneas
293 510 595 551 commonendo
634 514 675 551 et
712 510 900 565 rogando
938 513 979 551 et
1012 510 1126 551 omni
1167 511 1330 551 ratione
1362 511 1449 551 effi-

114 569 272 623 ciendo,
303 571 351 610 ut
376 569 635 624 intellegant,
668 569 739 622 qui
767 569 919 609 debent
943 572 1018 609 tua
1043 583 1176 623 causa,
1208 569 1450 610 referendae

113 628 291 683 gratiae,
333 628 404 681 qui
441 628 610 682 volunt,
652 627 885 683 obligandi’
908 628 971 668 tui
1011 631 1177 682 tempus
1215 628 1296 668 sibi
1335 628 1450 669 aliud

113 686 277 726 nuHum
296 686 396 727 fore.
437 685 580 727 Etiam
606 686 687 727 hoc
711 687 893 727 multum
918 686 1086 727 videtur
1110 686 1307 728 adiuvare
1326 701 1448 741 posse

113 758 270 785 novum
300 744 532 799 hominem,
572 745 793 785 hominum
824 745 1034 785 nobilium
1065 745 1260 786 voluntas
1293 748 1334 786 et
1364 761 1450 786 ma-

113 804 225 844 xime
257 804 551 844 consularium.
612 803 807 858 Prodest,
840 818 1020 858 quorum
1051 804 1095 844 in
1125 804 1266 845 locum
1297 819 1344 844 ac
1375 819 1449 845 nu-

112 864 276 903 merum
315 863 534 916 pervenire
566 863 690 915 velis,
731 862 782 902 ab
823 862 875 902 iis
913 862 1015 916 ipsis
1047 862 1121 903 illo
1152 863 1245 903 1000
1278 862 1362 917 [ac]
1391 863 1449 903 di-

112 935 244 976 gnum
258 920 471 976 [numero]
491 921 643 975 putari.
674 920 710 961 Ii
730 921 907 976 rogandi
929 936 1072 961 omnes
1092 924 1189 962 sunt
1211 921 1446 977 diligenter,
1474 932 1494 962 5

113 982 154 1020 et
191 979 244 1019 ad
283 994 354 1021 eos
394 980 660 1035 allegandum
702 982 780 1033 est,
820 980 1239 1034 persuadendumque
1279 980 1331 1020 iis
1370 995 1449 1021 nos

114 1052 277 1092 semper
317 1052 411 1079 eum
452 1039 728 1092 optimatibus
767 1039 815 1078 de
854 1053 897 1079 re
934 1038 1104 1092 publica
1142 1038 1335 1093 sensisse,
1373 1039 1448 1079 mi-

112 1097 225 1137 nime
255 1097 473 1151 popularis
504 1097 649 1151 fuisse3
681 1097 716 1138 si
749 1097 850 1151 quid
880 1097 1011 1137 locuti
1042 1097 1305 1151 populariter
1335 1098 1448 1139 vide-

113 1170 244 1209 amur,
270 1155 314 1195 id
338 1170 415 1196 nos
434 1170 482 1196 eo
504 1156 679 1196 consilio
699 1156 856 1209 fecisse,
883 1158 930 1196 ut
954 1156 1078 1196 nobis
1104 1156 1176 1197 Cn.
1196 1155 1448 1210 Pompeium

113 1213 447 1269 adiungeremus,
478 1217 526 1255 ut
556 1229 663 1268 eum,
695 1215 767 1268 qui
797 1214 1028 1268 plurimum
1058 1217 1212 1269 posset,
1244 1218 1316 1255 aut
1348 1216 1448 1255 ami-

60 1284 74 1308 2
113 1286 208 1313 011111
239 1272 283 1312 111
313 1276 457 1313 nostra
493 1273 698 1326 petitione
734 1273 985 1314 haberemus
1016 1276 1089 1314 aut
1120 1277 1231 1314 certe
1262 1288 1347 1314 non
1379 1274 1447 1314 ad-

112 1331 352 1371 versarium.
419 1331 642 1372 Praeterea
677 1331 961 1372 adulescentes
996 1332 1161 1373 nobiles
1198 1332 1368 1373 elabora
1398 1335 1446 1373 ut
1473 1345 1493 1375 6

110 1389 266 1430 habeas
296 1389 363 1430 vel
392 1392 446 1430 ‘ut
482 1392 641 1440 teneas,
683 1390 892 1431 studiosos
925 1405 1029 1444 quos
1060 1390 1199 1431 habes.
1261 1390 1446 1432 Multum

112 1448 331 1503 dignitatis
362 1448 547 1489 afferent.
607 1448 820 1490 Plurimos
850 1449 1000 1503 habes3
1031 1450 1195 1504 perfice,
1227 1452 1274 1490 ut
1301 1450 1446 1504 sciant,

112 1509 316 1559 quantum
353 1506 397 1547 in
434 1507 486 1547 iis
521 1510 643 1561 putes
682 1522 780 1548 esse.
843 1506 888 1548 Si
925 1508 1165 1562 adduxeris,
1202 1511 1250 1549 ut
1287 1508 1335 1563 ii,
1373 1509 1446 1562 qui

58 1592 72 1600 -
112 1564 272 1619 volunt,
304 1565 485 1619 cupiant,
519 1566 749 1619 plurimum
780 1566 1021 1620 proderunt.

200 1622 261 1663 Ac
280 1623 462 1664 multum
482 1624 609 1664 etiam
626 1624 860 1665 novitatem
878 1627 995 1664 tuam
1016 1625 1197 1678 adjuvat,
1224 1625 1338 1678 quod
1356 1626 1444 1666 eius

111 1681 227 1721 modi
258 1681 421 1722 nobiles
457 1684 596 1722 tecum
626 1685 792 1736 petunt,
830 1685 878 1722 ut
914 1697 1037 1723 nemo
1075 1683 1145 1736 sit,
1185 1684 1257 1736 qui
1295 1684 1445 1724 audeat

113 1739 249 1780 dicere
279 1739 374 1793 plus
406 1739 491 1780 11118
521 1740 789 1781 nobilitatem
821 1755 945 1794 quam
978 1741 1058 1781 tibi
1089 1741 1291 1782 virtutem
1319 1742 1445 1796 prod-

112 1812 200 1839 esse
233 1800 436 1851 oportere.
497 1797 608 1839 Nam
639 1798 684 1839 P.
707 1798 883 1839 Galbam
916 1801 957 1839 et
981 1798 1026 1840 L.
1055 1798 1245 1840 Cassium
1279 1815 1444 1841 summo

110 1857 204 1897 loco
229 1859 350 1897 natos
377 1857 470 1910 quis
490 1860 552 1897 est
578 1857 650 1911 qui
675 1860 816 1911 petere
837 1858 1100 1898 consulatum
1125 1859 1273 1912 putet?
1314 1858 1445 1900 Vides

111 1915 243 1970 igitur
275 1915 543 1968 amplissimis
570 1930 620 1956 ex
651 1916 823 1956 familiis
853 1916 1057 1969 homines,
1090 1917 1203 1970 quod
1234 1917 1322 1958 sine
1353 1932 1445 1958 ner-

110 1974 174 2014 vis
205 1977 313 2028 sunt,
344 1973 425 2014 tibi
455 1988 576 2028 pares
607 1988 692 2015 non
724 1989 822 2015 esse.
871 1974 929 2015 At
957 1974 1139 2015 Catilina
1164 1978 1205 2016 et
1229 1975 1443 2017 Antonius
1468 1987 1490 2018 8

109 2032 277 2073 molesti
321 2034 429 2072 sunt.
495 2031 631 2073 Immo
673 2033 835 2073 homini
879 2048 1007 2087 navo,
1051 2033 1281 2088 industrio,
1325 2034 1443 2075 inno-

110 2091 232 2145 centi,
265 2091 432 2145 diserto,
462 2091 649 2146 gratioso
681 2092 791 2145 apud
823 2106 910 2146 eos,
942 2092 1014 2145 qui
1045 2106 1111 2133 res
1142 2093 1340 2147 iudicant,
1373 2107 1443 2147 op-

109 2149 227 2190 tandi
283 2149 580 2203 competitores
629 2150 752 2191 ambo
802 2165 826 2190 a
874 2150 1056 2204 pueritia
1105 2151 1261 2205 sicarii,
1317 2152 1443 2193 ambo

108 2207 344 2261 libidinosi,
382 2207 507 2248 ambo
545 2210 725 2263 egentes.
793 2208 954 2248 Eorum
992 2209 1163 2249 alterius
1200 2209 1312 2250 bona
1347 2224 1444 2264 pro-

110 2267 265 2320 scripta
311 2265 514 2319 vidimus,
563 2280 707 2307 vocem
758 2267 935 2320 denique
985 2267 1221 2308 audivimus
1264 2268 1442 2310 iurantis

1157 2336 1226 2369 36*

1472 1661 1490 1690 7
