<?xml version="1.0" encoding="UTF-8"?>
<!DOCTYPE html PUBLIC "-//W3C//DTD XHTML 1.0 Transitional//EN"
    "http://www.w3.org/TR/xhtml1/DTD/xhtml1-transitional.dtd">
<html xmlns="http://www.w3.org/1999/xhtml" xml:lang="en" lang="en">
 <head>
  <title>
</title>
<meta http-equiv="Content-Type" content="text/html;charset=utf-8" />
  <meta name='ocr-system' content='tesseract 3.04.00' />
  <meta name='ocr-capabilities' content='ocr_page ocr_carea ocr_par ocr_line ocrx_word'/>
</head>
<body>
  <div class='ocr_page' id='page_1' title='image "./p1scriptaquaemanse03ciceuoft_0417.png"; bbox 0 0 1659 2552; ppageno 0'>
   <div class='ocr_carea' id='block_1_1' title="bbox 644 95 1496 138">
    <p class='ocr_par' dir='ltr' id='par_1_1' title="bbox 644 95 1496 138">
     <span class='ocr_line' id='line_1_1' title="bbox 644 95 1496 138; baseline 0.012 -10"><span class='ocrx_word' id='word_1_1' title='bbox 644 95 786 129; x_wconf 79' lang='lat' dir='ltr'>LIBER</span> <span class='ocrx_word' id='word_1_2' title='bbox 811 95 859 130; x_wconf 81' lang='lat' dir='ltr'>XI</span> <span class='ocrx_word' id='word_1_3' title='bbox 886 99 1033 132; x_wconf 87' lang='lat'><strong>13—14.</strong></span> <span class='ocrx_word' id='word_1_4' title='bbox 1412 98 1496 138; x_wconf 78' lang='lat'>315</span> 
     </span>
    </p>
   </div>
   <div class='ocr_carea' id='block_1_2' title="bbox 754 259 906 302">
    <p class='ocr_par' dir='ltr' id='par_1_2' title="bbox 754 259 906 302">
     <span class='ocr_line' id='line_1_2' title="bbox 754 259 906 302; baseline 0 0"><span class='ocrx_word' id='word_1_5' title='bbox 754 259 856 302; x_wconf 87' lang='lat' dir='ltr'>XIII</span> <span class='ocrx_word' id='word_1_6' title='bbox 868 261 906 302; x_wconf 93' lang='lat' dir='ltr'>b.</span> 
     </span>
    </p>
   </div>
   <div class='ocr_carea' id='block_1_3' title="bbox 322 322 1339 458">
    <p class='ocr_par' dir='ltr' id='par_1_3' title="bbox 322 322 1339 458">
     <span class='ocr_line' id='line_1_3' title="bbox 322 322 1339 386; baseline 0.002 -12"><span class='ocrx_word' id='word_1_7' title='bbox 322 339 396 374; x_wconf 79' lang='lat' dir='ltr'>Sor.</span> <span class='ocrx_word' id='word_1_8' title='bbox 423 322 615 376; x_wconf 54' lang='lat' dir='ltr'>incastris</span> <span class='ocrx_word' id='word_1_9' title='bbox 642 341 796 376; x_wconf 80' lang='lat' dir='ltr'>Parmae</span> <span class='ocrx_word' id='word_1_10' title='bbox 821 352 874 376; x_wconf 80' lang='lat' dir='ltr'>eae.</span> <span class='ocrx_word' id='word_1_11' title='bbox 900 353 944 376; x_wconf 86' lang='lat' dir='ltr'>m.</span> <span class='ocrx_word' id='word_1_12' title='bbox 971 341 1062 386; x_wconf 77' lang='lat' dir='ltr'>Apr.</span> <span class='ocrx_word' id='word_1_13' title='bbox 1095 353 1128 376; x_wconf 85' lang='lat' dir='ltr'>a.</span> <span class='ocrx_word' id='word_1_14' title='bbox 1157 344 1224 376; x_wconf 78' lang='lat'>711</span> <span class='ocrx_word' id='word_1_15' title='bbox 1254 344 1339 385; x_wconf 74' lang='lat'><strong><em>(43).</em></strong></span> 
     </span>
     <span class='ocr_line' id='line_1_4' title="bbox 327 421 1335 458; baseline 0.003 -3"><span class='ocrx_word' id='word_1_16' title='bbox 327 421 369 455; x_wconf 90' lang='lat' dir='ltr'>D.</span> <span class='ocrx_word' id='word_1_17' title='bbox 396 421 582 456; x_wconf 84' lang='lat' dir='ltr'>BRUTUS</span> <span class='ocrx_word' id='word_1_18' title='bbox 609 422 704 457; x_wconf 85' lang='lat' dir='ltr'>COS.</span> <span class='ocrx_word' id='word_1_19' title='bbox 732 422 881 457; x_wconf 84' lang='lat' dir='ltr'>DESIG.</span> <span class='ocrx_word' id='word_1_20' title='bbox 909 423 956 458; x_wconf 93' lang='lat' dir='ltr'>M.</span> <span class='ocrx_word' id='word_1_21' title='bbox 984 422 1207 458; x_wconf 84' lang='lat' dir='ltr'>CICERONI</span> <span class='ocrx_word' id='word_1_22' title='bbox 1233 423 1266 458; x_wconf 82' lang='lat' dir='ltr'>S.</span> <span class='ocrx_word' id='word_1_23' title='bbox 1293 423 1335 458; x_wconf 88' lang='lat' dir='ltr'>D.</span> 
     </span>
    </p>
   </div>
   <div class='ocr_carea' id='block_1_4' title="bbox 255 504 1021 547">
    <p class='ocr_par' dir='ltr' id='par_1_4' title="bbox 255 504 1021 547">
     <span class='ocr_line' id='line_1_5' title="bbox 255 504 1021 547; baseline 0.003 -2"><span class='ocrx_word' id='word_1_24' title='bbox 255 504 502 547; x_wconf 74' lang='lat' dir='ltr'>Pal&#39;menSeS</span> <span class='ocrx_word' id='word_1_25' title='bbox 533 506 792 547; x_wconf 73' lang='lat' dir='ltr'>miSel&#39;l&#39;lmOS</span> <span class='ocrx_word' id='word_1_26' title='bbox 814 531 867 535; x_wconf 68' lang='lat'><strong>—</strong></span> <span class='ocrx_word' id='word_1_27' title='bbox 891 531 945 536; x_wconf 82' lang='lat'>-—</span> <span class='ocrx_word' id='word_1_28' title='bbox 966 531 1021 536; x_wconf 75' lang='lat'>—·</span> 
     </span>
    </p>
   </div>
   <div class='ocr_carea' id='block_1_5' title="bbox 129 633 1246 758">
    <p class='ocr_par' dir='ltr' id='par_1_5' title="bbox 129 633 1246 758">
     <span class='ocr_line' id='line_1_6' title="bbox 129 633 891 675; baseline 0.007 -5"><span class='ocrx_word' id='word_1_29' title='bbox 129 644 145 670; x_wconf 87' lang='lat'><strong>5</strong></span> <span class='ocrx_word' id='word_1_30' title='bbox 778 633 891 675; x_wconf 87' lang='lat' dir='ltr'>XIV.</span> 
     </span>
     <span class='ocr_line' id='line_1_7' title="bbox 425 714 1246 758; baseline -0.001 -9"><span class='ocrx_word' id='word_1_31' title='bbox 425 714 498 749; x_wconf 81' lang='lat' dir='ltr'>Ser.</span> <span class='ocrx_word' id='word_1_32' title='bbox 526 714 661 749; x_wconf 83' lang='lat' dir='ltr'>Romae</span> <span class='ocrx_word' id='word_1_33' title='bbox 686 715 750 749; x_wconf 90' lang='lat' dir='ltr'>IV</span> <span class='ocrx_word' id='word_1_34' title='bbox 773 714 859 749; x_wconf 79' lang='lat' dir='ltr'>Kal.</span> <span class='ocrx_word' id='word_1_35' title='bbox 885 715 970 749; x_wconf 79' lang='lat' dir='ltr'>Iun.</span> <span class='ocrx_word' id='word_1_36' title='bbox 998 726 1030 749; x_wconf 88' lang='lat' dir='ltr'>a.</span> <span class='ocrx_word' id='word_1_37' title='bbox 1059 717 1126 748; x_wconf 87' lang='grc'>711</span> <span class='ocrx_word' id='word_1_38' title='bbox 1155 716 1246 758; x_wconf 76' lang='grc'><strong><em>(43).</em></strong></span> 
     </span>
    </p>
   </div>
   <div class='ocr_carea' id='block_1_6' title="bbox 371 794 1299 836">
    <p class='ocr_par' dir='ltr' id='par_1_6' title="bbox 371 794 1299 836">
     <span class='ocr_line' id='line_1_8' title="bbox 371 794 1299 836; baseline 0.001 -7"><span class='ocrx_word' id='word_1_39' title='bbox 371 795 419 831; x_wconf 85' lang='lat' dir='ltr'>M.</span> <span class='ocrx_word' id='word_1_40' title='bbox 447 795 614 830; x_wconf 83' lang='lat' dir='ltr'>CICERO</span> <span class='ocrx_word' id='word_1_41' title='bbox 641 796 683 831; x_wconf 86' lang='lat' dir='ltr'>D.</span> <span class='ocrx_word' id='word_1_42' title='bbox 710 795 869 830; x_wconf 85' lang='lat' dir='ltr'>BRUTO</span> <span class='ocrx_word' id='word_1_43' title='bbox 897 795 992 836; x_wconf 80' lang='lat' dir='ltr'>COS.</span> <span class='ocrx_word' id='word_1_44' title='bbox 1019 794 1169 831; x_wconf 82' lang='lat' dir='ltr'>DESIG.</span> <span class='ocrx_word' id='word_1_45' title='bbox 1197 795 1230 831; x_wconf 82' lang='lat' dir='ltr'>S.</span> <span class='ocrx_word' id='word_1_46' title='bbox 1257 795 1299 830; x_wconf 94' lang='lat' dir='ltr'>D.</span> 
     </span>
    </p>
   </div>
   <div class='ocr_carea' id='block_1_7' title="bbox 116 889 1568 2347">
    <p class='ocr_par' dir='ltr' id='par_1_7' title="bbox 116 889 1568 2347">
     <span class='ocr_line' id='line_1_9' title="bbox 254 889 1544 945; baseline 0.002 -15"><span class='ocrx_word' id='word_1_47' title='bbox 254 889 522 945; x_wconf 83' lang='lat' dir='ltr'>Mirabiliter,</span> <span class='ocrx_word' id='word_1_48' title='bbox 554 891 612 931; x_wconf 90' lang='lat' dir='ltr'>mi</span> <span class='ocrx_word' id='word_1_49' title='bbox 638 891 781 941; x_wconf 87' lang='lat' dir='ltr'>Brute,</span> <span class='ocrx_word' id='word_1_50' title='bbox 812 891 947 932; x_wconf 85' lang='lat' dir='ltr'>laetor</span> <span class='ocrx_word' id='word_1_51' title='bbox 976 906 1069 931; x_wconf 90' lang='lat' dir='ltr'>mea</span> <span class='ocrx_word' id='word_1_52' title='bbox 1100 891 1274 931; x_wconf 76' lang='lat' dir='ltr'>consilia</span> <span class='ocrx_word' id='word_1_53' title='bbox 1305 905 1500 944; x_wconf 89' lang='lat' dir='ltr'>measque</span> <span class='ocrx_word' id='word_1_54' title='bbox 1529 902 1544 932; x_wconf 91' lang='lat'>1</span> 
     </span>
     <span class='ocr_line' id='line_1_10' title="bbox 167 949 1501 1003; baseline 0 -14"><span class='ocrx_word' id='word_1_55' title='bbox 167 949 396 989; x_wconf 87' lang='lat' dir='ltr'>sententias</span> <span class='ocrx_word' id='word_1_56' title='bbox 422 964 445 989; x_wconf 91' lang='lat' dir='ltr'>a</span> <span class='ocrx_word' id='word_1_57' title='bbox 470 952 511 990; x_wconf 87' lang='lat' dir='ltr'>te</span> <span class='ocrx_word' id='word_1_58' title='bbox 536 950 708 1003; x_wconf 83' lang='lat' dir='ltr'>probari</span> <span class='ocrx_word' id='word_1_59' title='bbox 735 950 783 990; x_wconf 89' lang='lat' dir='ltr'>de</span> <span class='ocrx_word' id='word_1_60' title='bbox 810 950 951 990; x_wconf 82' lang='lat' dir='ltr'>decem</span> <span class='ocrx_word' id='word_1_61' title='bbox 970 949 1084 1003; x_wconf 70' lang='lat' dir='ltr'>viris,</span> <span class='ocrx_word' id='word_1_62' title='bbox 1117 949 1165 989; x_wconf 91' lang='lat' dir='ltr'>de</span> <span class='ocrx_word' id='word_1_63' title='bbox 1192 949 1379 990; x_wconf 88' lang='lat' dir='ltr'>ornando</span> <span class='ocrx_word' id='word_1_64' title='bbox 1405 949 1501 989; x_wconf 86' lang='lat' dir='ltr'>adu-</span> 
     </span>
     <span class='ocr_line' id='line_1_11' title="bbox 116 1006 1501 1061; baseline 0.001 -15"><span class='ocrx_word' id='word_1_65' title='bbox 116 1021 148 1045; x_wconf 85' lang='lat'>10</span> <span class='ocrx_word' id='word_1_66' title='bbox 166 1007 360 1048; x_wconf 83' lang='lat' dir='ltr'>lescente.</span> <span class='ocrx_word' id='word_1_67' title='bbox 423 1006 506 1048; x_wconf 84' lang='lat' dir='ltr'>Sed</span> <span class='ocrx_word' id='word_1_68' title='bbox 544 1008 645 1061; x_wconf 87' lang='lat' dir='ltr'>quid</span> <span class='ocrx_word' id='word_1_69' title='bbox 682 1008 838 1049; x_wconf 71' lang='lat' dir='ltr'>refert?</span> <span class='ocrx_word' id='word_1_70' title='bbox 893 1007 1001 1048; x_wconf 83' lang='lat' dir='ltr'>Mihi</span> <span class='ocrx_word' id='word_1_71' title='bbox 1039 1007 1175 1061; x_wconf 85' lang='lat' dir='ltr'>crede,</span> <span class='ocrx_word' id='word_1_72' title='bbox 1216 1008 1377 1049; x_wconf 88' lang='lat' dir='ltr'>homini</span> <span class='ocrx_word' id='word_1_73' title='bbox 1416 1022 1501 1048; x_wconf 89' lang='lat' dir='ltr'>non</span> 
     </span>
     <span class='ocr_line' id='line_1_12' title="bbox 167 1066 1501 1121; baseline -0.001 -15"><span class='ocrx_word' id='word_1_74' title='bbox 167 1066 372 1121; x_wconf 89' lang='lat' dir='ltr'>glorioso,</span> <span class='ocrx_word' id='word_1_75' title='bbox 409 1066 532 1120; x_wconf 91' lang='lat' dir='ltr'>plane</span> <span class='ocrx_word' id='word_1_76' title='bbox 564 1067 664 1119; x_wconf 84' lang='lat' dir='ltr'>iam,</span> <span class='ocrx_word' id='word_1_77' title='bbox 696 1066 838 1121; x_wconf 88' lang='lat' dir='ltr'>Brute,</span> <span class='ocrx_word' id='word_1_78' title='bbox 869 1067 1022 1121; x_wconf 70' lang='lat' dir='ltr'>frigeo,</span> <span class='ocrx_word' id='word_1_79' title='bbox 1055 1067 1244 1119; x_wconf 79' lang='grc' dir='ltr'><em>ὄργανον</em></span> <span class='ocrx_word' id='word_1_80' title='bbox 1276 1066 1387 1107; x_wconf 86' lang='grc'><em>6111111</em></span> <span class='ocrx_word' id='word_1_81' title='bbox 1413 1069 1501 1106; x_wconf 80' lang='lat' dir='ltr'>erat</span> 
     </span>
     <span class='ocr_line' id='line_1_13' title="bbox 167 1124 1502 1179; baseline -0.001 -14"><span class='ocrx_word' id='word_1_82' title='bbox 167 1139 308 1165; x_wconf 90' lang='lat' dir='ltr'>meum</span> <span class='ocrx_word' id='word_1_83' title='bbox 340 1128 525 1179; x_wconf 69' lang='lat' dir='ltr'>senatus,</span> <span class='ocrx_word' id='word_1_84' title='bbox 563 1125 606 1165; x_wconf 94' lang='lat' dir='ltr'>id</span> <span class='ocrx_word' id='word_1_85' title='bbox 643 1125 726 1165; x_wconf 85' lang='lat' dir='ltr'>iam</span> <span class='ocrx_word' id='word_1_86' title='bbox 758 1127 820 1166; x_wconf 90' lang='lat' dir='ltr'>est</span> <span class='ocrx_word' id='word_1_87' title='bbox 852 1125 1114 1165; x_wconf 88' lang='lat' dir='ltr'>dissolutum.</span> <span class='ocrx_word' id='word_1_88' title='bbox 1176 1124 1353 1165; x_wconf 90' lang='lat' dir='ltr'>Tantam</span> <span class='ocrx_word' id='word_1_89' title='bbox 1385 1138 1502 1178; x_wconf 89' lang='lat' dir='ltr'>spem</span> 
     </span>
     <span class='ocr_line' id='line_1_14' title="bbox 168 1182 1503 1237; baseline -0.001 -14"><span class='ocrx_word' id='word_1_90' title='bbox 168 1183 368 1224; x_wconf 84' lang='lat' dir='ltr'>attulerat</span> <span class='ocrx_word' id='word_1_91' title='bbox 418 1184 658 1237; x_wconf 77' lang='lat' dir='ltr'>exploratae</span> <span class='ocrx_word' id='word_1_92' title='bbox 706 1183 907 1224; x_wconf 76' lang='lat' dir='ltr'>victoriae</span> <span class='ocrx_word' id='word_1_93' title='bbox 956 1186 1029 1223; x_wconf 90' lang='lat' dir='ltr'>tua</span> <span class='ocrx_word' id='word_1_94' title='bbox 1077 1183 1290 1236; x_wconf 76' lang='lat' dir='ltr'>praeclara</span> <span class='ocrx_word' id='word_1_95' title='bbox 1338 1182 1503 1223; x_wconf 88' lang='lat' dir='ltr'>Mutina</span> 
     </span>
     <span class='ocr_line' id='line_1_15' title="bbox 168 1241 1502 1297; baseline 0 -16"><span class='ocrx_word' id='word_1_96' title='bbox 168 1242 352 1295; x_wconf 82' lang='lat' dir='ltr'>eruptio,</span> <span class='ocrx_word' id='word_1_97' title='bbox 392 1242 494 1297; x_wconf 87' lang='lat' dir='ltr'>fuga</span> <span class='ocrx_word' id='word_1_98' title='bbox 524 1241 686 1283; x_wconf 83' lang='lat' dir='ltr'>Antoni</span> <span class='ocrx_word' id='word_1_99' title='bbox 724 1242 890 1282; x_wconf 81' lang='lat' dir='ltr'>conciso</span> <span class='ocrx_word' id='word_1_100' title='bbox 928 1241 1131 1295; x_wconf 78' lang='lat' dir='ltr'>exercitu,</span> <span class='ocrx_word' id='word_1_101' title='bbox 1168 1242 1198 1294; x_wconf 84' lang='lat'>†</span> <span class='ocrx_word' id='word_1_102' title='bbox 1229 1244 1277 1281; x_wconf 86' lang='lat' dir='ltr'>ut</span> <span class='ocrx_word' id='word_1_103' title='bbox 1314 1241 1502 1281; x_wconf 89' lang='lat' dir='ltr'>omnium</span> 
     </span>
     <span class='ocr_line' id='line_1_16' title="bbox 117 1300 1502 1354; baseline 0.001 -16"><span class='ocrx_word' id='word_1_104' title='bbox 117 1312 149 1337; x_wconf 83' lang='lat'>15</span> <span class='ocrx_word' id='word_1_105' title='bbox 170 1300 299 1340; x_wconf 86' lang='lat' dir='ltr'>animi</span> <span class='ocrx_word' id='word_1_106' title='bbox 340 1300 517 1341; x_wconf 80' lang='lat' dir='ltr'>relaxati</span> <span class='ocrx_word' id='word_1_107' title='bbox 558 1301 660 1354; x_wconf 87' lang='lat' dir='ltr'>sint,</span> <span class='ocrx_word' id='word_1_108' title='bbox 700 1314 900 1354; x_wconf 87' lang='lat' dir='ltr'>meaeque</span> <span class='ocrx_word' id='word_1_109' title='bbox 944 1300 1039 1340; x_wconf 89' lang='lat' dir='ltr'>illae</span> <span class='ocrx_word' id='word_1_110' title='bbox 1080 1302 1292 1340; x_wconf 75' lang='lat' dir='ltr'>vementes</span> <span class='ocrx_word' id='word_1_111' title='bbox 1336 1302 1502 1340; x_wconf 81' lang='lat' dir='ltr'>conten-</span> 
     </span>
     <span class='ocr_line' id='line_1_17' title="bbox 169 1357 1549 1413; baseline -0.001 -14"><span class='ocrx_word' id='word_1_112' title='bbox 169 1358 306 1399; x_wconf 86' lang='lat' dir='ltr'>tiones</span> <span class='ocrx_word' id='word_1_113' title='bbox 330 1361 547 1413; x_wconf 83' lang='lat' dir='ltr'>tamquam</span> <span class='ocrx_word' id='word_1_114' title='bbox 573 1361 822 1412; x_wconf 84' lang='grc' dir='ltr'><em>σκιαμαχιάι</em></span> <span class='ocrx_word' id='word_1_115' title='bbox 854 1373 941 1399; x_wconf 89' lang='lat' dir='ltr'>esse</span> <span class='ocrx_word' id='word_1_116' title='bbox 967 1358 1198 1398; x_wconf 75' lang='lat' dir='ltr'>videantur.</span> <span class='ocrx_word' id='word_1_117' title='bbox 1262 1357 1344 1398; x_wconf 87' lang='lat' dir='ltr'>Sed</span> <span class='ocrx_word' id='word_1_118' title='bbox 1374 1360 1421 1398; x_wconf 88' lang='lat' dir='ltr'>ut</span> <span class='ocrx_word' id='word_1_119' title='bbox 1453 1357 1505 1397; x_wconf 90' lang='lat' dir='ltr'>ad</span> <span class='ocrx_word' id='word_1_120' title='bbox 1529 1369 1549 1398; x_wconf 81' lang='lat'>2</span> 
     </span>
     <span class='ocr_line' id='line_1_18' title="bbox 170 1416 1503 1472; baseline -0.002 -14"><span class='ocrx_word' id='word_1_121' title='bbox 170 1431 258 1457; x_wconf 83' lang='lat' dir='ltr'>rem</span> <span class='ocrx_word' id='word_1_122' title='bbox 284 1417 462 1471; x_wconf 87' lang='lat' dir='ltr'>redeam,</span> <span class='ocrx_word' id='word_1_123' title='bbox 493 1417 704 1472; x_wconf 82' lang='lat' dir='ltr'>legionem</span> <span class='ocrx_word' id='word_1_124' title='bbox 729 1417 927 1457; x_wconf 86' lang='lat' dir='ltr'>Martiam</span> <span class='ocrx_word' id='word_1_125' title='bbox 953 1419 994 1457; x_wconf 87' lang='lat' dir='ltr'>et</span> <span class='ocrx_word' id='word_1_126' title='bbox 1021 1418 1213 1470; x_wconf 84' lang='lat' dir='ltr'>quartam</span> <span class='ocrx_word' id='word_1_127' title='bbox 1238 1418 1406 1471; x_wconf 87' lang='lat' dir='ltr'>negant,</span> <span class='ocrx_word' id='word_1_128' title='bbox 1432 1416 1503 1469; x_wconf 89' lang='lat' dir='ltr'>qui</span> 
     </span>
     <span class='ocr_line' id='line_1_19' title="bbox 170 1475 1505 1529; baseline -0.001 -13"><span class='ocrx_word' id='word_1_129' title='bbox 170 1475 264 1516; x_wconf 84' lang='lat' dir='ltr'>illas</span> <span class='ocrx_word' id='word_1_130' title='bbox 294 1478 469 1529; x_wconf 88' lang='lat' dir='ltr'>norunt,</span> <span class='ocrx_word' id='word_1_131' title='bbox 507 1476 592 1516; x_wconf 91' lang='lat' dir='ltr'>ulla</span> <span class='ocrx_word' id='word_1_132' title='bbox 631 1475 876 1516; x_wconf 83' lang='lat' dir='ltr'>condicione</span> <span class='ocrx_word' id='word_1_133' title='bbox 908 1475 960 1516; x_wconf 87' lang='lat' dir='ltr'>ad</span> <span class='ocrx_word' id='word_1_134' title='bbox 990 1477 1032 1516; x_wconf 89' lang='lat' dir='ltr'>te</span> <span class='ocrx_word' id='word_1_135' title='bbox 1064 1489 1186 1529; x_wconf 90' lang='lat' dir='ltr'>posse</span> <span class='ocrx_word' id='word_1_136' title='bbox 1216 1475 1406 1528; x_wconf 70' lang='lat' dir='ltr'>perduci,</span> <span class='ocrx_word' id='word_1_137' title='bbox 1437 1488 1505 1527; x_wconf 91' lang='lat' dir='ltr'>pe—</span> 
     </span>
     <span class='ocr_line' id='line_1_20' title="bbox 171 1532 1505 1588; baseline -0.001 -14"><span class='ocrx_word' id='word_1_138' title='bbox 171 1534 328 1587; x_wconf 83' lang='lat' dir='ltr'>cuniae,</span> <span class='ocrx_word' id='word_1_139' title='bbox 361 1549 486 1588; x_wconf 89' lang='lat' dir='ltr'>quam</span> <span class='ocrx_word' id='word_1_140' title='bbox 519 1534 739 1588; x_wconf 76' lang='lat' dir='ltr'>desideras,</span> <span class='ocrx_word' id='word_1_141' title='bbox 772 1534 880 1574; x_wconf 86' lang='lat' dir='ltr'>ratio</span> <span class='ocrx_word' id='word_1_142' title='bbox 912 1536 1052 1587; x_wconf 88' lang='lat' dir='ltr'>potest</span> <span class='ocrx_word' id='word_1_143' title='bbox 1083 1533 1242 1587; x_wconf 84' lang='lat' dir='ltr'>haberi,</span> <span class='ocrx_word' id='word_1_144' title='bbox 1275 1547 1404 1586; x_wconf 86' lang='lat' dir='ltr'>eaque</span> <span class='ocrx_word' id='word_1_145' title='bbox 1435 1532 1505 1572; x_wconf 85' lang='lat' dir='ltr'>ha-</span> 
     </span>
     <span class='ocr_line' id='line_1_21' title="bbox 118 1590 1506 1645; baseline -0.001 -14"><span class='ocrx_word' id='word_1_146' title='bbox 118 1604 152 1629; x_wconf 81' lang='lat'>20</span> <span class='ocrx_word' id='word_1_147' title='bbox 171 1591 351 1632; x_wconf 89' lang='lat' dir='ltr'>bebitur.</span> <span class='ocrx_word' id='word_1_148' title='bbox 413 1592 477 1633; x_wconf 89' lang='lat' dir='ltr'>De</span> <span class='ocrx_word' id='word_1_149' title='bbox 514 1592 648 1633; x_wconf 89' lang='lat' dir='ltr'>Bruto</span> <span class='ocrx_word' id='word_1_150' title='bbox 689 1592 933 1633; x_wconf 79' lang='lat' dir='ltr'>arcessendo</span> <span class='ocrx_word' id='word_1_151' title='bbox 973 1591 1231 1645; x_wconf 83' lang='lat' dir='ltr'>Caesareque</span> <span class='ocrx_word' id='word_1_152' title='bbox 1271 1591 1324 1631; x_wconf 89' lang='lat' dir='ltr'>ad</span> <span class='ocrx_word' id='word_1_153' title='bbox 1359 1590 1506 1631; x_wconf 83' lang='lat' dir='ltr'>Italiae</span> 
     </span>
     <span class='ocr_line' id='line_1_22' title="bbox 171 1649 1507 1704; baseline -0.001 -14"><span class='ocrx_word' id='word_1_154' title='bbox 171 1650 427 1704; x_wconf 81' lang='lat' dir='ltr'>praesidium</span> <span class='ocrx_word' id='word_1_155' title='bbox 463 1651 643 1691; x_wconf 88' lang='lat' dir='ltr'>tenendo</span> <span class='ocrx_word' id='word_1_156' title='bbox 675 1651 794 1691; x_wconf 80' lang='lat' dir='ltr'>valde</span> <span class='ocrx_word' id='word_1_157' title='bbox 831 1650 912 1691; x_wconf 87' lang='lat' dir='ltr'>tibi</span> <span class='ocrx_word' id='word_1_158' title='bbox 943 1650 1173 1703; x_wconf 68' lang='lat' dir='ltr'>adsentior,</span> <span class='ocrx_word' id='word_1_159' title='bbox 1211 1649 1300 1703; x_wconf 89' lang='lat' dir='ltr'>sed,</span> <span class='ocrx_word' id='word_1_160' title='bbox 1332 1652 1378 1689; x_wconf 90' lang='lat' dir='ltr'>ut</span> <span class='ocrx_word' id='word_1_161' title='bbox 1410 1649 1507 1689; x_wconf 80' lang='lat' dir='ltr'>seri—</span> 
     </span>
     <span class='ocr_line' id='line_1_23' title="bbox 172 1707 1507 1763; baseline -0.001 -14"><span class='ocrx_word' id='word_1_162' title='bbox 172 1708 249 1762; x_wconf 88' lang='lat' dir='ltr'>bis,</span> <span class='ocrx_word' id='word_1_163' title='bbox 279 1708 409 1749; x_wconf 89' lang='lat' dir='ltr'>habes</span> <span class='ocrx_word' id='word_1_164' title='bbox 442 1709 762 1763; x_wconf 79' lang='lat' dir='ltr'>obtrectatores3</span> <span class='ocrx_word' id='word_1_165' title='bbox 794 1723 899 1762; x_wconf 90' lang='lat' dir='ltr'>quos</span> <span class='ocrx_word' id='word_1_166' title='bbox 930 1708 1124 1761; x_wconf 89' lang='lat' dir='ltr'>equidem</span> <span class='ocrx_word' id='word_1_167' title='bbox 1155 1707 1354 1747; x_wconf 77' lang='lat' dir='ltr'>facillime</span> <span class='ocrx_word' id='word_1_168' title='bbox 1386 1707 1507 1747; x_wconf 86' lang='lat' dir='ltr'>susti—</span> 
     </span>
     <span class='ocr_line' id='line_1_24' title="bbox 171 1765 1552 1821; baseline -0.001 -14"><span class='ocrx_word' id='word_1_169' title='bbox 171 1781 262 1820; x_wconf 85' lang='lat' dir='ltr'>neo,</span> <span class='ocrx_word' id='word_1_170' title='bbox 295 1767 367 1807; x_wconf 91' lang='lat' dir='ltr'>sed</span> <span class='ocrx_word' id='word_1_171' title='bbox 398 1767 633 1821; x_wconf 86' lang='lat' dir='ltr'>impediunt</span> <span class='ocrx_word' id='word_1_172' title='bbox 664 1770 815 1807; x_wconf 85' lang='lat' dir='ltr'>tamen.</span> <span class='ocrx_word' id='word_1_173' title='bbox 856 1766 923 1806; x_wconf 78' lang='lat' dir='ltr'>Ex</span> <span class='ocrx_word' id='word_1_174' title='bbox 953 1765 1099 1806; x_wconf 82' lang='lat' dir='ltr'>Africa</span> <span class='ocrx_word' id='word_1_175' title='bbox 1129 1765 1316 1820; x_wconf 84' lang='lat' dir='ltr'>legiones</span> <span class='ocrx_word' id='word_1_176' title='bbox 1343 1779 1507 1818; x_wconf 81' lang='lat' dir='ltr'>exspec-</span> <span class='ocrx_word' id='word_1_177' title='bbox 1533 1776 1552 1805; x_wconf 90' lang='lat'><strong>3</strong></span> 
     </span>
     <span class='ocr_line' id='line_1_25' title="bbox 173 1823 1505 1879; baseline -0.002 -14"><span class='ocrx_word' id='word_1_178' title='bbox 173 1828 334 1879; x_wconf 75' lang='lat' dir='ltr'>tantur3</span> <span class='ocrx_word' id='word_1_179' title='bbox 376 1825 447 1865; x_wconf 90' lang='lat' dir='ltr'>sed</span> <span class='ocrx_word' id='word_1_180' title='bbox 484 1825 643 1865; x_wconf 91' lang='lat' dir='ltr'>bellum</span> <span class='ocrx_word' id='word_1_181' title='bbox 681 1825 790 1865; x_wconf 77' lang='lat' dir='ltr'>istuc</span> <span class='ocrx_word' id='word_1_182' title='bbox 830 1826 1022 1865; x_wconf 88' lang='lat' dir='ltr'>renatum</span> <span class='ocrx_word' id='word_1_183' title='bbox 1058 1823 1267 1864; x_wconf 86' lang='lat' dir='ltr'>mirantur</span> <span class='ocrx_word' id='word_1_184' title='bbox 1302 1823 1505 1863; x_wconf 90' lang='lat' dir='ltr'>homines.</span> 
     </span>
     <span class='ocr_line' id='line_1_26' title="bbox 121 1881 1507 1937; baseline -0.003 -13"><span class='ocrx_word' id='word_1_185' title='bbox 121 1895 154 1920; x_wconf 79' lang='lat'>25</span> <span class='ocrx_word' id='word_1_186' title='bbox 173 1883 294 1925; x_wconf 89' lang='lat' dir='ltr'>Nihil</span> <span class='ocrx_word' id='word_1_187' title='bbox 326 1886 412 1924; x_wconf 88' lang='lat' dir='ltr'>tam</span> <span class='ocrx_word' id='word_1_188' title='bbox 442 1886 609 1937; x_wconf 87' lang='lat' dir='ltr'>praeter</span> <span class='ocrx_word' id='word_1_189' title='bbox 640 1897 756 1937; x_wconf 89' lang='lat' dir='ltr'>spem</span> <span class='ocrx_word' id='word_1_190' title='bbox 788 1897 1005 1936; x_wconf 70' lang='lat' dir='ltr'>umquam,</span> <span class='ocrx_word' id='word_1_191' title='bbox 1045 1896 1141 1921; x_wconf 91' lang='lat' dir='ltr'>nam</span> <span class='ocrx_word' id='word_1_192' title='bbox 1174 1881 1239 1922; x_wconf 89' lang='lat' dir='ltr'>die</span> <span class='ocrx_word' id='word_1_193' title='bbox 1270 1883 1344 1921; x_wconf 87' lang='lat' dir='ltr'>tuo</span> <span class='ocrx_word' id='word_1_194' title='bbox 1376 1881 1507 1921; x_wconf 88' lang='lat' dir='ltr'>natali</span> 
     </span>
     <span class='ocr_line' id='line_1_27' title="bbox 173 1939 1506 1992; baseline -0.004 -9"><span class='ocrx_word' id='word_1_195' title='bbox 173 1942 351 1983; x_wconf 83' lang='lat' dir='ltr'>victoria</span> <span class='ocrx_word' id='word_1_196' title='bbox 387 1942 581 1982; x_wconf 86' lang='lat' dir='ltr'>nuntiata</span> <span class='ocrx_word' id='word_1_197' title='bbox 618 1941 661 1981; x_wconf 89' lang='lat' dir='ltr'>in</span> <span class='ocrx_word' id='word_1_198' title='bbox 701 1941 835 1981; x_wconf 86' lang='lat' dir='ltr'>multa</span> <span class='ocrx_word' id='word_1_199' title='bbox 873 1940 1036 1981; x_wconf 84' lang='lat' dir='ltr'>saecula</span> <span class='ocrx_word' id='word_1_200' title='bbox 1065 1939 1311 1980; x_wconf 79' lang='lat' dir='ltr'>videbamus</span> <span class='ocrx_word' id='word_1_201' title='bbox 1332 1953 1436 1979; x_wconf 77' lang='lat' dir='ltr'>‘rem</span> <span class='ocrx_word' id='word_1_202' title='bbox 1468 1954 1506 1992; x_wconf 88' lang='lat' dir='ltr'>p.</span> 
     </span>
     <span class='ocr_line' id='line_1_28' title="bbox 173 1996 1507 2054; baseline -0.004 -13"><span class='ocrx_word' id='word_1_203' title='bbox 173 2000 413 2054; x_wconf 72' lang='lat' dir='ltr'>liberatam,</span> <span class='ocrx_word' id='word_1_204' title='bbox 453 2000 497 2040; x_wconf 85' lang='lat' dir='ltr'>hi</span> <span class='ocrx_word' id='word_1_205' title='bbox 534 1999 634 2040; x_wconf 80' lang='lat' dir='ltr'>novi</span> <span class='ocrx_word' id='word_1_206' title='bbox 674 2000 847 2040; x_wconf 86' lang='lat' dir='ltr'>timores</span> <span class='ocrx_word' id='word_1_207' title='bbox 885 2000 1080 2039; x_wconf 83' lang='lat' dir='ltr'>retexunt</span> <span class='ocrx_word' id='word_1_208' title='bbox 1112 1997 1337 2051; x_wconf 88' lang='lat' dir='ltr'>superiora.</span> <span class='ocrx_word' id='word_1_209' title='bbox 1400 1996 1507 2037; x_wconf 82' lang='lat' dir='ltr'>Scri-</span> 
     </span>
     <span class='ocr_line' id='line_1_29' title="bbox 173 2054 1507 2113; baseline -0.004 -13"><span class='ocrx_word' id='word_1_210' title='bbox 173 2059 296 2113; x_wconf 87' lang='lat' dir='ltr'>psisti</span> <span class='ocrx_word' id='word_1_211' title='bbox 327 2062 468 2099; x_wconf 87' lang='lat' dir='ltr'>autem</span> <span class='ocrx_word' id='word_1_212' title='bbox 499 2058 552 2099; x_wconf 90' lang='lat' dir='ltr'>ad</span> <span class='ocrx_word' id='word_1_213' title='bbox 582 2072 648 2099; x_wconf 88' lang='lat' dir='ltr'>me</span> <span class='ocrx_word' id='word_1_214' title='bbox 680 2057 834 2098; x_wconf 82' lang='lat' dir='ltr'>litteris</span> <span class='ocrx_word' id='word_1_215' title='bbox 866 2057 933 2109; x_wconf 86' lang='lat' dir='ltr'>iis,</span> <span class='ocrx_word' id='word_1_216' title='bbox 975 2070 1077 2110; x_wconf 90' lang='lat' dir='ltr'>quas</span> <span class='ocrx_word' id='word_1_217' title='bbox 1108 2054 1254 2095; x_wconf 87' lang='lat' dir='ltr'>Idibus</span> <span class='ocrx_word' id='word_1_218' title='bbox 1285 2054 1409 2095; x_wconf 87' lang='lat' dir='ltr'>Maiis</span> <span class='ocrx_word' id='word_1_219' title='bbox 1442 2055 1507 2095; x_wconf 89' lang='lat' dir='ltr'>de-</span> 
     </span>
     <span class='ocr_line' id='line_1_30' title="bbox 175 2113 1507 2171; baseline -0.004 -13"><span class='ocrx_word' id='word_1_220' title='bbox 175 2117 291 2171; x_wconf 89' lang='lat' dir='ltr'>disti,</span> <span class='ocrx_word' id='word_1_221' title='bbox 328 2117 454 2158; x_wconf 90' lang='lat' dir='ltr'>modo</span> <span class='ocrx_word' id='word_1_222' title='bbox 492 2119 533 2157; x_wconf 89' lang='lat' dir='ltr'>te</span> <span class='ocrx_word' id='word_1_223' title='bbox 571 2116 777 2170; x_wconf 77' lang='lat' dir='ltr'>accepisse</span> <span class='ocrx_word' id='word_1_224' title='bbox 815 2130 838 2156; x_wconf 89' lang='lat' dir='ltr'>a</span> <span class='ocrx_word' id='word_1_225' title='bbox 869 2114 1024 2155; x_wconf 80' lang='lat' dir='ltr'>Planco</span> <span class='ocrx_word' id='word_1_226' title='bbox 1062 2114 1225 2154; x_wconf 85' lang='lat' dir='ltr'>litteras</span> <span class='ocrx_word' id='word_1_227' title='bbox 1261 2127 1346 2154; x_wconf 90' lang='lat' dir='ltr'>non</span> <span class='ocrx_word' id='word_1_228' title='bbox 1378 2113 1507 2166; x_wconf 86' lang='lat' dir='ltr'>recipi</span> 
     </span>
     <span class='ocr_line' id='line_1_31' title="bbox 122 2171 1508 2229; baseline -0.005 -12"><span class='ocrx_word' id='word_1_229' title='bbox 122 2187 155 2212; x_wconf 84' lang='grc'>30</span> <span class='ocrx_word' id='word_1_230' title='bbox 175 2175 410 2217; x_wconf 84' lang='grc' dir='ltr'><em>Α111ο11111111</em></span> <span class='ocrx_word' id='word_1_231' title='bbox 431 2190 454 2216; x_wconf 88' lang='grc'><em>3</em></span> <span class='ocrx_word' id='word_1_232' title='bbox 472 2175 643 2229; x_wconf 87' lang='lat' dir='ltr'>Lepido.</span> <span class='ocrx_word' id='word_1_233' title='bbox 704 2173 753 2214; x_wconf 86' lang='lat' dir='ltr'>Id</span> <span class='ocrx_word' id='word_1_234' title='bbox 785 2174 818 2214; x_wconf 89' lang='lat' dir='ltr'>si</span> <span class='ocrx_word' id='word_1_235' title='bbox 846 2174 904 2214; x_wconf 88' lang='lat' dir='ltr'>ita</span> <span class='ocrx_word' id='word_1_236' title='bbox 930 2175 1003 2226; x_wconf 87' lang='lat' dir='ltr'>est,</span> <span class='ocrx_word' id='word_1_237' title='bbox 1037 2172 1177 2212; x_wconf 89' lang='lat' dir='ltr'>omnia</span> <span class='ocrx_word' id='word_1_238' title='bbox 1202 2171 1411 2225; x_wconf 81' lang='lat' dir='ltr'>faciliora3</span> <span class='ocrx_word' id='word_1_239' title='bbox 1443 2172 1508 2211; x_wconf 90' lang='lat' dir='ltr'>sin</span> 
     </span>
     <span class='ocr_line' id='line_1_32' title="bbox 176 2229 1507 2290; baseline -0.005 -15"><span class='ocrx_word' id='word_1_240' title='bbox 176 2234 308 2289; x_wconf 87' lang='lat' dir='ltr'>aliter,</span> <span class='ocrx_word' id='word_1_241' title='bbox 339 2248 541 2290; x_wconf 87' lang='lat' dir='ltr'>magnum</span> <span class='ocrx_word' id='word_1_242' title='bbox 566 2232 797 2288; x_wconf 85' lang='lat' dir='ltr'>negotium,</span> <span class='ocrx_word' id='word_1_243' title='bbox 830 2232 946 2272; x_wconf 82' lang='lat' dir='ltr'>cuius</span> <span class='ocrx_word' id='word_1_244' title='bbox 973 2231 1132 2271; x_wconf 83' lang='lat' dir='ltr'>exitum</span> <span class='ocrx_word' id='word_1_245' title='bbox 1158 2244 1243 2270; x_wconf 88' lang='lat' dir='ltr'>non</span> <span class='ocrx_word' id='word_1_246' title='bbox 1269 2229 1507 2270; x_wconf 74' lang='lat' dir='ltr'>extimeseo.</span> 
     </span>
     <span class='ocr_line' id='line_1_33' title="bbox 175 2288 1568 2347; baseline -0.004 -15"><span class='ocrx_word' id='word_1_247' title='bbox 175 2291 288 2334; x_wconf 89' lang='lat' dir='ltr'>Tuae</span> <span class='ocrx_word' id='word_1_248' title='bbox 324 2296 465 2347; x_wconf 86' lang='lat' dir='ltr'>partes</span> <span class='ocrx_word' id='word_1_249' title='bbox 502 2295 615 2346; x_wconf 69' lang='lat' dir='ltr'>sunt,</span> <span class='ocrx_word' id='word_1_250' title='bbox 660 2305 737 2347; x_wconf 88' lang='lat' dir='ltr'>ego</span> <span class='ocrx_word' id='word_1_251' title='bbox 777 2290 893 2345; x_wconf 88' lang='lat' dir='ltr'>plus,</span> <span class='ocrx_word' id='word_1_252' title='bbox 937 2304 1062 2343; x_wconf 86' lang='lat' dir='ltr'>quam</span> <span class='ocrx_word' id='word_1_253' title='bbox 1102 2288 1203 2342; x_wconf 84' lang='lat' dir='ltr'>feci,</span> <span class='ocrx_word' id='word_1_254' title='bbox 1246 2288 1381 2329; x_wconf 85' lang='lat' dir='ltr'>faeere</span> <span class='ocrx_word' id='word_1_255' title='bbox 1422 2302 1509 2328; x_wconf 91' lang='lat' dir='ltr'>non</span> <span class='ocrx_word' id='word_1_256' title='bbox 1565 2326 1568 2329; x_wconf 90' lang='grc'><em>,</em></span> 
     </span>
    </p>
   </div>
  </div>
 </body>
</html>
