<?xml version="1.0" encoding="UTF-8"?>
<!DOCTYPE html PUBLIC "-//W3C//DTD XHTML 1.0 Transitional//EN"
    "http://www.w3.org/TR/xhtml1/DTD/xhtml1-transitional.dtd">
<html xmlns="http://www.w3.org/1999/xhtml" xml:lang="en" lang="en">
 <head>
  <title>
</title>
<meta http-equiv="Content-Type" content="text/html;charset=utf-8" />
  <meta name='ocr-system' content='tesseract 3.04.00' />
  <meta name='ocr-capabilities' content='ocr_page ocr_carea ocr_par ocr_line ocrx_word'/>
</head>
<body>
  <div class='ocr_page' id='page_1' title='image "./p1scriptaquaemanse03ciceuoft_0342.png"; bbox 0 0 1659 2552; ppageno 0'>
   <div class='ocr_carea' id='block_1_1' title="bbox 125 771 144 801">
    <p class='ocr_par' dir='ltr' id='par_1_1' title="bbox 125 771 144 801">
     <span class='ocr_line' id='line_1_1' title="bbox 125 771 144 801; textangle 90"><span class='ocrx_word' id='word_1_1' title='bbox 125 771 144 801; x_wconf 71' lang='lat'>10</span> 
     </span>
    </p>
   </div>
   <div class='ocr_carea' id='block_1_2' title="bbox 167 76 1011 119">
    <p class='ocr_par' dir='ltr' id='par_1_2' title="bbox 167 76 1011 119">
     <span class='ocr_line' id='line_1_2' title="bbox 167 76 1011 119; baseline -0.012 0"><span class='ocrx_word' id='word_1_2' title='bbox 167 78 254 119; x_wconf 77' lang='lat'>240</span> <span class='ocrx_word' id='word_1_3' title='bbox 670 76 1011 112; x_wconf 81' lang='lat' dir='ltr'>EPISTULARUM</span> 
     </span>
    </p>
   </div>
   <div class='ocr_carea' id='block_1_3' title="bbox 166 172 1569 2340">
    <p class='ocr_par' dir='ltr' id='par_1_3' title="bbox 166 172 1569 2340">
     <span class='ocr_line' id='line_1_3' title="bbox 166 172 1512 227; baseline 0 -13"><span class='ocrx_word' id='word_1_4' title='bbox 166 173 282 227; x_wconf 92' lang='lat' dir='ltr'>bam,</span> <span class='ocrx_word' id='word_1_5' title='bbox 320 175 462 214; x_wconf 84' lang='lat' dir='ltr'>tamen</span> <span class='ocrx_word' id='word_1_6' title='bbox 499 187 584 214; x_wconf 88' lang='lat' dir='ltr'>non</span> <span class='ocrx_word' id='word_1_7' title='bbox 622 187 794 227; x_wconf 79' lang='lat' dir='ltr'>possum</span> <span class='ocrx_word' id='word_1_8' title='bbox 831 186 917 213; x_wconf 92' lang='lat' dir='ltr'>non</span> <span class='ocrx_word' id='word_1_9' title='bbox 962 172 1155 213; x_wconf 90' lang='lat' dir='ltr'>confiteri</span> <span class='ocrx_word' id='word_1_10' title='bbox 1203 172 1408 214; x_wconf 85' lang='lat' dir='ltr'>cumulari</span> <span class='ocrx_word' id='word_1_11' title='bbox 1445 187 1512 214; x_wconf 90' lang='lat' dir='ltr'>me</span> 
     </span>
     <span class='ocr_line' id='line_1_4' title="bbox 166 230 1513 287; baseline 0.001 -15"><span class='ocrx_word' id='word_1_12' title='bbox 166 232 353 273; x_wconf 86' lang='lat' dir='ltr'>maximo</span> <span class='ocrx_word' id='word_1_13' title='bbox 390 231 564 287; x_wconf 89' lang='lat' dir='ltr'>gaudio,</span> <span class='ocrx_word' id='word_1_14' title='bbox 603 232 716 285; x_wconf 88' lang='lat' dir='ltr'>quod</span> <span class='ocrx_word' id='word_1_15' title='bbox 747 231 876 286; x_wconf 72' lang='lat' dir='ltr'>vulgo</span> <span class='ocrx_word' id='word_1_16' title='bbox 914 230 1137 271; x_wconf 91' lang='lat' dir='ltr'>hominum</span> <span class='ocrx_word' id='word_1_17' title='bbox 1170 231 1314 286; x_wconf 90' lang='lat' dir='ltr'>opinio</span> <span class='ocrx_word' id='word_1_18' title='bbox 1352 231 1513 273; x_wconf 89' lang='lat' dir='ltr'>socium</span> 
     </span>
     <span class='ocr_line' id='line_1_5' title="bbox 167 288 1514 346; baseline 0 -15"><span class='ocrx_word' id='word_1_19' title='bbox 167 305 234 332; x_wconf 88' lang='lat' dir='ltr'>me</span> <span class='ocrx_word' id='word_1_20' title='bbox 273 291 485 331; x_wconf 78' lang='lat' dir='ltr'>adscribat</span> <span class='ocrx_word' id='word_1_21' title='bbox 523 290 608 331; x_wconf 82' lang='lat' dir='ltr'>tuis</span> <span class='ocrx_word' id='word_1_22' title='bbox 646 290 853 330; x_wconf 82' lang='lat' dir='ltr'><strong>laudibus.</strong></span> <span class='ocrx_word' id='word_1_23' title='bbox 923 288 1150 330; x_wconf 83' lang='lat' dir='ltr'>Neminem</span> <span class='ocrx_word' id='word_1_24' title='bbox 1188 290 1366 331; x_wconf 85' lang='lat' dir='ltr'>conveni</span> <span class='ocrx_word' id='word_1_25' title='bbox 1398 289 1514 346; x_wconf 91' lang='lat' dir='ltr'>(con-</span> 
     </span>
     <span class='ocr_line' id='line_1_6' title="bbox 168 348 1513 403; baseline 0 -13"><span class='ocrx_word' id='word_1_26' title='bbox 168 349 292 390; x_wconf 88' lang='lat' dir='ltr'>venio</span> <span class='ocrx_word' id='word_1_27' title='bbox 336 352 476 390; x_wconf 89' lang='lat' dir='ltr'>autem</span> <span class='ocrx_word' id='word_1_28' title='bbox 522 349 675 389; x_wconf 87' lang='lat' dir='ltr'>cotidie</span> <span class='ocrx_word' id='word_1_29' title='bbox 719 348 947 402; x_wconf 82' lang='lat' dir='ltr'>plurimos3</span> <span class='ocrx_word' id='word_1_30' title='bbox 1001 351 1099 388; x_wconf 84' lang='lat' dir='ltr'>sunt</span> <span class='ocrx_word' id='word_1_31' title='bbox 1149 349 1261 389; x_wconf 89' lang='lat' dir='ltr'>enim</span> <span class='ocrx_word' id='word_1_32' title='bbox 1310 349 1513 403; x_wconf 76' lang='lat' dir='ltr'>permulti</span> 
     </span>
     <span class='ocr_line' id='line_1_7' title="bbox 169 407 1569 462; baseline -0.001 -14"><span class='ocrx_word' id='word_1_33' title='bbox 169 408 320 462; x_wconf 90' lang='lat' dir='ltr'>optimi</span> <span class='ocrx_word' id='word_1_34' title='bbox 352 408 446 462; x_wconf 79' lang='lat' dir='ltr'>viri,</span> <span class='ocrx_word' id='word_1_35' title='bbox 478 408 550 461; x_wconf 92' lang='lat' dir='ltr'>qui</span> <span class='ocrx_word' id='word_1_36' title='bbox 576 407 831 448; x_wconf 77' lang='lat' dir='ltr'>valetudinis</span> <span class='ocrx_word' id='word_1_37' title='bbox 863 421 986 447; x_wconf 88' lang='lat' dir='ltr'>causa</span> <span class='ocrx_word' id='word_1_38' title='bbox 1011 407 1054 447; x_wconf 90' lang='lat' dir='ltr'>in</span> <span class='ocrx_word' id='word_1_39' title='bbox 1080 407 1183 448; x_wconf 87' lang='lat' dir='ltr'>haec</span> <span class='ocrx_word' id='word_1_40' title='bbox 1206 407 1300 448; x_wconf 89' lang='lat' dir='ltr'>loca</span> <span class='ocrx_word' id='word_1_41' title='bbox 1330 407 1513 462; x_wconf 82' lang='lat' dir='ltr'>veniant,</span> <span class='ocrx_word' id='word_1_42' title='bbox 1551 421 1569 446; x_wconf 83' lang='lat'>5</span> 
     </span>
     <span class='ocr_line' id='line_1_8' title="bbox 167 465 1514 522; baseline 0 -15"><span class='ocrx_word' id='word_1_43' title='bbox 167 470 385 521; x_wconf 84' lang='lat' dir='ltr'>praeterea</span> <span class='ocrx_word' id='word_1_44' title='bbox 411 481 460 507; x_wconf 79' lang='lat' dir='ltr'>ex</span> <span class='ocrx_word' id='word_1_45' title='bbox 487 466 728 519; x_wconf 85' lang='lat' dir='ltr'>municipiis</span> <span class='ocrx_word' id='word_1_46' title='bbox 754 466 995 519; x_wconf 87' lang='lat' dir='ltr'>frequentes</span> <span class='ocrx_word' id='word_1_47' title='bbox 1019 466 1243 507; x_wconf 87' lang='lat' dir='ltr'>necessarii</span> <span class='ocrx_word' id='word_1_48' title='bbox 1269 465 1385 522; x_wconf 91' lang='lat' dir='ltr'>mei),</span> <span class='ocrx_word' id='word_1_49' title='bbox 1411 466 1514 520; x_wconf 89' lang='lat' dir='ltr'>quin</span> 
     </span>
     <span class='ocr_line' id='line_1_9' title="bbox 170 524 1514 580; baseline 0 -14"><span class='ocrx_word' id='word_1_50' title='bbox 170 540 326 578; x_wconf 77' lang='lat' dir='ltr'>omneS,</span> <span class='ocrx_word' id='word_1_51' title='bbox 359 539 453 565; x_wconf 84' lang='lat' dir='ltr'>cum</span> <span class='ocrx_word' id='word_1_52' title='bbox 480 528 521 565; x_wconf 78' lang='lat' dir='ltr'>te</span> <span class='ocrx_word' id='word_1_53' title='bbox 548 525 723 565; x_wconf 85' lang='lat' dir='ltr'>summis</span> <span class='ocrx_word' id='word_1_54' title='bbox 755 524 951 565; x_wconf 82' lang='lat' dir='ltr'>laudibus</span> <span class='ocrx_word' id='word_1_55' title='bbox 982 524 1035 565; x_wconf 89' lang='lat' dir='ltr'>ad</span> <span class='ocrx_word' id='word_1_56' title='bbox 1066 524 1227 566; x_wconf 89' lang='lat' dir='ltr'>caelum</span> <span class='ocrx_word' id='word_1_57' title='bbox 1260 525 1514 580; x_wconf 83' lang='lat' dir='ltr'>extulerunt,</span> 
     </span>
     <span class='ocr_line' id='line_1_10' title="bbox 168 583 1514 639; baseline 0.001 -15"><span class='ocrx_word' id='word_1_58' title='bbox 168 584 274 625; x_wconf 89' lang='lat' dir='ltr'>mihi</span> <span class='ocrx_word' id='word_1_59' title='bbox 308 584 508 624; x_wconf 86' lang='lat' dir='ltr'>continuo</span> <span class='ocrx_word' id='word_1_60' title='bbox 539 583 745 624; x_wconf 83' lang='lat' dir='ltr'>maximas</span> <span class='ocrx_word' id='word_1_61' title='bbox 777 583 936 638; x_wconf 76' lang='lat' dir='ltr'>gratias</span> <span class='ocrx_word' id='word_1_62' title='bbox 967 586 1112 639; x_wconf 83' lang='lat' dir='ltr'>agant3</span> <span class='ocrx_word' id='word_1_63' title='bbox 1144 586 1302 639; x_wconf 85' lang='lat' dir='ltr'>negant</span> <span class='ocrx_word' id='word_1_64' title='bbox 1327 583 1439 625; x_wconf 91' lang='lat' dir='ltr'>enim</span> <span class='ocrx_word' id='word_1_65' title='bbox 1470 597 1514 625; x_wconf 92' lang='lat' dir='ltr'>se</span> 
     </span>
     <span class='ocr_line' id='line_1_11' title="bbox 172 642 1515 696; baseline 0 -13"><span class='ocrx_word' id='word_1_66' title='bbox 172 643 382 696; x_wconf 85' lang='lat' dir='ltr'>dubitare,</span> <span class='ocrx_word' id='word_1_67' title='bbox 422 643 524 696; x_wconf 84' lang='lat' dir='ltr'>quin</span> <span class='ocrx_word' id='word_1_68' title='bbox 561 645 608 682; x_wconf 86' lang='lat' dir='ltr'>tu</span> <span class='ocrx_word' id='word_1_69' title='bbox 645 642 750 682; x_wconf 89' lang='lat' dir='ltr'>meis</span> <span class='ocrx_word' id='word_1_70' title='bbox 786 642 1022 696; x_wconf 73' lang='lat' dir='ltr'>praeceptis</span> <span class='ocrx_word' id='word_1_71' title='bbox 1054 644 1096 683; x_wconf 88' lang='lat' dir='ltr'>et</span> <span class='ocrx_word' id='word_1_72' title='bbox 1133 642 1321 683; x_wconf 90' lang='lat' dir='ltr'>consiliis</span> <span class='ocrx_word' id='word_1_73' title='bbox 1353 642 1515 683; x_wconf 84' lang='lat' dir='ltr'>obtem-</span> 
     </span>
     <span class='ocr_line' id='line_1_12' title="bbox 170 700 1567 757; baseline -0.002 -15"><span class='ocrx_word' id='word_1_74' title='bbox 170 716 321 756; x_wconf 90' lang='lat' dir='ltr'>perans</span> <span class='ocrx_word' id='word_1_75' title='bbox 358 700 768 755; x_wconf 83' lang='lat' dir='ltr'>praestantissimum</span> <span class='ocrx_word' id='word_1_76' title='bbox 805 703 847 742; x_wconf 84' lang='lat' dir='ltr'>te</span> <span class='ocrx_word' id='word_1_77' title='bbox 889 701 1023 742; x_wconf 85' lang='lat' dir='ltr'>civem</span> <span class='ocrx_word' id='word_1_78' title='bbox 1054 703 1096 742; x_wconf 86' lang='lat' dir='ltr'>et</span> <span class='ocrx_word' id='word_1_79' title='bbox 1127 701 1386 757; x_wconf 83' lang='lat' dir='ltr'>singularem</span> <span class='ocrx_word' id='word_1_80' title='bbox 1419 715 1514 742; x_wconf 89' lang='lat' dir='ltr'>con·</span> <span class='ocrx_word' id='word_1_81' title='bbox 1534 715 1567 740; x_wconf 82' lang='grc' dir='ltr'>ιο</span> 
     </span>
     <span class='ocr_line' id='line_1_13' title="bbox 172 759 1514 815; baseline 0 -14"><span class='ocrx_word' id='word_1_82' title='bbox 172 761 305 801; x_wconf 89' lang='lat' dir='ltr'>sulem</span> <span class='ocrx_word' id='word_1_83' title='bbox 330 760 543 814; x_wconf 77' lang='lat' dir='ltr'>praebeas</span> <span class='ocrx_word' id='word_1_84' title='bbox 606 759 769 808; x_wconf 87' lang='lat' dir='ltr'>Quibus</span> <span class='ocrx_word' id='word_1_85' title='bbox 795 773 874 815; x_wconf 88' lang='lat' dir='ltr'>ego</span> <span class='ocrx_word' id='word_1_86' title='bbox 901 774 1158 814; x_wconf 87' lang='lat' dir='ltr'>quamquam</span> <span class='ocrx_word' id='word_1_87' title='bbox 1178 760 1395 801; x_wconf 86' lang='lat' dir='ltr'>verissime</span> <span class='ocrx_word' id='word_1_88' title='bbox 1420 774 1514 815; x_wconf 92' lang='lat' dir='ltr'>pos-</span> 
     </span>
     <span class='ocr_line' id='line_1_14' title="bbox 172 818 1515 873; baseline 0 -14"><span class='ocrx_word' id='word_1_89' title='bbox 172 834 264 859; x_wconf 89' lang='lat' dir='ltr'>sum</span> <span class='ocrx_word' id='word_1_90' title='bbox 306 818 558 872; x_wconf 86' lang='lat' dir='ltr'>respondere</span> <span class='ocrx_word' id='word_1_91' title='bbox 598 821 660 873; x_wconf 87' lang='lat' dir='ltr'>te,</span> <span class='ocrx_word' id='word_1_92' title='bbox 705 832 811 872; x_wconf 86' lang='lat' dir='ltr'>quae</span> <span class='ocrx_word' id='word_1_93' title='bbox 851 818 1000 873; x_wconf 87' lang='lat' dir='ltr'>facias,</span> <span class='ocrx_word' id='word_1_94' title='bbox 1043 822 1117 859; x_wconf 87' lang='lat' dir='ltr'>tuo</span> <span class='ocrx_word' id='word_1_95' title='bbox 1161 818 1318 859; x_wconf 81' lang='lat' dir='ltr'>iudicio</span> <span class='ocrx_word' id='word_1_96' title='bbox 1359 821 1402 860; x_wconf 89' lang='lat' dir='ltr'>et</span> <span class='ocrx_word' id='word_1_97' title='bbox 1440 821 1515 860; x_wconf 88' lang='lat' dir='ltr'>tua</span> 
     </span>
     <span class='ocr_line' id='line_1_15' title="bbox 173 877 1515 933; baseline 0.002 -16"><span class='ocrx_word' id='word_1_98' title='bbox 173 880 321 931; x_wconf 88' lang='lat' dir='ltr'>sponte</span> <span class='ocrx_word' id='word_1_99' title='bbox 353 878 489 918; x_wconf 84' lang='lat' dir='ltr'>facere</span> <span class='ocrx_word' id='word_1_100' title='bbox 520 890 598 917; x_wconf 91' lang='lat' dir='ltr'>nec</span> <span class='ocrx_word' id='word_1_101' title='bbox 623 877 871 931; x_wconf 91' lang='lat' dir='ltr'>cuiusquam</span> <span class='ocrx_word' id='word_1_102' title='bbox 897 891 1020 933; x_wconf 90' lang='lat' dir='ltr'>egere</span> <span class='ocrx_word' id='word_1_103' title='bbox 1052 877 1241 933; x_wconf 86' lang='lat' dir='ltr'>consilio,</span> <span class='ocrx_word' id='word_1_104' title='bbox 1273 880 1414 918; x_wconf 88' lang='lat' dir='ltr'>tamen</span> <span class='ocrx_word' id='word_1_105' title='bbox 1445 891 1515 919; x_wconf 89' lang='lat' dir='ltr'>ne-</span> 
     </span>
     <span class='ocr_line' id='line_1_16' title="bbox 173 935 1515 990; baseline 0.001 -14"><span class='ocrx_word' id='word_1_106' title='bbox 173 950 253 990; x_wconf 90' lang='lat' dir='ltr'>que</span> <span class='ocrx_word' id='word_1_107' title='bbox 293 936 417 990; x_wconf 88' lang='lat' dir='ltr'>plane</span> <span class='ocrx_word' id='word_1_108' title='bbox 457 935 688 989; x_wconf 84' lang='lat' dir='ltr'>adsentior,</span> <span class='ocrx_word' id='word_1_109' title='bbox 729 950 780 977; x_wconf 91' lang='lat' dir='ltr'>ne</span> <span class='ocrx_word' id='word_1_110' title='bbox 822 936 1057 977; x_wconf 85' lang='lat' dir='ltr'>inminuam</span> <span class='ocrx_word' id='word_1_111' title='bbox 1097 939 1214 977; x_wconf 83' lang='lat' dir='ltr'>tuam</span> <span class='ocrx_word' id='word_1_112' title='bbox 1253 935 1438 990; x_wconf 90' lang='lat' dir='ltr'>laudem,</span> <span class='ocrx_word' id='word_1_113' title='bbox 1478 936 1515 977; x_wconf 86' lang='lat' dir='ltr'>si</span> 
     </span>
     <span class='ocr_line' id='line_1_17' title="bbox 174 994 1566 1049; baseline -0.001 -14"><span class='ocrx_word' id='word_1_114' title='bbox 174 995 310 1035; x_wconf 88' lang='lat' dir='ltr'>omnis</span> <span class='ocrx_word' id='word_1_115' title='bbox 341 1010 364 1035; x_wconf 89' lang='lat' dir='ltr'>a</span> <span class='ocrx_word' id='word_1_116' title='bbox 395 995 500 1035; x_wconf 91' lang='lat' dir='ltr'>meis</span> <span class='ocrx_word' id='word_1_117' title='bbox 533 995 720 1035; x_wconf 84' lang='lat' dir='ltr'>consiliis</span> <span class='ocrx_word' id='word_1_118' title='bbox 759 995 949 1049; x_wconf 85' lang='lat' dir='ltr'>profecta</span> <span class='ocrx_word' id='word_1_119' title='bbox 979 995 1190 1049; x_wconf 83' lang='lat' dir='ltr'>videatur,</span> <span class='ocrx_word' id='word_1_120' title='bbox 1226 1009 1362 1049; x_wconf 89' lang='lat' dir='ltr'>neque</span> <span class='ocrx_word' id='word_1_121' title='bbox 1393 994 1514 1036; x_wconf 88' lang='lat' dir='ltr'>valde</span> <span class='ocrx_word' id='word_1_122' title='bbox 1534 1007 1566 1033; x_wconf 84' lang='lat'>15</span> 
     </span>
     <span class='ocr_line' id='line_1_18' title="bbox 172 1053 1514 1110; baseline 0 -16"><span class='ocrx_word' id='word_1_123' title='bbox 172 1068 300 1109; x_wconf 70' lang='lat' dir='ltr'>nego,</span> <span class='ocrx_word' id='word_1_124' title='bbox 332 1068 425 1094; x_wconf 93' lang='lat' dir='ltr'>sum</span> <span class='ocrx_word' id='word_1_125' title='bbox 451 1053 563 1094; x_wconf 91' lang='lat' dir='ltr'>enim</span> <span class='ocrx_word' id='word_1_126' title='bbox 589 1053 753 1094; x_wconf 73' lang='lat' dir='ltr'>avidior</span> <span class='ocrx_word' id='word_1_127' title='bbox 777 1054 916 1107; x_wconf 86' lang='lat' dir='ltr'>etiam,</span> <span class='ocrx_word' id='word_1_128' title='bbox 949 1068 1076 1108; x_wconf 88' lang='lat' dir='ltr'>quam</span> <span class='ocrx_word' id='word_1_129' title='bbox 1102 1054 1204 1095; x_wconf 84' lang='lat' dir='ltr'>satis</span> <span class='ocrx_word' id='word_1_130' title='bbox 1229 1057 1303 1108; x_wconf 80' lang='lat' dir='ltr'>est,</span> <span class='ocrx_word' id='word_1_131' title='bbox 1334 1053 1514 1110; x_wconf 83' lang='lat' dir='ltr'>gloriae3</span> 
     </span>
     <span class='ocr_line' id='line_1_19' title="bbox 173 1088 1514 1168; baseline 0.001 -16"><span class='ocrx_word' id='word_1_132' title='bbox 173 1115 215 1153; x_wconf 89' lang='lat' dir='ltr'>et</span> <span class='ocrx_word' id='word_1_133' title='bbox 226 1088 397 1153; x_wconf 65' lang='lat' dir='ltr'>Dtamen</span> <span class='ocrx_word' id='word_1_134' title='bbox 439 1127 525 1153; x_wconf 92' lang='lat' dir='ltr'>non</span> <span class='ocrx_word' id='word_1_135' title='bbox 566 1112 750 1153; x_wconf 86' lang='lat' dir='ltr'>alienum</span> <span class='ocrx_word' id='word_1_136' title='bbox 792 1115 854 1153; x_wconf 90' lang='lat' dir='ltr'>est</span> <span class='ocrx_word' id='word_1_137' title='bbox 895 1088 1102 1168; x_wconf 82' lang='lat' dir='ltr'>dignitate</span> <span class='ocrx_word' id='word_1_138' title='bbox 1142 1116 1235 1167; x_wconf 86' lang='lat' dir='ltr'>tua,</span> <span class='ocrx_word' id='word_1_139' title='bbox 1279 1112 1393 1167; x_wconf 93' lang='lat' dir='ltr'>quod</span> <span class='ocrx_word' id='word_1_140' title='bbox 1432 1112 1514 1167; x_wconf 86' lang='lat' dir='ltr'>ipsi</span> 
     </span>
     <span class='ocr_line' id='line_1_20' title="bbox 171 1170 1515 1227; baseline 0 -15"><span class='ocrx_word' id='word_1_141' title='bbox 171 1170 500 1226; x_wconf 81' lang='lat' dir='ltr'>Agamemnoni,</span> <span class='ocrx_word' id='word_1_142' title='bbox 539 1185 687 1227; x_wconf 92' lang='lat' dir='ltr'>regum</span> <span class='ocrx_word' id='word_1_143' title='bbox 718 1171 827 1226; x_wconf 89' lang='lat' dir='ltr'>regi,</span> <span class='ocrx_word' id='word_1_144' title='bbox 859 1172 941 1212; x_wconf 83' lang='lat' dir='ltr'>fuit</span> <span class='ocrx_word' id='word_1_145' title='bbox 971 1172 1214 1226; x_wconf 90' lang='lat' dir='ltr'>honestum,</span> <span class='ocrx_word' id='word_1_146' title='bbox 1254 1171 1410 1212; x_wconf 88' lang='lat' dir='ltr'>habere</span> <span class='ocrx_word' id='word_1_147' title='bbox 1441 1171 1515 1212; x_wconf 85' lang='lat' dir='ltr'>ali-</span> 
     </span>
     <span class='ocr_line' id='line_1_21' title="bbox 174 1229 1515 1286; baseline 0 -15"><span class='ocrx_word' id='word_1_148' title='bbox 174 1244 299 1284; x_wconf 90' lang='lat' dir='ltr'>quem</span> <span class='ocrx_word' id='word_1_149' title='bbox 336 1230 380 1270; x_wconf 88' lang='lat' dir='ltr'>in</span> <span class='ocrx_word' id='word_1_150' title='bbox 418 1229 606 1270; x_wconf 88' lang='lat' dir='ltr'>consiliis</span> <span class='ocrx_word' id='word_1_151' title='bbox 638 1230 851 1284; x_wconf 84' lang='lat' dir='ltr'>capiendis</span> <span class='ocrx_word' id='word_1_152' title='bbox 874 1229 1119 1284; x_wconf 79' lang='lat' dir='ltr'>Nestorem,</span> <span class='ocrx_word' id='word_1_153' title='bbox 1156 1230 1262 1271; x_wconf 89' lang='lat' dir='ltr'>mihi</span> <span class='ocrx_word' id='word_1_154' title='bbox 1293 1244 1393 1271; x_wconf 87' lang='lat' dir='ltr'>vero</span> <span class='ocrx_word' id='word_1_155' title='bbox 1424 1229 1515 1286; x_wconf 88' lang='lat' dir='ltr'>glo-</span> 
     </span>
     <span class='ocr_line' id='line_1_22' title="bbox 172 1288 1566 1343; baseline -0.001 -14"><span class='ocrx_word' id='word_1_156' title='bbox 172 1289 333 1329; x_wconf 89' lang='lat' dir='ltr'>riosum</span> <span class='ocrx_word' id='word_1_157' title='bbox 376 1291 418 1329; x_wconf 85' lang='lat' dir='ltr'>te</span> <span class='ocrx_word' id='word_1_158' title='bbox 461 1289 655 1329; x_wconf 82' lang='lat' dir='ltr'>iuvenem</span> <span class='ocrx_word' id='word_1_159' title='bbox 699 1289 913 1329; x_wconf 85' lang='lat' dir='ltr'>consulem</span> <span class='ocrx_word' id='word_1_160' title='bbox 955 1289 1106 1330; x_wconf 89' lang='lat' dir='ltr'>florere</span> <span class='ocrx_word' id='word_1_161' title='bbox 1154 1289 1350 1329; x_wconf 82' lang='lat' dir='ltr'>laudibus</span> <span class='ocrx_word' id='word_1_162' title='bbox 1393 1288 1513 1343; x_wconf 87' lang='lat' dir='ltr'>quasi</span> <span class='ocrx_word' id='word_1_163' title='bbox 1532 1302 1566 1327; x_wconf 81' lang='lat'>20</span> 
     </span>
     <span class='ocr_line' id='line_1_23' title="bbox 175 1346 1513 1402; baseline 0.001 -15"><span class='ocrx_word' id='word_1_164' title='bbox 175 1347 392 1387; x_wconf 89' lang='lat' dir='ltr'>alumnum</span> <span class='ocrx_word' id='word_1_165' title='bbox 433 1347 678 1400; x_wconf 88' lang='lat' dir='ltr'>disciplinae</span> <span class='ocrx_word' id='word_1_166' title='bbox 717 1361 845 1388; x_wconf 89' lang='lat' dir='ltr'>meae.</span> <span class='ocrx_word' id='word_1_167' title='bbox 906 1346 952 1387; x_wconf 89' lang='lat' dir='ltr'>L.</span> <span class='ocrx_word' id='word_1_168' title='bbox 993 1347 1163 1402; x_wconf 87' lang='lat' dir='ltr'>quidem</span> <span class='ocrx_word' id='word_1_169' title='bbox 1205 1346 1376 1401; x_wconf 86' lang='lat' dir='ltr'>Caesar,</span> <span class='ocrx_word' id='word_1_170' title='bbox 1417 1360 1513 1388; x_wconf 86' lang='lat' dir='ltr'>cum</span> 
     </span>
     <span class='ocr_line' id='line_1_24' title="bbox 173 1404 1514 1461; baseline 0 -15"><span class='ocrx_word' id='word_1_171' title='bbox 173 1405 226 1446; x_wconf 87' lang='lat' dir='ltr'>ad</span> <span class='ocrx_word' id='word_1_172' title='bbox 257 1420 353 1446; x_wconf 90' lang='lat' dir='ltr'>eum</span> <span class='ocrx_word' id='word_1_173' title='bbox 384 1408 606 1461; x_wconf 87' lang='lat' dir='ltr'>aegrotum</span> <span class='ocrx_word' id='word_1_174' title='bbox 635 1404 862 1459; x_wconf 87' lang='lat' dir='ltr'>Neapolim</span> <span class='ocrx_word' id='word_1_175' title='bbox 886 1406 1105 1460; x_wconf 78' lang='lat' dir='ltr'>venissem,</span> <span class='ocrx_word' id='word_1_176' title='bbox 1137 1420 1392 1460; x_wconf 85' lang='lat' dir='ltr'>quamquam</span> <span class='ocrx_word' id='word_1_177' title='bbox 1423 1408 1514 1446; x_wconf 91' lang='lat' dir='ltr'>erat</span> 
     </span>
     <span class='ocr_line' id='line_1_25' title="bbox 174 1464 1512 1518; baseline 0.001 -14"><span class='ocrx_word' id='word_1_178' title='bbox 174 1478 398 1518; x_wconf 84' lang='lat' dir='ltr'>oppressus</span> <span class='ocrx_word' id='word_1_179' title='bbox 435 1464 567 1504; x_wconf 84' lang='lat' dir='ltr'>totius</span> <span class='ocrx_word' id='word_1_180' title='bbox 599 1464 788 1518; x_wconf 84' lang='lat' dir='ltr'>corporis</span> <span class='ocrx_word' id='word_1_181' title='bbox 820 1464 1054 1517; x_wconf 77' lang='lat' dir='ltr'>doloribus,</span> <span class='ocrx_word' id='word_1_182' title='bbox 1091 1467 1244 1518; x_wconf 87' lang='lat' dir='ltr'>tamen,</span> <span class='ocrx_word' id='word_1_183' title='bbox 1287 1467 1512 1518; x_wconf 83' lang='lat' dir='ltr'>antequam</span> 
     </span>
     <span class='ocr_line' id='line_1_26' title="bbox 173 1521 1515 1579; baseline 0.001 -17"><span class='ocrx_word' id='word_1_184' title='bbox 173 1537 240 1563; x_wconf 92' lang='lat' dir='ltr'>me</span> <span class='ocrx_word' id='word_1_185' title='bbox 277 1523 400 1577; x_wconf 86' lang='lat' dir='ltr'>plane</span> <span class='ocrx_word' id='word_1_186' title='bbox 432 1522 651 1576; x_wconf 80' lang='lat' dir='ltr'>salutavit,</span> <span class='ocrx_word' id='word_1_187' title='bbox 693 1521 749 1563; x_wconf 72' lang='lat' dir='ltr'>‘O</span> <span class='ocrx_word' id='word_1_188' title='bbox 788 1523 846 1563; x_wconf 89' lang='lat' dir='ltr'>mi</span> <span class='ocrx_word' id='word_1_189' title='bbox 880 1522 1064 1577; x_wconf 84' lang='lat' dir='ltr'>Cicero’,</span> <span class='ocrx_word' id='word_1_190' title='bbox 1107 1524 1265 1577; x_wconf 85' lang='lat' dir='ltr'>inquit,</span> <span class='ocrx_word' id='word_1_191' title='bbox 1305 1523 1515 1579; x_wconf 73' lang='lat' dir='ltr'>‘gratulor</span> 
     </span>
     <span class='ocr_line' id='line_1_27' title="bbox 174 1581 1565 1636; baseline -0.001 -15"><span class='ocrx_word' id='word_1_192' title='bbox 174 1581 271 1634; x_wconf 88' lang='lat' dir='ltr'>tibi,</span> <span class='ocrx_word' id='word_1_193' title='bbox 311 1595 404 1621; x_wconf 81' lang='lat' dir='ltr'>cum</span> <span class='ocrx_word' id='word_1_194' title='bbox 437 1583 602 1621; x_wconf 89' lang='lat' dir='ltr'>tantum</span> <span class='ocrx_word' id='word_1_195' title='bbox 635 1581 747 1621; x_wconf 71' lang='lat' dir='ltr'>vales</span> <span class='ocrx_word' id='word_1_196' title='bbox 780 1581 890 1635; x_wconf 87' lang='lat' dir='ltr'>apud</span> <span class='ocrx_word' id='word_1_197' title='bbox 921 1581 1209 1635; x_wconf 85' lang='lat' dir='ltr'>Dolabellam,</span> <span class='ocrx_word' id='word_1_198' title='bbox 1241 1585 1446 1636; x_wconf 90' lang='lat' dir='ltr'>quantum</span> <span class='ocrx_word' id='word_1_199' title='bbox 1477 1581 1513 1623; x_wconf 88' lang='lat' dir='ltr'>si</span> <span class='ocrx_word' id='word_1_200' title='bbox 1531 1595 1565 1620; x_wconf 78' lang='lat'>25</span> 
     </span>
     <span class='ocr_line' id='line_1_28' title="bbox 175 1640 1515 1695; baseline 0.001 -16"><span class='ocrx_word' id='word_1_201' title='bbox 175 1654 252 1695; x_wconf 85' lang='lat' dir='ltr'>ego</span> <span class='ocrx_word' id='word_1_202' title='bbox 285 1640 396 1693; x_wconf 85' lang='lat' dir='ltr'>apud</span> <span class='ocrx_word' id='word_1_203' title='bbox 428 1640 585 1680; x_wconf 87' lang='lat' dir='ltr'>sororis</span> <span class='ocrx_word' id='word_1_204' title='bbox 617 1640 753 1680; x_wconf 90' lang='lat' dir='ltr'>filium</span> <span class='ocrx_word' id='word_1_205' title='bbox 778 1640 973 1695; x_wconf 82' lang='lat' dir='ltr'>valerem,</span> <span class='ocrx_word' id='word_1_206' title='bbox 1005 1641 1088 1681; x_wconf 88' lang='lat' dir='ltr'>iam</span> <span class='ocrx_word' id='word_1_207' title='bbox 1120 1641 1223 1681; x_wconf 77' lang='lat' dir='ltr'>salvi</span> <span class='ocrx_word' id='word_1_208' title='bbox 1256 1654 1344 1681; x_wconf 89' lang='lat' dir='ltr'>esse</span> <span class='ocrx_word' id='word_1_209' title='bbox 1374 1654 1515 1695; x_wconf 90' lang='lat' dir='ltr'>posse-</span> 
     </span>
     <span class='ocr_line' id='line_1_29' title="bbox 173 1698 1513 1755; baseline 0.001 -17"><span class='ocrx_word' id='word_1_210' title='bbox 173 1712 285 1752; x_wconf 69' lang='lat' dir='ltr'>mus,</span> <span class='ocrx_word' id='word_1_211' title='bbox 322 1698 568 1739; x_wconf 86' lang='lat' dir='ltr'>Dolabellae</span> <span class='ocrx_word' id='word_1_212' title='bbox 607 1713 706 1739; x_wconf 75' lang='lat' dir='ltr'>vero</span> <span class='ocrx_word' id='word_1_213' title='bbox 744 1702 818 1739; x_wconf 86' lang='lat' dir='ltr'>tuo</span> <span class='ocrx_word' id='word_1_214' title='bbox 858 1702 898 1739; x_wconf 85' lang='lat' dir='ltr'>et</span> <span class='ocrx_word' id='word_1_215' title='bbox 935 1699 1128 1754; x_wconf 89' lang='lat' dir='ltr'>gratulor</span> <span class='ocrx_word' id='word_1_216' title='bbox 1159 1702 1201 1740; x_wconf 90' lang='lat' dir='ltr'>et</span> <span class='ocrx_word' id='word_1_217' title='bbox 1231 1699 1390 1755; x_wconf 86' lang='lat' dir='ltr'>gratias</span> <span class='ocrx_word' id='word_1_218' title='bbox 1421 1712 1513 1754; x_wconf 87' lang='lat' dir='ltr'>ago,</span> 
     </span>
     <span class='ocr_line' id='line_1_30' title="bbox 175 1757 1514 1812; baseline 0.001 -16"><span class='ocrx_word' id='word_1_219' title='bbox 175 1771 299 1810; x_wconf 91' lang='lat' dir='ltr'>quem</span> <span class='ocrx_word' id='word_1_220' title='bbox 327 1757 496 1810; x_wconf 88' lang='lat' dir='ltr'>quidem</span> <span class='ocrx_word' id='word_1_221' title='bbox 534 1760 631 1811; x_wconf 85' lang='lat' dir='ltr'>post</span> <span class='ocrx_word' id='word_1_222' title='bbox 667 1760 709 1798; x_wconf 87' lang='lat' dir='ltr'>te</span> <span class='ocrx_word' id='word_1_223' title='bbox 748 1758 962 1798; x_wconf 89' lang='lat' dir='ltr'>consulem</span> <span class='ocrx_word' id='word_1_224' title='bbox 994 1758 1131 1799; x_wconf 91' lang='lat' dir='ltr'>solum</span> <span class='ocrx_word' id='word_1_225' title='bbox 1162 1771 1386 1812; x_wconf 88' lang='lat' dir='ltr'>possumus</span> <span class='ocrx_word' id='word_1_226' title='bbox 1416 1771 1514 1798; x_wconf 84' lang='lat' dir='ltr'>vere</span> 
     </span>
     <span class='ocr_line' id='line_1_31' title="bbox 174 1815 1514 1858; baseline 0.001 -3"><span class='ocrx_word' id='word_1_227' title='bbox 174 1815 388 1856; x_wconf 85' lang='lat' dir='ltr'>consulem</span> <span class='ocrx_word' id='word_1_228' title='bbox 431 1815 594 1856; x_wconf 83' lang='lat' dir='ltr'>dicere&#39;.</span> <span class='ocrx_word' id='word_1_229' title='bbox 666 1815 830 1857; x_wconf 87' lang='lat' dir='ltr'>Deinde</span> <span class='ocrx_word' id='word_1_230' title='bbox 870 1817 1005 1857; x_wconf 87' lang='lat' dir='ltr'>multa</span> <span class='ocrx_word' id='word_1_231' title='bbox 1046 1817 1095 1858; x_wconf 88' lang='lat' dir='ltr'>de</span> <span class='ocrx_word' id='word_1_232' title='bbox 1138 1816 1249 1857; x_wconf 86' lang='lat' dir='ltr'>facto</span> <span class='ocrx_word' id='word_1_233' title='bbox 1291 1830 1338 1857; x_wconf 88' lang='lat' dir='ltr'>ac</span> <span class='ocrx_word' id='word_1_234' title='bbox 1380 1816 1428 1857; x_wconf 90' lang='lat' dir='ltr'>de</span> <span class='ocrx_word' id='word_1_235' title='bbox 1469 1829 1514 1857; x_wconf 87' lang='lat' dir='ltr'>re</span> 
     </span>
     <span class='ocr_line' id='line_1_32' title="bbox 172 1874 1567 1930; baseline -0.001 -16"><span class='ocrx_word' id='word_1_236' title='bbox 172 1877 302 1929; x_wconf 82' lang='lat' dir='ltr'>gesta,</span> <span class='ocrx_word' id='word_1_237' title='bbox 324 1874 452 1928; x_wconf 85' lang='lat' dir='ltr'>[tum]</span> <span class='ocrx_word' id='word_1_238' title='bbox 474 1874 582 1914; x_wconf 88' lang='lat' dir='ltr'>nihil</span> <span class='ocrx_word' id='word_1_239' title='bbox 601 1875 952 1930; x_wconf 84' lang='lat' dir='ltr'>magnificentius,</span> <span class='ocrx_word' id='word_1_240' title='bbox 971 1875 1080 1916; x_wconf 90' lang='lat' dir='ltr'>nihil</span> <span class='ocrx_word' id='word_1_241' title='bbox 1098 1875 1354 1929; x_wconf 89' lang='lat' dir='ltr'>praeclarius</span> <span class='ocrx_word' id='word_1_242' title='bbox 1373 1876 1514 1915; x_wconf 78' lang='lat' dir='ltr'>actum</span> <span class='ocrx_word' id='word_1_243' title='bbox 1532 1887 1567 1912; x_wconf 80' lang='lat'>30</span> 
     </span>
     <span class='ocr_line' id='line_1_33' title="bbox 174 1933 1512 1988; baseline 0.001 -16"><span class='ocrx_word' id='word_1_244' title='bbox 174 1947 387 1987; x_wconf 82' lang='lat' dir='ltr'>umquam,</span> <span class='ocrx_word' id='word_1_245' title='bbox 420 1933 528 1973; x_wconf 89' lang='lat' dir='ltr'>nihil</span> <span class='ocrx_word' id='word_1_246' title='bbox 560 1933 620 1973; x_wconf 90' lang='lat' dir='ltr'>rei</span> <span class='ocrx_word' id='word_1_247' title='bbox 652 1949 690 1987; x_wconf 89' lang='lat' dir='ltr'>p.</span> <span class='ocrx_word' id='word_1_248' title='bbox 724 1934 959 1975; x_wconf 84' lang='lat' dir='ltr'>salutarius.</span> <span class='ocrx_word' id='word_1_249' title='bbox 1021 1933 1162 1988; x_wconf 90' lang='lat' dir='ltr'>Atque</span> <span class='ocrx_word' id='word_1_250' title='bbox 1193 1934 1297 1974; x_wconf 88' lang='lat' dir='ltr'>haec</span> <span class='ocrx_word' id='word_1_251' title='bbox 1321 1947 1404 1974; x_wconf 91' lang='lat' dir='ltr'>una</span> <span class='ocrx_word' id='word_1_252' title='bbox 1428 1946 1512 1973; x_wconf 81' lang='lat' dir='ltr'>vox</span> 
     </span>
     <span class='ocr_line' id='line_1_34' title="bbox 175 1990 1514 2047; baseline 0 -16"><span class='ocrx_word' id='word_1_253' title='bbox 175 1992 364 2032; x_wconf 90' lang='lat' dir='ltr'>omnium</span> <span class='ocrx_word' id='word_1_254' title='bbox 397 1994 469 2032; x_wconf 91' lang='lat' dir='ltr'>est.</span> <span class='ocrx_word' id='word_1_255' title='bbox 531 1991 570 2032; x_wconf 90' lang='lat' dir='ltr'>A</span> <span class='ocrx_word' id='word_1_256' title='bbox 595 1994 637 2032; x_wconf 90' lang='lat' dir='ltr'>te</span> <span class='ocrx_word' id='word_1_257' title='bbox 663 1995 803 2033; x_wconf 85' lang='lat' dir='ltr'>autem</span> <span class='ocrx_word' id='word_1_258' title='bbox 834 1996 946 2047; x_wconf 80' lang='lat' dir='ltr'>peto,</span> <span class='ocrx_word' id='word_1_259' title='bbox 977 1995 1025 2033; x_wconf 87' lang='lat' dir='ltr'>ut</span> <span class='ocrx_word' id='word_1_260' title='bbox 1055 2006 1122 2033; x_wconf 86' lang='lat' dir='ltr'>me</span> <span class='ocrx_word' id='word_1_261' title='bbox 1153 1992 1262 2032; x_wconf 80' lang='lat' dir='ltr'>hanc</span> <span class='ocrx_word' id='word_1_262' title='bbox 1293 1991 1411 2045; x_wconf 86' lang='lat' dir='ltr'>quasi</span> <span class='ocrx_word' id='word_1_263' title='bbox 1438 1990 1514 2031; x_wconf 87' lang='lat' dir='ltr'>fal-</span> 
     </span>
     <span class='ocr_line' id='line_1_35' title="bbox 173 2049 1513 2107; baseline 0 -17"><span class='ocrx_word' id='word_1_264' title='bbox 173 2064 261 2090; x_wconf 85' lang='lat' dir='ltr'>sam</span> <span class='ocrx_word' id='word_1_265' title='bbox 297 2049 576 2091; x_wconf 86' lang='lat' dir='ltr'>hereditatem</span> <span class='ocrx_word' id='word_1_266' title='bbox 614 2051 773 2092; x_wconf 85' lang='lat' dir='ltr'>alienae</span> <span class='ocrx_word' id='word_1_267' title='bbox 812 2051 973 2107; x_wconf 88' lang='lat' dir='ltr'>gloriae</span> <span class='ocrx_word' id='word_1_268' title='bbox 1011 2051 1122 2092; x_wconf 89' lang='lat' dir='ltr'>sinas</span> <span class='ocrx_word' id='word_1_269' title='bbox 1159 2063 1328 2091; x_wconf 87' lang='lat' dir='ltr'>cernere</span> <span class='ocrx_word' id='word_1_270' title='bbox 1362 2063 1513 2104; x_wconf 90' lang='lat' dir='ltr'>meque</span> 
     </span>
     <span class='ocr_line' id='line_1_36' title="bbox 173 2108 1513 2162; baseline 0.001 -15"><span class='ocrx_word' id='word_1_271' title='bbox 173 2109 313 2162; x_wconf 86' lang='lat' dir='ltr'>aliqua</span> <span class='ocrx_word' id='word_1_272' title='bbox 352 2123 401 2149; x_wconf 79' lang='lat' dir='ltr'>ex</span> <span class='ocrx_word' id='word_1_273' title='bbox 442 2112 561 2162; x_wconf 85' lang='lat' dir='ltr'>parte</span> <span class='ocrx_word' id='word_1_274' title='bbox 600 2109 643 2149; x_wconf 94' lang='lat' dir='ltr'>in</span> <span class='ocrx_word' id='word_1_275' title='bbox 681 2110 926 2151; x_wconf 87' lang='lat' dir='ltr'>societatem</span> <span class='ocrx_word' id='word_1_276' title='bbox 958 2112 1126 2150; x_wconf 87' lang='lat' dir='ltr'>tuarum</span> <span class='ocrx_word' id='word_1_277' title='bbox 1166 2108 1339 2150; x_wconf 87' lang='lat' dir='ltr'>laudum</span> <span class='ocrx_word' id='word_1_278' title='bbox 1369 2108 1513 2149; x_wconf 84' lang='lat' dir='ltr'>venire</span> 
     </span>
     <span class='ocr_line' id='line_1_37' title="bbox 171 2166 1566 2224; baseline 0.002 -19"><span class='ocrx_word' id='word_1_279' title='bbox 171 2167 342 2219; x_wconf 77' lang='lat' dir='ltr'>patiare.</span> <span class='ocrx_word' id='word_1_280' title='bbox 405 2166 680 2222; x_wconf 89' lang='lat' dir='ltr'>Quamquam,</span> <span class='ocrx_word' id='word_1_281' title='bbox 712 2169 771 2209; x_wconf 91' lang='lat' dir='ltr'>mi</span> <span class='ocrx_word' id='word_1_282' title='bbox 803 2168 1025 2210; x_wconf 84' lang='lat' dir='ltr'>Dolabella</span> <span class='ocrx_word' id='word_1_283' title='bbox 1057 2166 1178 2224; x_wconf 80' lang='lat' dir='ltr'>(haec</span> <span class='ocrx_word' id='word_1_284' title='bbox 1209 2167 1320 2208; x_wconf 88' lang='lat' dir='ltr'>enim</span> <span class='ocrx_word' id='word_1_285' title='bbox 1352 2166 1514 2208; x_wconf 87' lang='lat' dir='ltr'>iocatus</span> <span class='ocrx_word' id='word_1_286' title='bbox 1531 2177 1566 2204; x_wconf 79' lang='lat'>35</span> 
     </span>
     <span class='ocr_line' id='line_1_38' title="bbox 173 2224 1514 2281; baseline 0.001 -17"><span class='ocrx_word' id='word_1_287' title='bbox 173 2224 284 2271; x_wconf 72' lang='lat' dir='ltr'>sum&#39;)</span> <span class='ocrx_word' id='word_1_288' title='bbox 310 2225 512 2267; x_wconf 88' lang='lat' dir='ltr'>libentius</span> <span class='ocrx_word' id='word_1_289' title='bbox 539 2241 683 2267; x_wconf 86' lang='lat' dir='ltr'>omnes</span> <span class='ocrx_word' id='word_1_290' title='bbox 708 2241 834 2281; x_wconf 91' lang='lat' dir='ltr'>meas,</span> <span class='ocrx_word' id='word_1_291' title='bbox 866 2227 1058 2277; x_wconf 79' lang='lat' dir='ltr'>simodo</span> <span class='ocrx_word' id='word_1_292' title='bbox 1084 2228 1182 2267; x_wconf 87' lang='lat' dir='ltr'>sunt</span> <span class='ocrx_word' id='word_1_293' title='bbox 1207 2225 1371 2279; x_wconf 88' lang='lat' dir='ltr'>aliquae</span> <span class='ocrx_word' id='word_1_294' title='bbox 1397 2239 1514 2267; x_wconf 85' lang='lat' dir='ltr'>meae</span> 
     </span>
     <span class='ocr_line' id='line_1_39' title="bbox 171 2282 1514 2340; baseline 0.001 -18"><span class='ocrx_word' id='word_1_295' title='bbox 171 2282 331 2337; x_wconf 85' lang='lat' dir='ltr'>laudes,</span> <span class='ocrx_word' id='word_1_296' title='bbox 373 2284 424 2324; x_wconf 88' lang='lat' dir='ltr'>ad</span> <span class='ocrx_word' id='word_1_297' title='bbox 457 2288 497 2325; x_wconf 83' lang='lat' dir='ltr'>te</span> <span class='ocrx_word' id='word_1_298' title='bbox 530 2285 831 2326; x_wconf 82' lang='lat' dir='ltr'>transfuderim</span> <span class='ocrx_word' id='word_1_299' title='bbox 869 2300 995 2340; x_wconf 91' lang='lat' dir='ltr'>quam</span> <span class='ocrx_word' id='word_1_300' title='bbox 1033 2285 1219 2339; x_wconf 84' lang='lat' dir='ltr'>aliquam</span> <span class='ocrx_word' id='word_1_301' title='bbox 1249 2286 1415 2338; x_wconf 79' lang='lat' dir='ltr'>partem</span> <span class='ocrx_word' id='word_1_302' title='bbox 1446 2298 1514 2325; x_wconf 84' lang='lat' dir='ltr'>ex-</span> 
     </span>
    </p>
   </div>
  </div>
 </body>
</html>
