1659 2552
157 86 242 127 536
664 85 1002 121 EPISTULARUM

107 196 127 224 3
154 182 317 223 minore
361 181 642 235 producendo.
714 180 798 235 Tu,
849 195 973 235 quem
1018 181 1070 221 ad
1119 181 1293 222 modum
1337 181 1498 236 scribis,

155 240 269 295 quod
314 240 480 281 etiamsi
522 255 608 281 non
653 239 875 294 scriberes,
916 240 1052 280 tacere
1091 243 1132 280 te
1175 240 1498 295 diligentissime

154 304 296 340 tamen
322 299 517 352 sciebam,
549 299 676 339 facies
703 298 874 352 scilicet,
906 302 953 339 ut
978 313 1071 339 mea
1097 299 1295 339 mandata
1321 299 1499 355 digeras,

154 372 417 413 persequare,
450 358 657 398 conficias.
719 356 833 412 Ego,
872 371 966 398 cum
998 356 1179 398 Romam
1210 372 1377 411 venero,
1407 357 1499 398 nul-

154 417 244 458 lum
284 416 621 471 praetermittam
664 415 853 456 Caesaris
893 416 1183 470 tabellarium,
1228 416 1295 457 cui
1334 416 1499 457 litteras
1535 426 1553 452 5

156 476 209 516 ad
233 478 275 516 te
306 490 392 516 non
419 476 524 515 dem.
573 474 654 515 His
681 474 829 515 diebus
861 473 1106 530 (ignosces),
1138 475 1204 515 cui
1238 475 1392 529 darem,
1417 475 1499 516 fuit

155 548 280 575 nemo
318 536 415 575 ante
451 534 565 574 hunc
601 532 656 573 M.
690 532 871 587 Orfium,
910 533 1095 587 equitem
1131 532 1390 587 Romanum,
1427 547 1500 574 no-

157 597 292 634 strum
324 596 365 633 et
395 606 524 646 perse
538 592 840 645 necessarium,
873 595 913 633 et
946 592 1060 646 quod
1091 595 1153 633 est
1185 606 1236 633 ex
1267 592 1500 647 municipio

156 652 372 705 Atellano,
411 651 526 704 quod
562 651 642 691 scis
680 665 768 691 esse
806 651 851 691 in
887 650 969 691 fide
1008 654 1162 691 nostra.
1223 649 1372 705 Itaque
1404 665 1501 692 eum

156 711 238 751 tibi
279 710 527 751 commendo
568 710 613 750 in
652 710 858 750 maiorem
898 709 1091 763 modum,
1131 709 1347 751 hominem
1385 709 1500 750 domi
1520 721 1554 746 1⁰

157 769 442 824 splendidum,
473 768 710 824 gratiosum
742 769 870 809 etiam
902 771 1019 809 extra
1052 768 1241 823 domum3
1280 782 1405 823 quem
1435 768 1502 809 fac

158 831 205 869 ut
235 831 309 868 tua
339 827 596 868 liberalitate
627 827 707 867 tibi
741 827 915 882 obliges.
978 826 1055 867 Est
1086 827 1284 868 tribunus
1314 827 1501 868 militum

159 887 202 927 in
235 887 423 927 exercitu
448 888 600 927 vestro.
665 885 843 926 Gratum
875 885 1090 926 hominem
1123 886 1501 940 observantemque

159 959 397 1000 cognosces.
459 944 707 986 Trebatium
748 947 796 985 ut
827 944 948 985 valde
987 959 1120 999 ames,
1158 944 1429 985 vehementer
1459 946 1501 985 te

159 1019 275 1060 rogo.
1520 1013 1554 1038 1⁵

668 1107 782 1149 ΧΠΙ.
824 1108 922 1163 [XV
937 1108 990 1163 a]

441 1190 515 1225 Ser.
542 1190 678 1224 Romae
708 1191 758 1223 in.
784 1201 828 1224 m.
856 1190 932 1223 Iun
968 1202 1000 1224 α.
1029 1192 1101 1223 700
1130 1191 1221 1233 (54).

394 1271 587 1305 MARCUS
614 1270 793 1312 QUTNTO
823 1270 1001 1305 FRATRI
1033 1269 1264 1315 SALUTEM.

115 1369 132 1398 1
248 1355 299 1396 A.
327 1355 362 1395 d.
389 1367 458 1395 1111
483 1355 593 1396 Non.
619 1354 773 1409 Iunias,
806 1369 889 1408 quo
923 1355 989 1395 die
1014 1354 1196 1395 Romam
1221 1353 1328 1406 veni,
1360 1352 1500 1406 accepi

160 1417 255 1454 tuas
291 1414 456 1454 litteras
495 1414 611 1454 datas
648 1413 880 1466 Placentia,
921 1413 1069 1453 deinde
1107 1412 1259 1452 alteras
1295 1410 1500 1464 postridie
1520 1424 1554 1448 20

163 1472 280 1512 datas
305 1473 334 1526 †
360 1472 662 1512 Blandenonne
683 1486 777 1512 cum
799 1471 987 1512 Caesaris
1012 1470 1166 1511 litteris
1193 1470 1359 1510 refertis
1385 1469 1499 1510 omni

163 1531 316 1584 officio,
349 1531 582 1586 diligentia,
614 1530 831 1571 suavitate.
895 1529 1002 1570 Sunt
1033 1530 1113 1570 ista
1147 1528 1315 1582 quidem
1347 1542 1502 1583 magna

162 1589 228 1630 vel
259 1589 402 1643 potius
434 1589 635 1643 maxima,
667 1589 825 1629 habent
852 1589 964 1629 enim
990 1588 1077 1628 vim
1107 1602 1305 1643 magnam
1330 1586 1383 1626 ad
1412 1586 1502 1642 glo-

162 1648 269 1688 riam
313 1650 354 1688 et
398 1648 450 1688 ad
499 1662 705 1688 summam
757 1647 1031 1703 dignitate-1113
1082 1646 1170 1700 sed,
1219 1645 1325 1686 mihi
1370 1644 1502 1699 crede,

163 1721 287 1761 quem
318 1706 449 1759 nosti,
491 1707 604 1760 quod
635 1707 679 1746 in
717 1706 808 1746 istis
840 1706 965 1746 rebus
997 1720 1075 1761 ego
1107 1704 1280 1758 plurimi
1313 1703 1501 1757 aestimo,
1521 1714 1555 1740 25

162 1765 206 1806 id
246 1765 330 1805 iam
370 1765 527 1819 habeo,
568 1768 609 1806 te
651 1765 810 1805 scilicet
850 1765 1035 1818 primum
1075 1768 1162 1803 tam
1204 1762 1503 1803 inservientem

164 1824 378 1865 communi
405 1824 615 1879 dignitati,
648 1823 796 1864 deinde
824 1822 1012 1863 Caesaris
1037 1825 1204 1862 tantum
1230 1821 1273 1861 in
1298 1834 1365 1861 me
1391 1834 1503 1861 amo-

164 1897 270 1936 rem,
309 1897 434 1936 quem
468 1882 664 1923 omnibus
695 1882 747 1922 iis
778 1881 1030 1934 honoribus,
1072 1894 1177 1934 quos
1208 1894 1274 1920 me
1307 1893 1330 1919 a
1361 1893 1404 1920 se
1435 1892 1504 1919 ex-

164 1944 351 1995 spectare
384 1941 493 1994 vult,
525 1944 747 1994 antepono.
809 1939 995 1980 Litterae
1021 1953 1120 1979 vero
1147 1939 1236 1979 eius
1267 1952 1351 1978 una
1383 1937 1503 1978 datae

164 2015 259 2040 cum
296 2000 402 2054 tuis,
444 2014 622 2054 quarum
660 1999 831 2039 initium
869 2001 951 2052 est,
992 2012 1137 2052 quam·
1159 1996 1298 2037 suavis
1336 1995 1374 2036 ei
1404 1998 1503 2036 tuus
1521 2007 1556 2032 80

164 2058 368 2099 adventus
399 2058 540 2112 fuerit,
572 2060 613 2098 et
646 2057 881 2098 recordatio
907 2056 1061 2097 veteris
1087 2055 1253 2108 amoris,
1287 2053 1434 2094 deinde
1461 2067 1503 2094 se

165 2118 429 2171 effecturum,
471 2119 518 2157 ut
556 2131 634 2172 ego
673 2116 717 2156 in
753 2115 892 2156 medio
932 2115 1075 2155 dolore
1113 2128 1160 2154 ac
1198 2112 1403 2154 desiderio
1440 2111 1504 2152 tui

164 2178 223 2229 te,
256 2190 351 2216 cum
377 2190 399 2215 a
425 2189 492 2216 me
518 2175 694 2228 abesses,
726 2174 996 2228 potissimum
1028 2187 1169 2214 secum
1195 2185 1283 2212 esse
1314 2170 1505 2223 laetarer,

118 2245 137 2275 ‘2
166 2233 472 2274 incredibiliter
504 2233 775 2274 delectarunt.
839 2231 974 2281 Quare
1011 2231 1115 2272 facis
1145 2233 1193 2271 tu
1225 2228 1394 2283 quidem
1425 2228 1506 2268 fra-
1560 2277 1564 2280 q

164 2296 293 2346 terne,
321 2292 434 2346 quod
458 2307 525 2333 me
551 2291 747 2346 hortaris,
776 2290 847 2332 sed
873 2289 1110 2332 mehercule
1131 2290 1368 2330 currentem
1393 2299 1505 2328 nunc
1522 2295 1557 2322 ³5
