1659 2552
212 91 299 132 432
717 91 1058 126 EPISTULARUM

211 201 298 228 non
330 189 393 228 est
424 187 656 242 profectus,
690 201 817 240 quam
848 187 1035 240 primum
1068 186 1134 228 fac
1165 186 1375 228 extrudas.
1439 185 1562 241 Cura,

212 249 260 287 ut
292 246 443 288 valeas.
505 244 612 287 Idib.
646 245 813 294 Quinct.

839 349 935 392 VH.

214 431 288 467 Ser.
315 432 355 466 in
379 436 489 476 porta
510 431 684 466 Caietano
701 442 794 467 ‘nave
812 442 1003 467 conscensa
1029 431 1112 466 VII
1126 431 1182 465 Id.
1209 431 1294 466 Iun.
1321 444 1354 466 α.
1378 433 1450 466 705
1471 433 1562 475 (49).

498 513 699 547 TULLIUS
725 513 1002 547 TERENTIAE
1029 513 1151 547 SUAE
1178 513 1212 547 S.
1239 513 1278 549 P.
1601 525 1616 551 5

304 597 452 638 Omnis
483 597 700 638 molestias
732 600 773 638 et
804 598 1123 651 sollicitudines,
1156 597 1311 652 quibus
1342 600 1384 639 et
1413 600 1455 639 te
1487 597 1564 638 mi-

215 657 436 697 serrimam
467 656 616 710 habui,
658 656 702 697 id
734 657 848 711 quod
884 657 990 698 mihi
1022 656 1371 698 molestissimum
1403 659 1483 711 est,
1522 659 1563 698 et

215 715 457 769 Tulliolam,
490 730 596 769 quae
628 716 753 756 nobis
783 718 930 757 nostra
960 716 1048 756 vita
1082 715 1245 757 dulcior
1275 719 1355 771 est,
1388 715 1563 770 deposui

216 777 257 815 et
284 775 398 815 eieci.
461 774 572 823 Quid
598 788 745 815 causae
778 777 920 816 autem
951 775 1091 829 fuerit,
1122 774 1328 829 post-ridie
1360 774 1564 829 intellexi,

217 848 343 887 quam
370 849 394 874 a
413 833 535 874 vobis
562 833 744 875 discessi.
789 835 936 887 Χολὴν
961 835 1151 889 ἄκρατον
1176 836 1305 875 noctu
1331 834 1450 888 eieci3
1483 836 1564 874 sta·
1585 844 1617 869 10

217 893 295 933 tim
328 893 388 933 ita
420 907 513 933 sum
544 892 726 948 levatus,
763 895 811 933 ut
847 893 954 933 mihi
993 893 1095 934 deus
1126 893 1280 947 aliquis
1310 892 1564 934 medicinam

217 951 365 992 fecisse
396 951 608 1006 videatur3
641 952 707 992 cui
739 951 911 1006 quidem
942 954 989 992 tu
1022 952 1117 1005 deo,
1149 967 1275 1006 quem
1306 951 1359 993 ad
1388 951 1563 993 modum

218 1010 338 1064 soles,
370 1010 439 1065 pie
466 1013 507 1051 et
534 1013 646 1052 caste
672 1011 774 1051 satis
799 1011 927 1051 facies
960 1010 1022 1065 [id
1048 1013 1111 1051 est
1130 1010 1322 1065 Apollini
1349 1013 1391 1051 et
1408 1010 1564 1052 Aescu-

173 1102 190 1112 ..
216 1069 362 1123 lapio]
429 1068 594 1110 Navem
638 1084 761 1124 spero
804 1084 882 1110 nos
922 1069 1043 1110 valde
1086 1070 1242 1110 bonam
1284 1069 1453 1111 habere.
1513 1067 1564 1110 In

218 1143 310 1169 eam
348 1128 604 1183 simulatque
636 1129 880 1183 conscendi,
917 1128 1021 1170 haec
1051 1129 1211 1183 scripsi.
1273 1127 1437 1169 Deinde
1469 1142 1564 1169 con·
1585 1137 1618 1163 1⁵

218 1187 400 1228 scribam
434 1187 486 1227 ad
516 1190 685 1229 nostros
716 1188 946 1228 familiares
976 1188 1132 1229 multas
1164 1187 1377 1242 epistulas,
1409 1187 1565 1242 quibus

217 1248 260 1287 te
299 1249 341 1287 et
381 1245 610 1287 Tulliolam
650 1249 841 1287 nostram
882 1246 1206 1301 diligentissime
1247 1246 1563 1287 commendabo.

219 1303 478 1346 Cohortarer
514 1320 605 1359 vos,
645 1320 729 1359 quo
767 1306 915 1346 animo¹
946 1305 1144 1346 fortiores
1176 1305 1339 1359 essetis,
1376 1305 1458 1345 nisi
1490 1318 1564 1345 vos

218 1364 418 1405 fortiores
439 1378 687 1419 cognossem
714 1378 840 1418 quam
867 1378 1122 1417 quemquam
1147 1364 1298 1405 virum.
1339 1363 1396 1404 Et
1421 1366 1564 1404 tamen

219 1422 309 1462 eius
340 1422 456 1463 modi
488 1437 610 1476 spero
642 1423 816 1478 negotia
847 1437 953 1476 esse,
990 1425 1038 1462 ut
1070 1424 1111 1463 et
1141 1436 1216 1463 vos
1254 1422 1350 1463 istic
1381 1436 1564 1463 commo—
1584 1431 1617 1457 20

220 1481 390 1521 dissime
431 1496 595 1535 sperem
633 1496 721 1522 esse
760 1484 801 1522 et
841 1496 907 1521 me
952 1481 1178 1535 aliquando
1218 1495 1313 1522 cum
1353 1481 1564 1522 similibus

219 1540 355 1580 nostri
399 1554 488 1580 rem
531 1555 570 1594 p.
616 1540 871 1581 defensuros.
942 1539 1005 1580 Tu
1049 1540 1235 1594 primum
1278 1539 1564 1581 valetudinem

219 1601 337 1639 tuam
369 1599 497 1639 velim
536 1613 671 1650 cures3
714 1599 880 1652 deinde,
918 1598 953 1639 si
985 1598 1065 1639 tibi
1097 1599 1329 1653 videbitur,
1367 1598 1481 1639 villis
1512 1598 1564 1639 iis

219 1660 357 1711 utere,
403 1672 509 1711 quae
552 1657 799 1713 longissime.
844 1657 1023 1698 aberunt
1067 1672 1090 1697 a
1132 1658 1353 1698 milit-ibus.
1415 1657 1564 1699 Fundo

218 1715 418 1770 Arpinati
444 1716 550 1757 bene
570 1717 730 1771 poteris
750 1717 813 1757 uti
834 1730 929 1757 cum
950 1716 1111 1757 familia
1137 1717 1309 1771 urbana,
1338 1716 1373 1757 si
1399 1730 1566 1757 annona
1585 1726 1618 1751 2³5

220 1775 357 1815 carior
383 1775 522 1816 fuerit.
574 1776 720 1817 Cicero
747 1775 1004 1816 bellissimus
1029 1775 1110 1816 tibi
1133 1776 1311 1816 salutem
1336 1775 1564 1830 plurimam

220 1834 334 1875 dicit.
398 1834 542 1875 Etiam
575 1837 701 1889 atque
734 1835 862 1876 etiam
894 1834 996 1876 vale.
1046 1833 1097 1875 D.
1124 1847 1188 1875 VII
1219 1833 1318 1875 Idus
1349 1832 1440 1875 Iun.

833 1984 949 2026 VIH.
1132 2030 1138 2035 ,

393 2067 466 2102 Sor.
494 2066 679 2101 Brundisi
703 2077 737 2101 a.
764 2067 798 2101 d.
826 2066 891 2100 IV
911 2066 1008 2101 Non.
1035 2066 1120 2101 Iun.
1147 2077 1181 2100 a.
1209 2066 1283 2100 707
1308 2065 1398 2107 (47).

537 2146 736 2181 TULLIUS
762 2146 1039 2181 TERENTIAE
1067 2145 1189 2181 SUAE
1215 2145 1249 2180 S.
1585 2160 1618 2185 30

310 2242 354 2284 Si
393 2242 523 2296 vales,
562 2242 667 2283 bene
701 2244 780 2296 est,
813 2256 891 2298 ego
924 2241 1054 2282 valeo.
1116 2239 1415 2282 Valetudinem
1447 2243 1564 2295 tuam

220 2301 348 2342 velim
381 2315 499 2342 cures
532 2301 866 2356 diligentissime.
929 2299 1041 2342 Nam
1072 2299 1178 2340 mihi
1210 2302 1252 2340 et
1286 2299 1492 2354 scriptum
1523 2303 1565 2342 et
