1659 2552
331 48 372 90 Q.
394 47 476 83 CIC.
498 48 560 82 DE
582 47 731 82 PETIT.
752 47 816 82 AD
837 47 884 82 M.
906 46 1076 81 FRATR.
1098 49 1245 80 38—45.
1373 43 1459 85 573

123 144 318 186 homines
350 144 477 198 noris,
510 143 712 199 significa,
744 144 791 183 ut
823 144 1033 196 appareat,
1065 144 1106 182 et
1138 156 1256 196 auge,
1288 143 1334 181 ut
1360 140 1461 181 coti-

125 204 191 245 die
222 203 373 244 melius
405 205 489 243 fiat.
551 202 673 243 Nihil
709 200 815 242 mihi
852 204 939 242 tam
973 200 1176 254 populare
1205 214 1341 253 neque
1372 202 1460 239 tam

123 265 293 317 gratum
331 262 508 303 videtur.
570 260 732 301 Deinde
770 259 831 313 id,
872 260 985 313 quod
1021 262 1172 299 natura
1202 273 1287 299 non
1318 258 1460 311 habes,

125 321 249 361 induc
287 321 331 361 in
369 321 556 361 animum
595 320 653 359 ita
684 318 966 359 simulandum
999 332 1103 372 esse,
1143 320 1189 358 ut
1221 320 1372 357 natura
1403 316 1460 356 fa-

89 394 105 419 5
125 394 217 420 cere
236 379 414 420 videare.
460 377 722 432 Quamquam
747 377 977 431 plurimum
1002 379 1152 417 natura
1171 376 1294 429 valet,
1319 378 1460 416 tamen

125 438 293 479 videtur
325 438 367 478 in
406 451 635 491 paucorum
666 450 857 477 mensum
889 435 1061 491 negotio
1092 449 1213 489 posse
1245 433 1459 475 simulatio

124 499 319 537 naturam
344 496 521 537 vincere.
570 495 681 536 Nam
708 495 882 535 comitas
908 494 987 534 tibi
1013 508 1099 535 non
1124 494 1250 547 deest,
1282 508 1329 533 ea
1356 506 1460 546 quae

124 555 238 597 bono
270 569 317 595 ac
348 555 467 595 suavi
496 554 667 595 homine
700 553 827 608 digna
859 555 931 606 est,
963 553 1035 593 sed
1067 566 1171 606 opus
1196 554 1259 593 est
1289 565 1461 606 magno-

125 629 222 668 pere
262 613 489 666 blanditia,
530 627 635 666 quae
677 612 842 653 etiamsi
878 611 1031 653 :vitiosa
1068 614 1130 651 est
1167 613 1208 652 et
1248 610 1384 664 turpis
1417 610 1460 649 in

72 689 106 713 10
126 676 262 714 cetera
292 673 391 726 vita,
422 675 563 712 tamen
594 672 638 711 in
669 671 873 725 petitione
898 670 1130 711 necessaria
1155 671 1227 710 est.
1277 668 1460 722 Etenim,

126 745 220 772 cum
247 731 497 771 deteriorem
523 730 705 783 aliquem
731 729 979 770 assentando
1006 729 1117 782 facit,
1149 730 1240 768 tum
1267 727 1461 781 improba

126 793 208 844 est,
253 804 347 830 cum
391 789 650 842 amiciorem,
693 802 778 828 non
822 791 909 828 tam
948 787 1244 841 vituperanda,
1287 785 1462 840 petitori

125 863 225 890 vero
268 848 500 889 necessaria
544 850 624 901 est,
669 847 786 888 0111113
830 847 945 887 frons
985 848 1025 886 et
1065 845 1207 886 vultus
1245 847 1286 885 et
1324 858 1460 885 sermo

127 907 179 948 ad
216 921 378 961 eorum,
417 920 702 961 quoscumque
741 905 998 958 convenerit,
1040 918 1207 945 sensum
1245 905 1286 944 et
1316 903 1462 944 volun-

76 981 108 1006 15
126 968 258 1007 tatem
289 965 608 1007 commutandus
641 967 682 1005 et
713 963 1089 1004 accommodandus
1121 965 1193 1003 est.
1242 960 1332 1002 Iam
1364 961 1461 1002 assi-

129 1024 302 1065 duitatis
332 1025 496 1065 nullum
529 1027 590 1064 est
621 1025 908 1077 praeceptum,
945 1022 1121 1063 verbum
1156 1021 1297 1075 ipsum
1330 1020 1462 1074 docet,

128 1098 233 1137 quae
276 1097 342 1124 res
385 1083 450 1124 sit.
511 1082 688 1122 Prodest
733 1081 901 1135 quidem
944 1080 1214 1121 vehementer
1254 1093 1462 1133 nusquam

130 1141 356 1195 discedere,
395 1141 467 1182 sed
503 1143 644 1181 tamen
680 1140 749 1180 hic
780 1140 942 1180 fructus
974 1142 1035 1180 est
1067 1138 1341 1191 assiduitatiS,
1377 1151 1463 1178 non

129 1200 266 1241 solum
305 1214 391 1240 esse
427 1199 587 1240 Romae
626 1202 750 1252 atque
782 1198 826 1238 in
857 1198 969 1251 foro,
1007 1197 1078 1238 sed
1109 1196 1272 1237 assidue
1309 1199 1463 1250 petere,

77 1274 111 1298 ρο
130 1273 251 1313 saepe
283 1258 450 1299 eosdem
482 1258 709 1312 appellare,
740 1271 825 1297 non
857 1256 1131 1310 committere,
1162 1258 1209 1296 ut
1241 1255 1463 1309 quisquam

128 1317 264 1373 possit
301 1317 453 1371 dicere,
491 1318 520 1369 ἢ·
553 1316 666 1370 quod
702 1316 789 1356 eius
822 1315 1021 1369 consequi
1056 1314 1209 1368 possis,
1250 1314 1286 1354 si
1318 1313 1391 1354 abs
1422 1316 1464 1353 te

129 1390 216 1417 non
247 1375 301 1416 sit
333 1378 541 1431 rogatum,
574 1378 615 1415 et
646 1374 765 1415 valde
792 1388 839 1415 ac
865 1374 1090 1429 diligenter
1120 1374 1327 1428 rogatum.
1388 1371 1464 1413 Be—

130 1434 316 1490 nignitas
354 1437 494 1474 autem
531 1433 614 1474 late
651 1435 778 1487 patet.
840 1432 918 1472 Est
955 1432 999 1472 in
1030 1446 1074 1472 re
1105 1430 1321 1484 familiari,
1360 1444 1465 1484 quae

132 1507 386 1547 quamquam
418 1493 470 1532 ad
500 1492 816 1532 multitudinem
848 1490 1066 1545 pervenire
1096 1504 1182 1531 non
1212 1491 1370 1543 potest,
1407 1491 1467 1529 ta-

80 1565 113 1590 25
132 1566 229 1592 111011
262 1551 312 1591 ab
346 1550 491 1591 31111013
522 1552 559 1591 si
590 1550 802 1603 laudatur,
839 1549 1255 1603 multitudini,grata
1287 1550 1366 1602 est3
1404 1549 1466 1587 est

132 1610 177 1650 in
208 1609 429 1662 conviviis,
468 1623 573 1662 quae
610 1609 675 1648 fac
706 1611 753 1648 ut
785 1610 826 1648 et
863 1608 937 1648 abs
974 1610 1016 1647 te
1048 1609 1089 1647 et
1120 1607 1171 1646 ab
1205 1606 1350 1646 amicis
1381 1605 1466 1645 tuis

133 1667 478 1709 concelebrentur
497 1670 537 1707 et
556 1666 711 1720 passim
732 1668 773 1706 et
791 1665 1004 1717 tributim3
1031 1667 1093 1705 est
1112 1665 1239 1705 etiam
1258 1665 1303 1704 in
1329 1678 1466 1717 opera,

134 1741 259 1781 quam
296 1725 500 1780 pervulga
537 1727 578 1765 et
610 1724 887 1777 communica,
929 1737 1126 1776 curaque,
1166 1725 1214 1762 ut
1246 1722 1384 1768 aditus
1416 1722 1467 1761 ad

133 1788 175 1826 te
214 1784 353 1825 diurni
395 1783 675 1836 nocturnique
717 1784 906 1836 pateant,
948 1795 1083 1834 neque
1127 1781 1264 1821 solum
1303 1780 1467 1820 foribus

81 1857 115 1882 30
135 1843 300 1884 aedium
337 1844 522 1895 tuarum,
561 1841 633 1882 sed
669 1841 795 1881 etiam
833 1840 954 1880 vultu
991 1854 1038 1880 30
1074 1840 1230 1892 fronte,
1269 1852 1374 1892 quae
1406 1840 1468 1879 est

135 1902 264 1942 animi
290 1901 432 1955 ianua3
458 1914 563 1954 quae
587 1900 625 1940 si
651 1899 861 1954 signifieat
880 1898 1141 1939 voluntatem
1167 1897 1354 1937 abditam
1380 1911 1468 1937 esse

135 1975 181 2001 ac
207 1963 425 2012 retrusam,
450 1958 570 2012 parvi
595 1958 723 1998 refert
747 1960 890 2012 patere
911 1957 1076 1998 ostium.
1125 1955 1330 1996 Homines
1356 1955 1468 1996 enim

134 2033 219 2059 non
251 2018 377 2058 modo
408 2017 601 2071 promitti
634 2016 732 2070 sibi,
768 2015 1016 2069 praesertim
1048 2014 1162 2068 quod
1192 2029 1215 2054 a
1247 2014 1467 2054 candidato

134 2079 297 2131 petant,
336 2075 407 2116 sed
439 2075 565 2116 etiam
602 2075 718 2130 large
750 2077 874 2128 atque
911 2074 1143 2114 honorifice
1173 2072 1368 2127 promitti
1399 2086 1468 2112 vo-

83 2147 117 2172 35
135 2136 240 2176 lunt.
303 2134 438 2183 Quare
480 2134 562 2174 1100
605 2133 774 2186 quidem
816 2132 938 2173 facile
981 2134 1250 2186 praeceptum
1288 2133 1370 2184 est,
1410 2133 1468 2184 ut,

137 2194 251 2248 quod
280 2194 466 2234 facturus
499 2192 572 2243 sis,
605 2191 648 2231 id
679 2191 888 2246 significes
920 2193 962 2230 te
994 2190 1179 2231 studiose
1211 2204 1258 2230 ac
1287 2189 1470 2230 libenter

137 2266 225 2293 esse
267 2252 497 2304 130111111111·7
541 2249 647 2290 illud
690 2249 903 2289 difficilius
948 2251 989 2289 et
1031 2248 1166 2303 magis
1209 2247 1262 2288 ad
1303 2250 1469 2302 tempus

1487 972 1530 1001 43

1490 1381 1535 1411 44

1495 2132 1579 2171 45'
