1659 2552
182 90 269 131 274
670 90 1010 126 EPISTULARUM

179 202 306 242 quam
337 189 506 228 senatus
538 188 734 242 frequens
773 189 940 227 secutus
973 189 1035 227 est
1068 200 1232 227 summo
1265 186 1405 227 studio
1435 201 1521 228 ma-

131 258 150 288 2
177 261 347 301 gnoque
373 261 587 288 consensu.
632 246 726 301 Ego
753 260 1009 299 quamquam
1036 259 1087 286 ex
1112 245 1197 286 tuis
1227 245 1393 300 litteris,
1417 260 1521 300 quas

177 305 283 346 mihi
323 305 495 360 misisti,
535 319 831 359 perspexeram
869 306 910 344 te
947 304 1084 359 magis
1122 304 1278 345 iudicio
1310 304 1520 346 bonorum

178 378 304 418 quam
345 364 584 419 insignibus
621 363 782 419 gloriae
822 362 1037 417 delectari,
1078 365 1220 404 tamen
1258 363 1520 404 consideran-

178 423 278 463 dum
320 423 445 464 nobis
495 422 754 476 existimavi,
804 421 970 463 etiamsi
1020 424 1067 462 tu
1115 422 1224 463 nihil
1272 422 1519 477 postulares,
1539 433 1554 460 5

177 484 382 536 quantum
414 481 493 522 tibi
522 497 544 522 a
570 495 613 521 re
645 496 683 534 p.
712 480 945 521 deberetur.
1007 480 1071 521 Tu
1104 483 1301 522 contexes
1333 483 1520 522 extrema

176 555 271 581 cum
297 541 454 595 primis.
501 540 581 589 Qui
603 540 715 580 enim
734 539 789 580 M.
811 539 1047 580 Antonium
1074 540 1341 594 oppresserit,
1373 540 1408 580 is
1434 539 1520 581 bel-

174 599 264 640 lum
291 599 538 654 confecerit,
570 599 712 652 itaque
739 597 951 639 Homerus
976 612 1062 639 non
1082 598 1256 640 Aiacem
1281 612 1358 640 nec
1376 598 1519 640 Achil-

174 658 272 714 lem,
305 659 378 699 sed
408 657 579 700 Ulixem
611 657 841 712 appellavit
871 659 1202 713 πτολιπόρθιον.

783 808 896 851 XIV.
1538 823 1571 848 ιο

416 891 490 926 Ser.
520 891 656 926 Romae
680 891 754 924 III
774 890 871 925 Non.
899 890 994 925 Mai.
1021 903 1054 925 α.
1085 893 1151 925 711
1184 892 1274 934 (43).

620 971 788 1007 CICERO
818 971 1006 1007 PLANCO
1034 972 1066 1008 S.

129 1082 145 1111 1
263 1068 298 1112 O
329 1072 496 1127 gratam
527 1069 683 1110 famam
715 1069 845 1110 biduo
877 1071 973 1110 ante
999 1068 1221 1110 victoriam
1248 1069 1297 1110 de
1329 1068 1517 1110 subsidio

174 1132 261 1184 tuo,
294 1129 343 1170 de
377 1128 535 1183 studio,
575 1128 624 1169 de
656 1128 886 1182 celeritate,
920 1128 969 1168 de
1002 1127 1154 1182 copiis!
1216 1127 1358 1182 Atque
1389 1127 1516 1169 etiam

173 1188 369 1229 hostibus
407 1187 511 1228 fusis
550 1201 643 1241 spes
681 1186 818 1228 omnis
856 1188 918 1227 est
956 1186 999 1227 in
1031 1188 1090 1241 te3
1131 1186 1289 1242 fugisse
1322 1186 1434 1228 enim
1465 1200 1515 1228 ex
1537 1197 1570 1223 15

174 1247 336 1301 proelio
373 1246 607 1287 Mutinensi
647 1245 844 1286 dicuntur
880 1245 1092 1286 notissimi
1129 1245 1343 1286 latronum
1376 1245 1516 1300 duces3

176 1308 238 1346 est
278 1307 419 1346 autem
459 1319 545 1345 non
588 1304 728 1345 minus
768 1306 938 1360 gratum
982 1306 1169 1344 extrema
1210 1304 1346 1345 delere
1390 1319 1516 1358 quam

129 1375 147 1405 2
173 1364 310 1418 prima
343 1364 560 1418 depellere.
616 1362 826 1416 Equidem
859 1362 1131 1416 expectabam
1163 1362 1247 1403 iam
1281 1365 1375 1403 tuas
1405 1363 1516 1403 litte-

175 1438 258 1477 ras,
299 1423 425 1477 idque
463 1437 558 1463 cum
595 1421 758 1475 multis,
800 1421 1103 1475 sperabamque
1145 1421 1272 1462 etiam
1307 1421 1515 1476 Lepidum

174 1482 234 1522 rei
265 1497 304 1536 p.
337 1480 600 1535 temporibus
639 1480 902 1520 admonitum
942 1483 1081 1521 tecum
1114 1494 1135 1520 e
1166 1494 1211 1522 re
1242 1495 1281 1535 p.
1314 1494 1402 1521 esse
1433 1480 1514 1521 fac·
1535 1491 1568 1516 ‘20

173 1543 327 1581 turum.
389 1538 439 1580 In
479 1539 595 1579 illam
637 1538 769 1594 igitur
810 1553 953 1579 curam
994 1538 1210 1593 incumbe,
1250 1538 1310 1579 mi
1349 1538 1514 1593 Plance,

174 1602 221 1640 ut
252 1614 303 1640 ne
336 1613 441 1653 quae
474 1598 658 1639 scintilla
688 1598 896 1638 teterrimi
928 1597 1029 1638 belli
1061 1597 1336 1652 relinquatur.
1393 1597 1516 1647 Quod

174 1658 208 1699 si
241 1658 321 1699 erit
358 1658 533 1711 factum,
573 1659 613 1697 et
650 1671 739 1697 rem
775 1656 990 1710 publicam
1029 1656 1172 1697 divino
1211 1656 1415 1697 beneficio
1446 1656 1514 1698 ad-

173 1717 321 1758 feceris
361 1719 403 1757 et
443 1716 532 1770 ipse
573 1718 786 1756 aeternam
826 1715 1008 1771 gloriam
1049 1729 1314 1770 consequere.
1375 1715 1426 1757 D.
1463 1726 1514 1756 111

171 1775 281 1818 Non.
313 1775 412 1816 Mai.
1533 1783 1566 1810 25

794 1879 885 1921 XV.

172 1962 245 1998 Ser.
267 1963 307 1996 in
329 1962 423 1997 Gall.
447 1962 609 1996 Narbon.
631 1961 681 1995 cis
700 1960 844 1995 Isaram
869 1961 950 1995 circ.
972 1961 1036 1994 IV
1056 1960 1112 1994 Id.
1141 1959 1234 1995 Mai.
1263 1972 1294 1995 a.
1325 1962 1393 1994 711
1422 1961 1510 2003 (43).

604 2041 819 2077 PLANCUS
846 2041 1079 2076 CICERONI.

127 2140 142 2169 1
259 2127 339 2169 His
370 2126 525 2168 litteris
558 2126 743 2180 scriptiS,
783 2141 888 2180 quae
925 2128 1072 2180 postea
1104 2124 1369 2178 accidissent,
1407 2123 1512 2165 scire

170 2189 210 2228 te
238 2187 289 2227 ad
316 2201 403 2227 rem
429 2202 467 2240 p.
494 2186 641 2240 putavi
666 2184 887 2239 pertinere.
934 2183 1144 2226 Sedulitas
1169 2197 1273 2236 mea,
1305 2185 1352 2223 ut
1378 2196 1511 2237 spero,
1532 2193 1566 2219 30

171 2248 212 2285 et
243 2245 348 2285 mihi
382 2248 422 2286 et
454 2245 514 2285 rei
555 2259 593 2298 p.
626 2243 726 2284 tulit
758 2244 954 2284 fructum.
1015 2241 1210 2296 Namque
1242 2241 1421 2282 assiduis
1453 2241 1512 2281 in-

171 2304 397 2345 ternuntiis
429 2318 523 2344 cum
549 2302 709 2357 Lepido
737 2302 816 2358 egi,
848 2304 895 2343 ut
922 2301 1076 2343 omissa
1103 2299 1216 2342 omni
1244 2299 1513 2341 contentione
