1659 2552
57 807 89 831 10

59 1181 90 1205 15

58 1763 91 1788 25

58 2054 91 2079 30

600 77 743 111 LIBER
767 77 834 111 XV
859 80 920 110 4—
931 80 961 112 6.
1366 78 1453 118 453

111 172 298 212 militum
339 174 411 212 aut
448 170 712 227 benignitate
745 172 919 213 deorum
957 175 1164 213 retentam
1202 175 1327 226 atque
1361 187 1455 213 con-

111 233 319 272 servatam
353 244 458 285 esse3
491 231 604 284 quod
636 245 714 286 ego
746 245 839 271 mea
870 231 1079 271 sententia
1104 231 1336 271 censebam.

198 288 340 343 Atque
372 289 474 329 haec
500 303 579 344 ego
607 289 762 330 idcirco
789 289 841 329 ad
865 291 907 330 te
934 292 1081 330 contra
1108 290 1454 331 consuetudinem
1483 302 1500 313 ἢ

110 363 247 389 meam
278 348 473 402 pluribus
505 348 670 401 scripsi,
709 351 773 402 ut,
806 348 920 402 quod
950 349 1133 388 maxime
1165 348 1280 402 volo,
1313 348 1455 388 existi—

110 421 198 447 mes
235 421 303 447 me
340 406 551 460 laborare,
590 410 637 447 ut
676 407 755 447 tibi
793 406 1067 460 persuadeam
1099 421 1166 447 me
1199 409 1239 447 et
1272 407 1454 447 voluisse

112 465 161 506 de
187 468 261 506 tua
286 465 517 518 maiestate,
544 465 658 518 quod
684 465 991 519 amplissimum
1018 465 1097 506 sim
1125 465 1368 519 arbitratus,
1401 468 1455 518 et,

111 524 225 578 quod
261 526 307 564 tu
345 523 551 577 maluisti,
589 524 748 564 factum
786 538 874 564 esse
912 524 1105 579 gaudere
1167 522 1273 564 Vale
1306 526 1347 564 et
1378 538 1455 564 nos

111 583 240 637 dilige
281 585 323 622 et
363 582 560 623 instituto
605 582 754 623 itineie
796 583 1063 623 seveiitatem
1105 582 1455 638 diligentiamque

112 641 237 682 sociis
270 644 311 681 et
343 641 403 681 rei
434 656 472 695 p.
505 644 681 694 praesta.

742 790 815 834 VI.

269 871 343 907 Ser.
376 873 482 907 Tarsi
502 873 617 916 paulo
642 876 725 907 ante
749 872 823 906 III
843 872 890 906 K.
920 872 1014 908 Sea-t.
1043 885 1076 907 a.
1105 875 1176 907 704
1203 874 1294 916 (50).

447 954 494 989 M.
523 952 690 987 CICERO
718 953 751 988 S.
778 953 820 988 D.
848 954 894 988 M.
923 953 1111 988 CATONI.

194 1049 398 1090 ‘Laetus
430 1063 534 1089 sum
560 1049 756 1089 laudari
788 1049 883 1089 me'
885 1049 1066 1103 ,inquit
1093 1048 1263 1101 Hector,
1291 1048 1453 1103 opinor

112 1108 224 1162 apud
248 1107 470 1161 Naevium,
503 1108 603 1161 aps
636 1110 700 1161 te,
732 1110 891 1162 patei,
924 1122 947 1148 a
978 1107 1182 1148 laudato
1215 1107 1345 1148 vir'o
1389 1107 1453 1147 Ea

110 1170 172 1207 est
204 1167 316 1207 enim
347 1167 538 1220 profecto
571 1165 751 1206 iucunda
782 1166 885 1219 laus,
918 1180 1023 1220 quae
1056 1166 1108 1206 ab
1141 1166 1192 1206 iis
1224 1166 1453 1219 proficisci-

110 1228 196 1278 tur,
239 1225 310 1279 qui
342 1225 423 1279 ipsi
456 1225 499 1265 in
530 1224 652 1264 laude
684 1224 892 1265 vixerunt.
954 1224 1049 1279 Ego
1081 1239 1180 1265 vero
1213 1224 1280 1264 vel
1311 1227 1453 1279 gratu—

108 1284 267 1324 latione
313 1283 553 1324 litterarum
597 1286 766 1323 tuarum
806 1282 873 1323 vel
920 1283 1176 1323 testimoniis
1219 1283 1452 1323 sententiae

111 1342 244 1383 dictae
276 1341 384 1382 nihil
416 1344 478 1382 est
505 1342 618 1395 quod
648 1356 715 1382 me
746 1356 831 1382 non
861 1341 1105 1382 adsecutum
1136 1344 1294 1395 putem,
1326 1341 1453 1395 idque

109 1401 216 1441 mihi
242 1415 336 1441 cum
363 1400 671 1454 amplissimum
702 1402 793 1440 tum
825 1400 1115 1455 gratissimum
1141 1402 1215 1453 est,
1247 1402 1288 1440 te
1320 1399 1454 1440 liben-

57 1473 71 1496 1
109 1461 174 1500 ter
206 1459 415 1499 amicitiae
450 1459 621 1512 dedisse,
655 1459 768 1512 quod
798 1458 961 1511 liquido
988 1458 1159 1499 veritati
1191 1459 1321 1498 dares.
1384 1458 1453 1512 Et,

111 1518 146 1557 si
172 1532 256 1558 non
281 1518 408 1558 modo
436 1531 591 1570 omnes,
623 1531 769 1557 verum
796 1517 923 1557 etiam
954 1517 1080 1557 multi
1108 1516 1288 1557 Catones
1315 1519 1453 1557 essent

111 1576 154 1615 in
181 1576 350 1616 civitate
381 1578 536 1628 nostra,
569 1576 612 1615 in
645 1590 726 1628 qua
757 1589 889 1615 unum
915 1575 1126 1616 exstitisse
1157 1575 1353 1615 mirabile
1378 1578 1452 1628 est,

111 1648 236 1687 quem
269 1648 346 1688 ego
385 1648 554 1673 currum
596 1637 667 1673 aut
700 1648 825 1687 quam
863 1633 1049 1674 lauream
1082 1647 1176 1673 cum
1207 1636 1281 1674 tua
1312 1633 1453 1673 lauda-

110 1692 226 1732 tione
259 1692 524 1732 conferrem?
584 1691 695 1732 Nam
733 1692 786 1731 ad
816 1706 957 1732 meum
989 1706 1157 1731 sensum
1190 1694 1231 1732 et
1263 1691 1315 1731 ad
1346 1691 1453 1730 illud

111 1751 321 1790 sincerum
360 1764 406 1790 ac
443 1749 597 1803 suptile
635 1749 838 1789 iudicium
875 1749 984 1789 nihil
1020 1752 1162 1803 potest
1193 1763 1280 1789 esse
1311 1749 1453 1789 lauda-

110 1809 239 1849 bilius
272 1822 397 1861 quam
429 1822 476 1847 ea
507 1810 580 1847 tua
613 1807 766 1860 oratio,
807 1821 912 1860 quae
945 1809 1007 1847 est
1038 1807 1090 1847 ad
1120 1821 1188 1847 me
1219 1807 1452 1860 perscripta

111 1882 134 1908 a
165 1867 270 1907 meis
300 1865 554 1906 necessariis.
617 1864 700 1905 Sed
731 1879 897 1905 causam
928 1879 1044 1905 meae
1076 1865 1325 1919 voluntatis,
1365 1879 1451 1906 non

111 1925 223 1966 enim
251 1925 386 1964 dicam
406 1923 692 1977 ‘cupiditatis’,
719 1924 893 1976 exposui
919 1923 999 1963 tibi
1026 1923 1315 1977 superioribus
1340 1923 1452 1964 litte-

111 1984 186 2037 ris3
219 1997 324 2037 quae
351 1982 515 2022 etiamsi
541 1996 690 2035 parum
717 1982 827 2021 iusta
852 1981 932 2021 tibi
955 1981 1045 2021 visa
1071 1984 1144 2035 est,
1175 1981 1284 2021 hanc
1310 1983 1451 2022 tamen

110 2041 239 2082 habet
277 2041 502 2093 rationem,
539 2054 625 2080 non
662 2042 709 2080 ut
746 2040 873 2080 nimis
911 2039 1266 2093 concupiscendus
1303 2039 1452 2093 honos,

112 2100 184 2140 sed
214 2103 367 2152 tamen,
401 2098 435 2139 si
468 2098 680 2138 deferatur
711 2112 733 2137 a
764 2100 930 2151 senatu,
960 2098 1134 2138 minime
1167 2097 1452 2151 aspernandus

112 2173 199 2199 esse
236 2158 439 2198 videatur.
503 2155 634 2209 Spero
673 2158 813 2196 autem
850 2156 971 2196 illum
1010 2156 1200 2196 ordinem
1236 2170 1314 2209 pro
1346 2156 1452 2196 meis

112 2216 166 2257 ob
205 2230 294 2256 rem
330 2231 368 2269 p.
402 2214 606 2268 susceptis
643 2213 860 2255 laboribus
897 2228 964 2254 me
1001 2228 1086 2254 non
1125 2214 1347 2269 indignum
1378 2214 1451 2254 ho-

111 2288 230 2329 nore,
268 2274 425 2315 usitato
456 2272 725 2327 praesertim,
764 2273 1114 2313 existimaturum.
1178 2271 1300 2321 Quod
1325 2272 1359 2313 si
1392 2272 1452 2314 ita
