1659 2552
68 844 100 868 10

70 1136 101 1161 15

69 1429 103 1454 20

72 1721 105 1745 25

73 2013 106 2037 30

72 2303 106 2330 35

608 89 752 124 LIBER
775 89 809 124 V
837 93 891 133 15,
920 93 973 124 16.
1382 89 1463 130 127

120 200 198 242 ego
231 187 358 240 atque
390 187 449 240 tu,
482 185 596 239 quod
627 199 679 226 ne
706 185 748 226 in
773 187 959 226 mentem
985 185 1155 239 quidem
1181 184 1306 226 nobis
1330 185 1468 225 venie-

120 245 193 285 bat
224 247 400 298 propter
432 244 668 285 cotidianos
704 247 860 298 metus,
898 258 1021 285 omne
1053 246 1221 298 tempus
1253 258 1335 284 una
1366 243 1467 284 fuis·-

120 317 279 358 semus,
323 317 458 357 neque
502 318 569 343 me
614 303 811 343 valetudo
855 306 928 343 tua
972 303 1203 344 offenderet
1245 316 1380 355 neque
1423 304 1466 342 te

118 376 286 403 maeror
315 376 444 402 meus.
507 361 641 415 Quod,
677 364 882 415 quantum
914 362 1006 402 fieri
1037 361 1207 415 poterit,
1240 375 1456 414 consequa

119 436 233 475 mul-3
260 421 362 474 quid
388 421 501 461 enim
527 423 590 461 est
615 420 785 474 utrique
804 423 999 461 nostrum
1019 420 1187 474 aptius?
1212 419 1466 474 Propediem

119 482 160 521 te
193 479 326 534 igitur
357 479 520 520 videbo.
1069 482 1072 483 ⁷

736 583 849 625 XVI.

239 664 314 700 Ser.
342 665 495 707 Romae,
523 669 563 699 ut
588 666 740 707 videtur,
766 667 848 700 circ.
876 677 919 699 m.
948 665 1063 699 Mart.
1091 677 1123 699 α.
1154 666 1226 699 702
1254 666 1344 708 (52).

520 746 569 781 M.
596 746 765 781 CICERO
793 746 826 781 S.
853 746 895 781 D.
923 746 1062 781 TITIO.

209 829 303 870 Etsi
342 844 450 870 unus
488 844 539 871 ex
577 830 774 870 omnibus
814 830 989 871 min'ime
1027 845 1120 871 sum
1157 830 1210 870 ad
1246 832 1289 871 te
1322 843 1465 870 conso·-

119 889 293 929 landum
325 889 683 942 accommodatus,
716 888 830 942 quod
860 891 1027 929 tantum
1059 903 1110 929 ex
1141 889 1227 929 tuis
1257 888 1465 929 molestiis

121 948 212 1002 cepi
244 947 414 1001 doloris,
448 950 495 988 ut
527 947 815 988 consolatione
847 947 936 1001 ipse
968 962 1153 1003 egerem,
1185 950 1339 1001 tamen,
1372 961 1467 987 cum

119 1006 290 1062 longius
322 1021 346 1046 a
378 1006 532 1046 summi
562 1006 703 1047 luctus
734 1006 964 1046 acerbitate
995 1020 1114 1047 meus
1149 1006 1314 1046 abesset
1345 1005 1467 1046 dolor

121 1080 248 1119 quam
279 1067 398 1119 tuus,
430 1065 560 1105 statui
591 1067 761 1105 nostrae
791 1065 1114 1105 necessitudinis
1145 1079 1234 1105 esse
1265 1078 1466 1118 meaeque

121 1124 165 1164 in
202 1126 244 1164 te
280 1123 593 1164 benivolentiae
629 1138 715 1164 non
752 1126 890 1164 tacere
930 1126 1050 1164 tanto
1089 1123 1133 1163 in
1170 1126 1244 1164 tuo
1276 1137 1466 1163 maerore

121 1185 209 1223 tam
235 1182 318 1236 diu,
351 1182 422 1223 sed
448 1182 649 1223 adhibere
675 1182 860 1236 aliquam
885 1182 1096 1223 modicam
1122 1182 1466 1235 consolationem,

122 1255 228 1295 quae
258 1241 397 1282 levare
430 1241 619 1282 dolorem
651 1243 773 1282 tuum
803 1243 958 1296 posset,
989 1241 1025 1282 si
1056 1241 1197 1282 minus
1223 1255 1369 1281 sanare
1394 1254 1467 1295 po-

121 1300 283 1341 tuisset.

210 1357 289 1398 Est
319 1360 460 1399 autem
493 1357 726 1399 consolatio
758 1358 1008 1413 pervulgata
1040 1357 1211 1412 quidem
1237 1357 1311 1398 illa
1335 1357 1467 1398 maxi—

122 1431 206 1471 me,
245 1431 372 1470 quam
409 1431 574 1470 semper
610 1417 655 1457 in
694 1431 765 1457 ore
803 1420 929 1470 atque
961 1417 1005 1457 in
1037 1417 1178 1457 animo
1210 1417 1367 1457 habere
1399 1416 1466 1456 de-

122 1475 291 1530 bemuS,
334 1475 528 1516 homines
571 1490 648 1516 nos
694 1478 742 1515 ut
788 1489 876 1516 esse
920 1475 1239 1516 meminerimus
1282 1490 1330 1515 ea
1372 1474 1465 1530 lege

123 1536 264 1587 natos,
307 1536 355 1574 ut
399 1534 596 1575 omnibus
639 1534 736 1574 telis
779 1534 974 1575 fortunae
1018 1534 1238 1588 proposita
1281 1534 1336 1574 sit
1378 1533 1467 1574 vita

124 1594 287 1646 nostra,
330 1606 466 1646 neque
507 1607 595 1633 esse
636 1593 930 1647 recusandum,
975 1607 1058 1646 quo
1096 1593 1238 1633 minus
1275 1606 1339 1647 ea,
1385 1606 1467 1646 qua

124 1650 213 1690 nati
240 1664 394 1705 511111115,
427 1651 672 1691 condicione
697 1651 901 1705 vivamus,
932 1666 1036 1692 neve
1067 1654 1156 1691 tam
1181 1651 1370 1706 graviter
1395 1664 1466 1691 eos

125 1722 244 1749 casus
288 1708 491 1763 feramus,
536 1723 642 1762 quos
684 1710 801 1750 nullo
846 1710 1023 1751 consilio
1066 1710 1200 1750 vitare
1243 1710 1466 1763 possimus,

124 1766 369 1820 eventisque
406 1767 586 1808 aliorum
616 1768 821 1808 memoria
851 1768 1090 1822 repetendis
1126 1768 1237 1808 nihil
1268 1768 1466 1808 accidisse

124 1826 224 1866 novi
255 1825 379 1865 nobis
411 1825 656 1880 cogitemus.

211 1882 361 1937 Neque
392 1883 471 1924 hae
502 1898 637 1937 neque
669 1886 830 1924 ceterae
861 1884 1188 1938 consolationes,
1229 1898 1336 1938 quae
1368 1885 1467 1923 sunt

125 1957 149 1983 a
186 1942 508 1996 sapientissimis
545 1942 647 1982 viris
690 1944 914 1996 usurpatae
956 1942 1269 1996 memoriaeque
1311 1941 1467 1982 litteris

124 2001 335 2055 proditae,
375 2003 542 2041 tantum
578 2000 777 2041 videntur
812 2002 1016 2054 proficere
1055 2001 1222 2054 debere,
1261 2002 1467 2053 quantum

125 2062 259 2100 status
294 2060 385 2114 ipse
422 2062 591 2100 nostrae
630 2058 813 2099 civitatis
851 2061 892 2099 et
928 2059 1032 2100 haec
1067 2059 1332 2112 perturbatio
1364 2061 1467 2099 tem—

124 2133 276 2172 porum
318 2118 599 2173 perditorum,
644 2131 738 2158 cum
782 2117 1016 2158 beatissimi
1054 2118 1155 2171 sint,
1200 2117 1273 2171 qui
1308 2117 1467 2157 liberos

124 2191 210 2217 non
241 2179 531 2231 susc-eperunt,
562 2176 703 2217 minus
735 2178 876 2216 autem
906 2176 1067 2230 miseri,
1105 2176 1178 2229 qui
1208 2175 1276 2216 his
1306 2178 1467 2229 tempo-

124 2235 242 2276 ribus
283 2236 537 2289 amiserunt,
581 2250 707 2289 quam
747 2235 782 2275 si
823 2235 991 2275 eosdem
1028 2234 1140 2275 bona
1177 2236 1249 2274 aut
1288 2233 1467 2287 denique

125 2294 265 2348 aliqua
295 2308 340 2335 re
371 2309 410 2348 p.
441 2293 733 2348 perdidissent.
796 2292 955 2342 Quodsi
986 2295 1107 2334 tuum
1138 2295 1180 2333 te
1212 2292 1466 2333 desiderium
1491 2303 1513 2333 4
