1659 2552
612 91 754 126 LIBER
778 91 829 126 III
855 95 885 135 6,
915 95 944 127 7.
1391 92 1444 131 61

108 188 368 244 intellegant,
401 187 575 243 curabo3
608 187 657 228 de
688 189 763 228 tuo
794 187 838 228 in
869 201 936 228 me
967 186 1108 228 animo
1140 185 1298 240 iniquis
1329 200 1447 227 secus

108 246 378 288 existimandi
415 246 570 289 videris
601 261 687 287 non
718 246 826 286 nihil
855 245 938 287 loci
978 246 1150 286 dedisse.
1210 244 1261 286 Id
1293 245 1327 285 si
1359 259 1447 286 cor-

108 306 277 360 rexeris,
307 305 413 346 mihi
445 305 565 347 valde
597 308 766 361 gratum
798 304 888 345 erit.
949 303 1007 345 Et
1044 306 1092 345 ut
1128 303 1283 345 habere
1321 304 1447 344 ratio-

108 379 205 406 nem
243 365 395 419 possis,
437 379 520 419 quo
558 364 651 405 loco
688 378 754 404 me
787 363 900 404 salva
936 363 1029 418 lege
1068 362 1263 404 Cornelia
1300 376 1446 403 conve-

74 436 90 461 5
111 423 220 477 nias,
258 437 336 479 ego
375 423 419 463 in
456 423 717 477 provinciam
749 422 844 463 veni
880 422 1016 476 pridie
1053 421 1103 462 K.
1137 421 1334 475 Sextiles,
1366 422 1447 462 iter

109 482 154 522 in
195 481 386 522 Ciliciam
430 482 538 523 facio
581 496 656 536 per
694 480 1017 535 Cappadociam,
1062 483 1198 521 castra
1236 480 1351 521 movi
1392 479 1444 520 ab

108 540 253 582 Iconio
290 540 426 595 pridie
462 540 513 581 K.
547 539 825 594 Septembres.
885 539 1011 581 Nunc
1046 541 1093 580 tu
1131 542 1172 580 et
1211 554 1262 580 ex
1299 538 1447 579 diebus

111 601 152 640 et
190 614 241 640 ex
278 599 440 640 ratione
477 599 659 653 itineris,
698 599 732 639 si
769 598 938 652 putabis
975 612 1042 639 me
1080 612 1168 639 esse
1200 598 1447 639 convenien-

111 658 222 712 dum,
255 657 495 713 constitues,
528 672 611 712 quo
642 658 736 698 loco
768 657 811 697 id
836 657 1172 698 commodissime
1197 657 1289 698 fieri
1313 656 1447 711 possit

59 730 91 754 ιο
111 719 153 757 et
185 730 268 771 quo
303 717 380 758 die.

731 820 824 862 VH.

275 902 348 937 Ser.
382 902 583 937 Laodiceae
615 902 757 936 οιῗνσίύεν
786 902 843 936 Id.
879 902 986 936 Febr.
1020 913 1052 936 α.
1088 904 1157 936 794
1191 903 1280 945 (50).

416 983 583 1018 CICERO
612 983 646 1019 S.
670 983 713 1018 D.
740 983 881 1017 APPIO
907 983 1140 1018 PULCHRO.

199 1068 400 1110 Pluribus
431 1067 572 1109 verbis
604 1067 657 1108 ad
686 1070 728 1108 te
761 1067 958 1121 scribam,
992 1081 1086 1107 cum
1117 1067 1212 1121 plus
1246 1068 1322 1108 otii
1354 1081 1447 1108 nac-

59 1139 92 1165 15
112 1131 180 1169 tus
212 1142 301 1183 ero,
336 1127 440 1168 haec
476 1126 623 1180 scripsi
661 1126 820 1180 subito,
859 1140 953 1167 011111
985 1125 1108 1166 Bruti
1145 1127 1265 1180 pueri
1296 1126 1448 1166 Laudi-

113 1201 207 1227 ceae
231 1201 298 1228 me
325 1185 616 1228 convenissent
642 1187 683 1226 et
709 1199 750 1226 se
776 1184 956 1226 Romam
980 1199 1206 1238 properare
1233 1185 1446 1225 dixissent.

111 1244 260 1300 Itaque
290 1245 427 1286 nullas
458 1244 510 1285 iis
537 1246 832 1298 praeterquam
858 1244 911 1284 ad
934 1246 976 1284 te
1002 1246 1044 1284 et
1069 1243 1121 1283 ad
1145 1243 1326 1284 Brutum
1354 1243 1447 1284 dedi

112 1304 286 1345 litteras.

199 1362 349 1418 Legati
379 1360 565 1416 Appiani
601 1361 707 1402 mihi
744 1361 942 1402 volumen
974 1376 997 1402 a
1028 1363 1069 1402 te
1100 1361 1272 1415 plenum
1304 1375 1447 1414 quere-

60 1432 94 1458 20
112 1421 177 1462 lae
195 1421 483 1475 iniquissimae
503 1420 785 1475 reddiderunt,
817 1420 930 1474 quod
950 1435 1095 1461 eorum
1116 1420 1449 1461 aedificationem

113 1480 268 1520 litteris
303 1479 408 1520 meis
444 1479 723 1533 impedissem.
791 1478 951 1519 Eadem
988 1481 1128 1519 autem
1166 1478 1344 1533 epistola
1380 1493 1450 1532 pe-

114 1538 244 1592 tebaS,
275 1541 322 1579 ut
354 1552 424 1579 eos
456 1553 581 1592 quam
612 1538 808 1591 primum,
839 1552 891 1578 ne
922 1538 967 1578 in
997 1537 1179 1578 hiemem
1205 1537 1449 1591 inciderent,

115 1597 168 1637 ad
197 1597 441 1637 facultatem
472 1596 717 1637 aedificandi
748 1596 991 1650 liberarem,
1024 1598 1065 1636 et
1097 1596 1223 1636 simul
1252 1598 1448 1660 peracute

116 1655 364 1709 querebare,
408 1655 522 1709 quod
564 1669 634 1695 eos
677 1655 839 1695 tributa
879 1655 1046 1710 exigere
1082 1657 1288 1720 vetarem,
1331 1654 1449 1708 prius

64 1724 97 1750 25
117 1728 244 1767 quam
275 1727 352 1768 ego
390 1728 434 1754 re
467 1713 635 1768 cognita
671 1714 971 1768 permisissem3
1011 1727 1144 1769 genus
1176 1713 1288 1754 enim
1320 1713 1449 1767 quod-

118 1773 213 1812 dam
244 1772 372 1812 fuisse
403 1771 674 1825 impediendi,
717 1786 811 1812 cum
849 1786 926 1828 ego
966 1785 1216 1827 cognoscere
1246 1786 1332 1812 non
1357 1785 1450 1824 2705-

115 1844 215 1885 Sem,
255 1830 337 1870 nisi
378 1844 472 1870 cum
510 1830 562 1870 ad
596 1829 779 1870 hiemem
814 1845 881 1871 me
919 1844 970 1871 ex
1003 1829 1149 1870 Cilicia
1188 1830 1448 1883 recepissem.

116 1888 185 1930 Ad
225 1889 365 1930 omnia
409 1888 548 1942 accipe
586 1890 628 1928 et
668 1902 870 1943 cognosce
914 1889 1169 1942 aequitatem
1213 1888 1448 1942 expostula-

117 1948 246 1989 tionis
277 1950 384 1988 tuae.
445 1945 648 2000 Primum,
680 1960 774 1986 011111
806 1947 858 1986 ad
887 1961 954 1987 me
987 1947 1147 1987 aditum
1173 1949 1280 1987 esset
1306 1946 1357 1986 ab
1384 1946 1448 1999 iis,

65 2017 99 2042 30
119 2006 192 2060 qui
225 2006 410 2047 dicerent
441 2020 465 2045 a
497 2019 538 2046 se
569 2004 853 2045 intolerabilia
883 2005 1045 2045 tributa
1076 2005 1206 2060 exigi,
1247 2005 1349 2057 quid
1379 2004 1450 2044 ha-

117 2064 212 2105 buit
249 2064 486 2119 iniquitatis
522 2078 589 2104 me
627 2063 824 2116 scribere,
865 2077 917 2103 ne
956 2064 1157 2116 facerent,
1196 2065 1290 2103 ante
1323 2077 1449 2116 quam

118 2137 196 2178 ego
234 2138 323 2163 rem
355 2136 604 2176 causamque
637 2122 911 2177 cognossem?
950 2120 1049 2162 Non
1079 2123 1282 2175 poteram,
1315 2121 1449 2176 credo,

117 2184 213 2222 ante
244 2181 443 2236 hiemem3
476 2181 534 2221 310
566 2181 678 2221 0111111
710 2180 868 2220 scribis
925 2179 1052 2229 Quasi
1083 2194 1182 2221 vero
1215 2179 1266 2219 ad
1298 2194 1450 2235 cogno-

118 2239 316 2280 scendum
347 2254 424 2295 ego
457 2239 509 2280 ad
539 2239 646 2292 illos,
677 2253 762 2280 non
793 2238 855 2278 illi
882 2238 934 2278 ad
958 2253 1024 2279 me
1050 2238 1191 2279 venire
1217 2238 1448 2279 debuerint.

66 2309 99 2334 35
119 2297 254 2339 ‘Tam
285 2298 490 2354 longe‘?’
523 2298 673 2352 inquis.
736 2297 876 2346 Quid‘?
909 2311 1002 2337 cum
1035 2296 1161 2337 dabas
1193 2297 1244 2337 iis
1274 2296 1449 2353 litteras,

1473 1372 1493 1402 N>
