1659 2552
564 89 706 123 LIBER
730 89 815 123 XIV
842 93 878 133 2,
907 93 939 124 3.
1345 87 1434 128 427

91 185 281 226 tudinem
307 185 432 226 istam
458 185 682 239 infirmam,
708 185 743 225 si
769 199 836 225 me
862 198 988 239 amaS,
1013 183 1103 224 noli
1124 198 1285 225 vexare.
1324 182 1436 225 Nam

90 244 197 284 mihi
229 246 325 285 ante
358 243 501 284 oculos
534 243 621 284 dies
652 246 881 298 noctesque
912 243 1110 297 versaris3
1153 243 1290 283 omnis
1322 242 1437 283 labo-

92 317 157 343 res
189 305 230 344 te
263 302 453 357 excipere
485 303 626 357 video3
658 303 807 356 timeo,
839 304 886 343 ut
918 302 1135 343 sustineas.
1199 300 1282 342 Sed
1314 301 1436 341 video

93 361 136 402 in
167 363 209 402 te
241 376 329 402 esse
362 361 514 402 omnia.
576 360 725 415 Quare,
757 364 806 402 ut
837 361 896 415 id,
929 361 1044 415 quod
1075 375 1216 415 speras
1249 363 1291 401 et
1323 360 1438 414 quod

56 420 200 475 5agis,
245 435 571 474 consequamur,
615 420 725 461 servi
769 420 1012 461 valetudini.
1074 419 1190 475 Ego,
1235 419 1287 459 ad
1332 433 1438 473 quos

94 479 293 533 scribam,
325 480 485 532 nescio,
517 479 599 519 nisi
631 479 684 519 ad
715 493 804 533 eos,
837 479 909 533 qui
942 479 994 519 ad
1025 493 1092 519 me
1124 478 1332 531 scribunt,
1366 480 1438 518 aut

93 538 145 579 ad
177 552 264 592 eos,
304 538 352 578 de
392 538 545 592 quibus
584 538 636 578 ad
667 552 734 578 me
766 552 842 578 vos
879 537 1041 591 aliquid
1071 537 1269 578 scribitis.
1330 536 1439 577 Lon-

92 597 199 652 gius,
226 596 427 650 quoniam
447 597 507 637 ita
526 597 648 637 vobis
667 597 817 650 placet,
843 611 929 651 non
950 596 1180 651 discedam3
1213 595 1286 636 sed
1310 595 1439 636 velim

94 670 220 709 quam
259 656 502 709 saepissime
539 656 704 696 litteras
741 655 940 709 mittatis,
981 655 1231 709 praesertim
1269 654 1304 695 si
1337 654 1440 708 quid

41 728 74 751 10
93 717 155 755 est
196 714 380 767 firmius,
422 714 537 768 quod
577 728 803 768 speremus
875 713 1046 767 Valete,
1087 727 1180 754 mea
1222 713 1439 767 desideria,

94 773 240 814 valete.
302 772 352 813 D.
380 788 413 814 a.
442 773 477 813 d.
510 785 561 813 ΙΙΙ
591 772 701 815 Non.
735 771 825 813 Oct.
858 772 1167 814 Thessalonica.

727 882 803 925 III.

336 964 410 999 Scr.
439 964 650 1009 Dyrrhachi
669 975 729 1009 pr.
757 964 805 999 K.
832 964 919 1000 Dec.
946 977 980 999 α.
1009 967 1083 999 696
1110 966 1203 1008 (58).

166 1046 366 1081 TULLIUS
400 1046 433 1081 S.
460 1045 503 1081 D.
531 1046 807 1080 TERENTIAE
841 1045 963 1081 SUAE
990 1045 1051 1079 ET
1078 1045 1283 1080 TULLIAE
1311 1045 1372 1079 ET

43 1108 76 1133 15
650 1104 884 1139 CICERONI.

183 1181 340 1237 Accepi
379 1182 430 1223 ab
469 1181 726 1223 Aristocrito
764 1182 842 1223 tris
880 1182 1099 1236 epistolas,
1138 1196 1242 1236 quas
1274 1196 1352 1237 ego
1385 1181 1442 1222 la-

97 1242 239 1283 crimis
269 1255 401 1296 prope
435 1241 586 1295 delevi3
625 1241 827 1282 conficior
858 1242 971 1281 enim
1002 1255 1211 1294 maerore,
1242 1255 1336 1281 mea
1367 1240 1443 1281 Te-

96 1301 249 1355 rentia,
287 1314 363 1341 nec
393 1314 510 1341 meae
541 1315 609 1340 me
640 1300 834 1341 miseriae
866 1299 1003 1355 magis
1041 1300 1284 1340 excruciant
1316 1314 1443 1353 quam

96 1363 193 1401 tuae
229 1362 494 1414 vestraeque,
536 1373 615 1414 ego
655 1361 796 1400 autem
833 1358 914 1399 hoc
950 1358 1147 1399 miserior
1185 1373 1278 1399 sum
1316 1373 1443 1412 quam

44 1431 77 1456 20
97 1421 156 1473 tu,
188 1433 294 1472 quae
326 1432 369 1458 es
400 1418 662 1472 miserruma,
695 1418 809 1471 quod
840 1417 932 1471 ipsa
958 1417 1174 1458 calamitas
1207 1417 1443 1458 communis

98 1480 161 1518 est
179 1477 401 1530 utriusque
420 1479 627 1531 nostrum,
654 1477 727 1517 sed
746 1477 869 1530 culpa
887 1490 981 1517 mea
1000 1476 1174 1530 propria
1193 1478 1266 1516 est.
1298 1475 1443 1516 Meum

98 1536 181 1576 fuit
221 1536 409 1576 officium
446 1535 513 1576 vel
552 1535 765 1590 legatione
796 1535 931 1576 vitare
971 1535 1208 1589 periculum
1245 1534 1314 1575 vel
1352 1534 1444 1574 dili-

99 1594 243 1650 gentia
274 1596 315 1634 et
347 1593 479 1647 copiis
510 1594 704 1634 resistere
729 1593 797 1634 vel
829 1594 974 1634 cadere
1006 1593 1186 1634 fortiter.
1248 1592 1343 1633 Hoc
1367 1593 1443 1633 mi-

100 1653 244 1706 serius,
275 1652 454 1705 turpius,
484 1652 702 1707 indignius
731 1652 857 1692 nobis
887 1651 996 1691 nihil
1027 1652 1120 1692 fuit.
1183 1651 1321 1699 Quare
1348 1665 1442 1691 cum

47 1724 80 1748 25
101 1711 245 1752 dolore
286 1710 486 1750 conficior
528 1713 621 1750 tum
661 1710 788 1751 etiam
828 1710 1006 1763 pudore,
1048 1709 1181 1763 pudet
1224 1710 1337 1750 enim
1376 1724 1444 1749 me

100 1769 223 1810 uxori
267 1783 383 1809 meae
428 1769 630 1822 optimae,
674 1768 934 1809 suavissimis
974 1768 1121 1808 liberis
1158 1764 1362 1808 virtutem
1403 1770 1444 1807 et

101 1827 366 1884 diligentiam
397 1841 483 1867 non
513 1826 784 1880 praestitisse.
838 1825 951 1867 Nam
976 1826 1036 1866 mi
1063 1828 1159 1866 ante
1186 1826 1330 1866 oculos
1357 1825 1444 1866 dies

99 1890 328 1940 noctesque
366 1888 558 1925 versatur
596 1885 767 1938 squalor
803 1887 942 1925 vester
980 1886 1021 1924 et
1057 1898 1224 1924 maeror
1256 1886 1297 1924 et
1329 1884 1444 1924 infir-

100 1947 226 1987 mitas
266 1943 520 1985 valetudinis
560 1946 677 1997 tuae,
722 1957 815 1997 spes
857 1945 997 1983 autem
1039 1942 1187 1983 salutis
1226 1942 1443 1996 pertenuis

48 2017 82 2041 30
103 2004 349 2046 ostenditur.
411 2000 579 2042 Inimici
621 2004 718 2042 sunt
754 2001 898 2055 multi,
938 2001 1073 2041 invidi
1110 2015 1241 2054 paene
1281 2015 1442 2055 omnes3

102 2064 234 2104 eicere
276 2076 353 2102 nos
397 2075 599 2115 magnum
642 2060 743 2114 fuit,
788 2059 1008 2101 excludere
1052 2060 1174 2100 facile
1219 2062 1291 2099 est.
1361 2059 1445 2100 Sed

101 2124 259 2175 tamen,
299 2135 425 2175 quam
458 2119 529 2159 diu
560 2133 635 2159 vos
667 2118 785 2159 eritis
816 2119 860 2159 in
892 2133 982 2172 spe,
1019 2132 1106 2158 non
1145 2118 1353 2172 deficiam,
1392 2132 1444 2158 ne

103 2180 243 2221 omnia
274 2194 367 2220 mea
399 2178 520 2231 culpa
553 2177 749 2217 cecidisse
780 2177 1012 2217 videantur.

188 2238 248 2279 Ut
273 2240 367 2278 tuto
395 2237 485 2289 sim,
513 2236 626 2289 quod
650 2235 829 2290 laboras,
855 2235 899 2275 id
923 2235 1029 2275 mihi
1055 2248 1166 2275 nunc
1192 2234 1443 2275 facillimum

50 2308 82 2333 35
103 2300 182 2351 est,
223 2311 348 2351 quem
381 2296 507 2336 etiam
541 2294 702 2334 inimici
732 2294 882 2334 volunt
913 2293 1053 2334 vivere
1085 2293 1130 2333 in
1161 2293 1290 2333 tantis
1323 2294 1445 2334 mise-

1471 1662 1490 1691 N)
