1659 2552
106 1160 126 1189 ῑθ

152 114 208 154 94
652 113 990 148 EPISTULARUM

797 254 911 296 VHI.

411 336 486 371 Ser.
519 337 656 371 Romae
689 337 736 370 in.
771 347 815 370 m.
849 335 943 370 Seaet.
977 347 1010 369 α.
1045 336 1118 368 708
1146 336 1236 378 (46).

453 418 501 454 Μ
529 418 697 453 CICERO
726 418 758 452 S.
785 417 828 452 D
855 417 903 452 M.
930 414 1199 451 MARCELLO

238 501 388 556 Neque
427 516 599 543 monere
639 505 681 542 te
713 501 866 566 audeo,
906 500 1139 565 praestanti
1178 499 1406 554 prudentia
1435 500 1495 542 vi-

151 575 257 614 rum,
282 576 358 601 nec
384 562 644 614 confirmare
676 560 851 600 maximi
876 558 1007 600 animi
1031 558 1247 600 hominem
1280 573 1495 624 unumque
1532 572 1549 598 5

150 620 443 674 fortissimum,
477 619 684 660 consolari
717 633 816 659 vero
848 618 965 658 nullo
997 617 1135 658 modo.
1196 617 1327 672 Nam,
1368 618 1404 659 si
1436 633 1495 672 ea,

151 693 257 733 quae
295 679 556 732 acciderunt„
598 678 658 718 ita
694 678 799 731 fers,
839 679 887 717 ut
928 676 1074 731 audio,
1114 676 1322 732 gratulari
1358 652 1496 733 magis²

149 737 301 778 virtuti
342 737 473 778 debeo
515 751 641 791 quam
682 736 892 777 consolari
933 735 1122 776 dolorem
1162 738 1304 790 tuum,
1348 735 1414 776 sin
1453 738 1496 777 te

150 798 270 836 tanta
305 796 416 836 mala
453 795 514 836 rei
552 794 747 850 publicae
779 795 993 850 frangunt,
1025 808 1110 835 non
1142 794 1202 834 ita
1234 794 1402 835 abundo
1435 794 1495 835 in-

150 855 289 910 genio,
320 857 367 895 ut
398 857 440 895 te
472 854 674 907 consoler,
707 868 802 895 cum
833 853 922 908 ipse
953 867 1021 894 me
1051 866 1137 893 non
1167 853 1338 907 possim.
1383 852 1495 894 Reli·
1517 867 1549 891 ιο

152 928 282 967 quum
308 916 370 954 est
396 913 540 968 igitur,
571 915 619 953 ut
644 912 725 953 tibi
751 926 818 953 me
850 913 894 953 in
926 911 1042 953 omni
1073 926 1118 952 re
1144 925 1240 952 eum
1270 911 1495 966 praebeam

150 974 444 1026 praestemque
487 974 528 1012 et
572 972 626 1012 ad
665 971 823 1026 omnia,
869 985 975 1025 quae
1015 970 1079 1011 tui
1119 970 1269 1024 velint,
1313 970 1374 1011 ita.
1414 970 1495 1011 sim

152 1033 339 1085 praesto,
383 1033 430 1071 ut
467 1044 535 1071 me
572 1045 658 1072 non
699 1030 836 1071 solum
878 1029 1020 1071 omnia
1058 1029 1210 1070 debere
1247 1031 1321 1070 tua
1360 1043 1495 1083 causa,
1625 1054 1628 1077 ,
1658 1063 1659 1085 3

151 1089 223 1130 sed
267 1102 384 1142 posse
427 1103 615 1143 quoque,
665 1089 794 1130 etiam
841 1103 946 1143 quae
989 1102 1075 1129 non
1117 1087 1294 1142 possim,
1338 1090 1494 1142 putem.
1626 1080 1659 1149 ἴῃ

152 1147 264 1188 Illud
302 1151 445 1189 tamen
484 1148 552 1189 vel
590 1150 639 1188 tu
677 1162 745 1189 me
784 1147 998 1189 monuisse
1037 1146 1106 1188 vel
1143 1146 1351 1188 censuisse
1393 1149 1497 1201 puta
1515 1159 1549 1184 15

151 1207 218 1248 vel
265 1210 440 1261 propter
488 1206 827 1248 benevolentiam
876 1209 1014 1247 tacere
1057 1219 1143 1246 non
1184 1205 1393 1260 potuisse,
1436 1207 1496 1260 ut,
1631 1239 1635 1260 .·

152 1266 266 1320 quod
297 1280 375 1321 ego
407 1265 528 1319 facio,
559 1268 607 1306 tu
640 1280 807 1320 quoque
839 1265 1028 1305 animum
1059 1264 1243 1318 inducas,
1275 1264 1311 1304 si
1342 1264 1398 1305 sit
1423 1264 1496 1304 ali·
1629 1270 1636 1334 ’ἱ

153 1339 235 1378 qua
266 1338 332 1364 res
362 1324 550 1378 publica,
590 1324 634 1364 in
666 1338 714 1364 ea
743 1327 786 1364 te
818 1338 906 1364 esse
939 1325 1134 1378 oportere
1172 1322 1329 1363 iudicio
1360 1322 1495 1363 homi-

151 1397 254 1423 num
292 1396 419 1436 reque
456 1382 709 1436 principem,
750 1382 998 1423 necessitate
1036 1381 1253 1422 cedentem
1294 1381 1495 1435 tempori3

153 1441 217 1481 sin
244 1443 384 1481 autem
409 1441 526 1481 nulla
552 1441 618 1494 sit,
649 1440 762 1481 hunc
786 1443 928 1481 tamen
954 1440 1220 1494 aptissimum
1247 1453 1334 1480 esse
1367 1439 1495 1480 etiam
1515 1453 1549 1478 20

152 1500 204 1540 ad
241 1499 496 1540 exulandum
535 1499 686 1540 locum.
750 1498 795 1540 Si
833 1499 945 1539 enim
983 1499 1225 1539 libertatem
1267 1498 1495 1552 sequimur,

153 1558 224 1612 qui
256 1558 374 1598 locus
404 1557 485 1598 hoc
517 1558 735 1598 dominatu
767 1559 917 1598 vacat?
959 1557 1023 1598 sin
1055 1557 1404 1611 qualemcumque
1435 1557 1495 1598 lo-

153 1632 264 1670 cum,
304 1630 409 1670 quae
449 1618 511 1657 est
549 1616 779 1657 domestica
810 1616 905 1657 sede
943 1616 1194 1657 iucundior?
1257 1614 1356 1669 Sed,
1387 1615 1495 1657 mihi

153 1676 290 1729 crede,
332 1675 460 1716 etiam
497 1674 550 1729 is,
589 1675 661 1729 qui
695 1675 835 1716 omnia
866 1678 999 1729 tenet,
1038 1675 1152 1715 favet
1184 1674 1384 1730 ingeniis,
1421 1688 1494 1716 no-

152 1734 363 1774 bilitatem
406 1748 506 1774 vero
551 1736 593 1774 et
637 1733 865 1789 dignitates
913 1733 1156 1787 hominum,
1207 1735 1412 1787 quantum
1456 1733 1494 1774 ei
1514 1745 1548 1771 25

152 1807 218 1834 res
257 1795 298 1833 et
335 1792 468 1846 ipsius
507 1806 630 1833 causa
661 1792 873 1846 coneedit,
905 1792 1185 1847 amplectitur.
1248 1790 1331 1833 Sed
1361 1791 1494 1846 plura,

153 1866 278 1906 quam
305 1853 544 1891 statueram.
601 1850 743 1892 Redeo
770 1866 871 1906 ergo
898 1852 950 1891 ad
975 1865 1106 1892 unum
1133 1850 1249 1905 illud,
1280 1864 1348 1891 me
1373 1854 1494 1890 tuum

153 1925 258 1965 esse,
296 1910 387 1950 fore
419 1923 514 1950 cum
546 1910 648 1963 tuis,
680 1910 716 1950 si
746 1910 874 1951 modo
909 1912 1033 1950 erunt
1063 1909 1139 1964 tui,
1171 1909 1206 1950 si
1237 1909 1395 1963 minus,
1426 1922 1494 1950 me

153 1971 264 2010 certe
289 1968 332 2009 in
360 1968 556 2009 omnibus
588 1968 714 2009 rebus
746 1969 847 2010 satis
872 1972 1042 2009 nostrae
1069 1966 1356 2009 coniunctioni
1382 1981 1495 2008 amo-

153 2028 272 2082 rique
304 2027 526 2068 facturum.
588 2026 706 2069 Vale.
1513 2039 1547 2064 30
