1659 2552
364 81 429 115 AD
457 80 616 123 QUINT.
641 81 812 117 FRATR.
839 81 982 115 LIBER
1006 82 1040 116 Π
1066 85 1098 125 3,
1126 85 1157 116 4.
1344 81 1429 121 525

87 177 257 231 quidem
289 179 380 230 tua,
423 176 481 217 mi
524 177 670 230 frater,
714 177 955 231 prudentia,
999 177 1222 232 patientia,
1260 178 1430 231 virtute,

86 236 260 290 pietate,
305 236 512 277 suavitate
556 236 683 277 etiam
726 235 806 276 tibi
850 236 1040 290 mihique
1082 238 1180 276 sunt
1221 236 1429 277 restituta.

86 295 250 336 Domus
281 295 361 335 tibi
399 294 452 335 ad
488 294 631 335 lucum
662 294 829 335 Pisonis
859 294 1079 335 Liciniana
1111 295 1318 336 conducta
1350 298 1430 350 est,

87 353 179 408 sed,
221 356 267 394 ut
306 368 449 408 spero,
489 354 634 407 paucis
670 353 887 394 mensibus
924 356 1021 408 post
1058 353 1108 394 K.
1143 353 1354 402 Quintiles
1385 354 1430 394 in

51 424 67 449 3
87 415 204 453 tuam
245 412 556 468 commigrabis.
618 411 752 453 Tuam
793 413 837 453 in
876 411 1040 453 Carinis
1081 413 1228 453 mundi
1266 412 1430 453 habita-

86 474 201 512 tores
225 471 396 512 Lamiae
423 471 724 512 conduxerunt.
786 470 826 512 A
851 474 892 512 te
918 474 1015 526 post
1042 471 1159 512 illam
1187 470 1430 512 Olbiensem

88 530 310 584 epistolam
351 530 488 570 nullas
528 530 692 571 litteras
732 530 882 584 accepi.
947 530 1058 579 Quid
1094 545 1194 586 agas
1232 532 1273 571 et
1310 532 1358 571 ut
1388 533 1430 571 te

89 589 284 643 oblectes,
317 589 422 629 scire
449 589 572 643 cupio
598 589 863 643 maximeque
895 592 936 630 te
969 590 1109 643 ipsum
1134 589 1276 630 videre
1303 603 1430 643 quam

86 647 283 702 primum.
348 647 477 702 Cura,
522 647 581 688 mi
622 648 772 702 frater,
816 650 862 688 ut
885 648 1033 689 'valeas
1071 650 1129 703 et,
1175 663 1431 702 quamquam

36 721 68 743 10
89 709 151 747 est
181 706 364 761 hiemps,
403 709 545 747 tamen
578 705 817 747 Sardiniam
855 707 981 747 istam
1014 721 1102 748 esse
1135 707 1306 762 cogites.
1368 719 1431 747 XV

88 765 139 807 K.
171 764 357 806 Martias.

721 870 795 914 IV.

346 951 419 986 Sor.
446 951 582 986 Romae
607 963 722 987 mense
750 953 892 987 λίαν-110
917 963 950 986 α.
979 954 1052 986 698
1080 954 1171 995 (56).

325 1033 518 1068 MARCUS
545 1033 724 1075 QUINTO
757 1033 935 1068 FRATRI
961 1033 1195 1068 SALUTEM.

37 1132 70 1156 11>
181 1117 342 1158 Sestius
379 1119 522 1158 noster
562 1118 780 1159 absolutus
818 1120 880 1159 est
918 1133 950 1158 a.
985 1117 1021 1158 d.
1053 1130 1083 1158 V
1120 1116 1220 1157 Idus
1257 1116 1433 1157 Martias
1461 1130 1477 1159 1

92 1179 144 1231 et,
177 1176 291 1242 quod
320 1176 591 1217 vehementer
621 1177 816 1218 interfuit
847 1176 907 1217 rei
938 1176 1150 1230 publicae,
1182 1175 1343 1216 nullam
1374 1175 1434 1215 vi·

92 1236 180 1276 deri
218 1235 262 1275 in
300 1235 388 1276 eius
425 1235 541 1276 modi
579 1250 702 1276 causa
741 1235 1044 1276 dissensionem
1085 1249 1194 1289 esse,
1237 1234 1434 1275 omnibus

92 1294 312 1335 sententiis
344 1294 563 1335 absolutus
595 1297 667 1335 est.
728 1293 857 1348 Illud,
900 1294 1013 1348 quod
1043 1293 1124 1334 tibi
1157 1307 1279 1334 curae
1312 1307 1434 1347 saepe

92 1367 180 1394 esse
211 1353 513 1403 intellexeram,
545 1368 596 1394 ne
630 1354 696 1394 cui
728 1353 874 1407 iniquo
907 1353 1240 1406 relinqueremus
1272 1352 1434 1405 vitupe—

39 1425 72 1449 20
92 1412 212 1452 randi
242 1412 400 1466 locum,
439 1412 511 1466 qui
542 1426 619 1453 nos
652 1413 842 1467 ingratos
874 1426 962 1452 esse
995 1412 1171 1465 diceret,
1202 1411 1286 1451 nisi
1318 1411 1433 1451 iuius

91 1471 410 1524 perversitatem
443 1471 695 1524 quibusdam
733 1471 777 1511 in
814 1470 940 1512 rebus
972 1485 1099 1524 quam
1129 1469 1433 1510 humanissime

92 1530 314 1583 ferremus,
352 1529 457 1569 scito
488 1530 570 1570 hoc
600 1544 676 1570 nos
708 1530 753 1570 in
784 1544 832 1570 eo
865 1529 1022 1570 iudicio
1056 1531 1302 1570 consecutos
1333 1543 1434 1582 esse,

93 1590 140 1628 ut
181 1588 370 1644 omnium
413 1588 644 1643 gratissimi
687 1589 990 1643 iudjca1·emur;
1032 1603 1131 1628 nam
1172 1587 1433 1628 defendendo

93 1660 262 1687 moroso
287 1646 452 1686 homini
478 1647 807 1687 cumulatissime
834 1647 935 1687 satis
966 1647 1141 1687 fecimus
1168 1649 1219 1699 et,
1252 1646 1295 1686 id
1321 1645 1435 1699 quod

42 1717 74 1742 25
94 1705 165 1745 ille
202 1705 384 1745 maxime
422 1705 635 1759 cupiebat,
672 1705 914 1758 Vatinium,
955 1719 979 1745 a
1017 1719 1100 1758 quo
1131 1704 1272 1758 palam
1305 1718 1435 1757 oppu-

94 1763 321 1819 gnabatur,
363 1763 571 1804 arbitratu
608 1766 754 1804 nostro
787 1763 1046 1804 concidimus
1079 1762 1142 1802 dis
1172 1762 1435 1803 hominibus-

95 1836 175 1876 que
218 1821 528 1876 plaudentibus.
600 1822 711 1870 Quin
757 1822 884 1862 etiam
928 1821 1084 1861 Paulus
1128 1823 1295 1874 noster,
1339 1835 1434 1861 cum

94 1880 215 1922 testis
240 1880 471 1935 productus
497 1883 604 1921 esset
630 1881 674 1921 in
696 1880 891 1933 Sestium,
925 1880 1190 1920 confirmavit
1211 1894 1253 1920 se
1279 1894 1434 1919 nomen

95 1938 243 1979 Vatini
285 1939 541 1992 delaturum,
586 1939 620 1979 si
657 1939 798 1980 Macer
837 1939 1024 1979 Licinius
1066 1940 1353 1991 cunctaretur,
1393 1941 1434 1978 et

43 2009 77 2034 30
96 1998 237 2038 Macer
268 1998 320 2038 ab
354 1996 462 2037 Sesti
495 1997 705 2038 subselliis
737 1998 920 2038 surrexit
951 2012 998 2038 ac
1030 2011 1072 2038 se
1107 1997 1170 2037 illi
1201 2011 1287 2038 non
1320 1997 1434 2037 defu-

96 2059 240 2097 turum
272 2056 521 2097 adfirmavit.
584 2056 695 2105 Quid
739 2057 932 2110 quaeris?
981 2056 1109 2096 homo
1153 2056 1348 2110 petulans
1393 2057 1434 2096 et

96 2115 232 2155 audax
265 2114 500 2169 [Vatinius]
534 2115 653 2155 valde
688 2115 960 2169 perturbatus
993 2114 1320 2168 debilitatusque
1354 2113 1434 2154 dis-

98 2174 231 2214 cessit.
294 2173 474 2222 Quintus
508 2173 657 2227 [filius]
697 2177 815 2228 tuus,
851 2188 957 2227 puer
995 2173 1180 2227 optimus
1191 2206 1200 2226 ,
1242 2172 1435 2213 eruditur
1461 2185 1479 2213 -2

10 2267 11 2270 ,
98 2232 276 2287 egregie.
337 2231 431 2272 Hoc
462 2246 572 2272 nunc
606 2233 742 2287 magis
773 2233 961 2273 animum
992 2232 1177 2285 adverto,
1209 2231 1323 2284 quod
1353 2230 1434 2284 Ty-

11 2308 13 2312 ·
46 2300 78 2326 35
98 2291 245 2331 rannio
272 2290 391 2331 docet
418 2290 529 2344 apud
554 2305 630 2331 me.
672 2290 834 2331 Domus
860 2290 1079 2344 utriusque
1105 2292 1299 2330 nostrum
1325 2289 1434 2330 aedi-

175 2425 193 2435 s
