1659 2552
571 76 715 111 LIBER
742 77 808 111 XV
835 81 983 112 19—-21,
1364 78 1449 119 467

724 217 835 260 ΧΧΙ.

187 299 261 335 Ser.
288 299 424 335 Romae
449 304 513 334 (ιιιύ
538 311 590 335 ex.
618 311 702 334 amz.
731 301 804 335 '708
831 302 909 343 (46)
937 303 1001 334 aut
1026 300 1075 334 in.
1110 312 1142 334 α.
1174 303 1245 335 709
1276 303 1365 344 (45).

421 381 468 416 M.
498 380 664 415 CICERO
694 381 726 415 S.
752 381 795 416 D.
823 380 859 415 C.
887 380 1141 416 TREBONIO.

199 464 257 506 Et
288 465 511 519 epistulam
542 467 659 505 tuam
690 465 775 520 legi
815 465 1011 506 lubenter
1042 468 1083 506 et
1115 465 1274 506 librum
1305 465 1450 506 luben-

76 536 91 560 ῡ
112 523 292 577 tissime,
331 524 403 564 sed
439 526 579 565 tamen
618 524 661 564 in
693 538 740 564 ea
771 523 989 577 voluptate
1019 524 1132 564 hunc
1164 524 1304 579 accepi
1337 524 1450 565 dolo-

112 597 212 636 rem,
244 582 368 636 quod,
400 596 494 623 cum
526 582 779 623 incendisses
806 582 1080 636 cupiditatem
1111 597 1248 623 meam
1280 597 1450 624 consue-

111 641 271 682 tudinis
291 641 504 696 augendae
530 643 699 682 nostrae
725 639 841 696 (nam
862 639 914 681 ad
939 656 1125 682 amorem
1146 642 1315 695 quidem
1341 642 1451 682 nihil

110 702 278 754 poterat
316 698 545 754 accedere),
584 702 675 740 tum
714 699 891 740 discedis
929 715 952 740 a
988 700 1112 740 nobis
1148 715 1298 754 meque
1330 703 1450 741 tanto

113 758 320 799 desiderio
362 758 525 812 adficis,
566 761 614 799 ut
650 772 776 798 unam
813 758 919 798 mihi
958 759 1289 800 consolationem
1326 759 1451 800 relin-

61 830 93 853 10
113 831 233 871 quas,
274 818 364 857 fore
402 819 449 857 ut
486 816 706 870 utriusque
742 819 935 857 nostrum
973 817 1158 858 absentis
1197 817 1451 858 desiderium

113 875 271 916 crebris
297 878 338 916 et
362 875 502 930 longis
523 875 714 929 epistulis
738 875 938 930 leniatur,
970 876 1084 930 quod
1109 890 1187 931 ego
1212 890 1298 917 non
1322 876 1449 917 modo

113 934 162 975 de
200 948 267 974 me
298 934 379 974 tibi
418 934 622 988 spondere
659 948 849 988 possum,
890 934 962 975 sed
1000 935 1049 975 de
1087 937 1127 975 te
1166 935 1293 975 etiam
1324 935 1449 989 mihi,

111 993 272 1033 nullam
310 992 422 1033 enim
459 993 570 1046 apud
606 1007 673 1033 me
711 993 920 1046 reliquisti
959 993 1284 1048 dubitationem,
1323 1008 1450 1047 quan-

111 1054 203 1092 tum
234 1065 301 1091 me
333 1066 504 1092 amares.
566 1050 689 1105 Nam,
721 1054 768 1092 ut
798 1051 871 1091 illa
903 1052 1109 1105 omittam,
1141 1067 1246 1105 quae
1279 1052 1450 1093 civitate

59 1122 91 1145 15
111 1112 218 1150 teste
255 1110 409 1164 fecisti,
451 1124 545 1150 cum
584 1124 749 1150 mecum
789 1110 1033 1151 inimicitias
1074 1110 1450 1165 communicavisti,

113 1182 208 1209 cum
244 1182 312 1209 me
349 1168 618 1209 contionibus
654 1168 739 1208 tuis
772 1168 1013 1223 defendisti,
1051 1183 1145 1210 cum
1178 1172 1375 1223 quaestor
1406 1169 1451 1210 in

111 1241 206 1268 mea
231 1229 356 1280 atque
382 1227 425 1267 in
456 1227 627 1280 publica
653 1241 775 1267 causa
801 1228 1020 1268 consulum
1051 1230 1191 1281 partes
1217 1228 1450 1282 suscepisti,

113 1299 208 1326 cum
248 1286 421 1326 tribuno
462 1285 599 1339 plebis
640 1288 838 1339 quaestor
876 1301 962 1327 non
1000 1286 1200 1340 paruisti,
1245 1287 1311 1326 cui
1352 1289 1451 1327 tuus

111 1344 359 1397 praesertim
386 1344 560 1399 conlega
590 1347 767 1398 pareret,
799 1347 846 1384 ut
876 1344 979 1385 haec
1003 1345 1197 1399 recentia,
1230 1359 1335 1399 quae
1366 1360 1450 1386 me-

60 1415 93 1439 20
112 1402 275 1443 minero
307 1417 482 1457 semper,
515 1402 755 1457 obliviscar,
788 1418 893 1457 quae
924 1406 997 1444 tua
1029 1403 1269 1444 sollicitudo
1303 1403 1352 1444 de
1383 1418 1451 1444 me

113 1461 156 1501 in
188 1461 326 1515 armis,
359 1476 464 1515 quae
494 1461 657 1502 laetitia
688 1462 732 1502 in
763 1462 921 1516 reditu,
945 1476 1051 1515 quae
1077 1476 1187 1516 cura,
1219 1462 1292 1516 qui
1318 1462 1451 1516 dolor,

114 1533 242 1572 quom
274 1520 327 1559 ad
356 1522 398 1560 te
430 1533 552 1560 curae
590 1522 631 1560 et
663 1520 828 1561 dolores
858 1520 942 1561 mei
972 1521 1276 1574 perferrentur,
1316 1520 1451 1561 Brun-

115 1577 269 1617 disium
302 1578 480 1631 denique
512 1581 553 1618 te
585 1579 638 1618 ad
667 1593 734 1619 me
765 1581 990 1619 venturum
1022 1579 1162 1632 fuisse,
1193 1579 1275 1619 nisi
1307 1579 1450 1619 subito

113 1635 157 1675 in
188 1635 438 1689 Hispaniam
469 1636 622 1676 missus
653 1651 762 1677 esses
788 1662 842 1665 —
869 1640 916 1677 ut
946 1637 1049 1677 haec
1079 1638 1213 1693 igitur
1244 1637 1451 1690 omittam,

61 1705 94 1730 25
116 1708 222 1747 quae
247 1694 353 1734 mihi
378 1694 486 1734 tanti
512 1695 770 1735 aestimanda
801 1698 909 1748 sunt,
942 1695 1088 1748 quanti
1113 1695 1245 1735 vitam
1274 1696 1449 1736 aestimo

115 1755 155 1793 et
181 1752 359 1793 salutem
390 1767 538 1806 meam,
569 1752 678 1792 liber
710 1753 799 1806 iste,
832 1767 956 1805 quem
987 1753 1093 1792 mihi
1124 1753 1291 1807 misisti,
1323 1764 1451 1807 quan—

113 1814 202 1851 tam
226 1810 355 1850 habet
381 1810 704 1851 declarationem
730 1811 884 1851 amoris
910 1811 990 1851 tui!
1021 1811 1206 1864 primum
1232 1812 1346 1864 quod
1370 1811 1451 1851 tibi

114 1870 297 1910 facetum
328 1869 506 1922 videtur,
539 1869 740 1922 quicquid
771 1883 849 1923 ego
883 1869 986 1923 dixi,
1025 1869 1139 1922 quod
1170 1869 1242 1909 alii
1273 1870 1451 1910 fortasse

115 1942 200 1968 non
232 1928 351 1980 item3
391 1927 539 1967 deinde
571 1927 684 1980 quod
714 1927 804 1979 illa,
843 1927 929 1968 sive
966 1928 1101 1968 faceta
1132 1930 1229 1968 sunt
1261 1928 1348 1968 sive
1380 1928 1451 1982 sic,

62 1998 96 2022 30
115 1987 223 2026 fiunt
253 1988 450 2026 narrante
489 1987 530 2025 te
561 1985 873 2040 venustissima;
911 1986 1013 2039 quin
1045 1986 1188 2039 etiam,
1227 1989 1451 2040 antequam

116 2045 168 2084 ad
191 2059 258 2085 me
284 2044 488 2096 veniatur,
520 2043 629 2084 risus
655 2044 791 2084 omnis
821 2058 952 2098 paene
978 2044 1249 2085 consumitur.
1291 2043 1450 2093 Quodsi
1476 2078 1487 2087 2

115 2103 159 2142 in
191 2103 243 2143 iis
274 2102 507 2143 scribendis
537 2101 646 2142 nihil
672 2102 786 2142 aliud
816 2102 910 2156 nisi,
943 2103 1056 2156 quod
1079 2117 1245 2143 necesse
1277 2103 1369 2157 filit,
1402 2103 1451 2143 de

115 2175 200 2201 uno
231 2176 298 2201 me
330 2163 417 2201 tam
450 2160 521 2200 diu
548 2160 830 2215 cogitavisseS,
862 2161 1021 2201 ferreus
1053 2175 1196 2214 essem,
1229 2160 1264 2201 si
1294 2163 1336 2202 te
1366 2175 1453 2202 non

117 2233 317 2273 amarem3
355 2233 449 2259 cum
487 2233 586 2259 vero
625 2233 692 2272 ea,
733 2233 837 2272 quae
875 2219 1082 2272 scriptura
1118 2221 1361 2272 persecutus
1399 2234 1453 2274 es,

64 2288 97 2313 35
118 2277 206 2318 sine
238 2292 401 2318 summo
435 2291 576 2317 amore
602 2277 787 2332 cogitare
818 2291 903 2317 non
934 2277 1135 2331 potueris,
1165 2291 1250 2318 non
1281 2292 1454 2332 possum

1165 2346 1234 2378 30*
