1659 2552
137 99 224 140 314
632 101 970 135 EPISTULARUM

137 197 210 236 aut
242 195 286 236 in
316 193 439 236 Italia
470 196 731 250 pereundum
763 210 851 237 esse
883 198 956 237 aut
987 195 1251 250 vincendum,
1284 198 1325 237 et
1357 210 1476 238 orare

138 257 377 309 coeperunt,
410 257 456 296 ut
483 254 735 295 Pollentiam
763 254 843 295 iter
874 255 1069 296 facerent.
1133 253 1238 296 Cum
1271 255 1476 297 sustinere

138 327 209 353 eos
240 328 324 354 non
356 317 514 368 posset,
554 314 595 353 in
627 316 843 367 posterum
877 313 987 354 diem
1019 314 1100 355 iter
1131 328 1253 354 suum
1285 314 1475 356 contulit.

137 370 227 412 Hac
259 387 303 413 re
334 372 440 412 mihi
472 373 666 412 nuntiata
698 372 841 412 statim
869 373 1055 426 quinque
1087 372 1281 413 cohortes
1312 372 1478 414 Pollen-

137 430 241 471 tiam
278 431 475 485 praemisi
514 445 738 484 meumque
780 431 861 471 iter
898 445 946 472 eo
989 431 1160 472 contuli.
1223 431 1340 472 Hora
1381 435 1477 473 ante
1514 444 1531 470 5

136 489 393 543 praesidium
434 504 574 530 meum
616 488 871 530 Pollentiam
914 490 1031 531 venit
1075 505 1202 544 quam
1241 489 1478 532 Trebellius

138 561 232 588 cum
258 548 483 602 equitibus.
536 547 643 588 Sane
671 563 797 602 quam
829 562 922 589 sum
953 549 1142 604 gavisus,
1175 548 1218 589 in
1253 549 1334 591 hoc
1365 550 1476 591 enim

136 606 358 648 victoriam
390 610 494 661 puto
528 607 755 648 consistere
776 632 972 637 ———

731 757 835 799 XIII
850 773 884 800 a.

173 838 247 874 Ser.
278 839 456 874 Cularone
482 840 522 873 in
547 839 802 885 Allobroyibus
826 840 910 874 circ.
943 840 978 874 V
998 839 1056 874 Icl.
1083 839 1169 874 Iun.
1195 851 1228 874 a.
1257 842 1324 874 711
1352 841 1442 884 (43).
1499 856 1532 880 10

138 919 383 955 PLANCL'S
411 920 486 955 ET
516 920 565 955 D.
600 920 817 956 BRUTUS
845 920 1088 957 SENATUI
1114 921 1326 957 POPULO
1355 921 1477 957 PLE-

567 979 660 1024 BIQ
669 979 740 1014 UE
763 979 1046 1015 ROMANAE.

220 1099 263 1104 —
279 1099 321 1103 —
339 1099 381 1103 —
402 1074 446 1114 in
467 1088 584 1128 spem
598 1078 811 1129 venerant,
832 1075 945 1129 quod
964 1089 1100 1129 neque
1113 1074 1258 1116 Planci
1278 1077 1480 1130 quattuor
1513 1076 1516 1079 ’

138 1133 327 1189 legiones
355 1133 551 1174 omnibus
578 1133 664 1174 suis
691 1134 823 1188 copiis
848 1148 969 1188 pares
995 1134 1313 1176 arbitrabantur
1342 1149 1478 1189 neque

138 1206 189 1232 ex
225 1191 350 1233 Italia
387 1195 474 1233 tam
513 1191 705 1233 celeriter
745 1193 975 1233 exercitum
1016 1193 1137 1233 traici
1177 1208 1301 1247 posse
1342 1194 1532 1235 crede-15

137 1250 250 1292 bant.
319 1250 433 1299 Quos
464 1250 545 1304 ipsi
578 1251 714 1292 adhuc
744 1251 845 1292 satis
877 1252 906 1304 ἢ·
937 1251 1192 1307 abroganter
1222 1252 1478 1308 Allobroges

139 1310 436 1363 equitatusque
475 1310 628 1362 omnis,
670 1309 742 1363 qui
784 1324 832 1350 eo
870 1310 1124 1364 praemissus
1162 1314 1251 1351 erat
1282 1325 1306 1351 a
1342 1311 1477 1365 nobis,

138 1368 420 1421 sustinebant,
452 1371 682 1422 nostroque
715 1368 896 1409 adventu
929 1369 1127 1409 sustineri
1159 1369 1324 1410 facilius
1354 1383 1477 1424 posse

138 1426 399 1467 confidimus.
455 1425 624 1480 Tamen,
657 1426 690 1466 si
719 1441 801 1480 quo
828 1427 955 1467 etiam
981 1441 1077 1467 casu
1102 1425 1261 1468 Isaram
1287 1442 1330 1469 se
1355 1428 1478 1469 traie-

139 1485 283 1537 cerint,
315 1499 366 1525 ne
399 1485 513 1538 quod
545 1485 844 1526 detrimentum
876 1486 936 1526 rei
967 1501 1005 1539 p.
1038 1486 1282 1541 iniungant,
1314 1501 1477 1527 summa
1498 1500 1531 1524 20

140 1558 163 1583 a
200 1543 324 1584 nobis
367 1543 536 1583 dabitur
577 1558 713 1598 opera.
775 1543 863 1585 Vos
899 1559 1101 1600 magnum
1143 1545 1330 1586 animum
1372 1546 1478 1600 opti-

138 1616 334 1656 mamque
367 1616 483 1656 spem
516 1602 565 1642 de
607 1617 769 1642 summa
801 1617 845 1643 re
876 1618 914 1657 p.
946 1603 1101 1644 habere
1133 1603 1345 1658 volumus,
1383 1618 1478 1645 cum

139 1663 180 1701 et
217 1675 294 1701 nos
332 1664 373 1701 et
412 1661 619 1702 exercitus
662 1664 829 1702 nostros
869 1662 1074 1717 singulari
1118 1663 1341 1703 concordia
1383 1676 1478 1703 con-

139 1719 307 1759 iunctus
333 1719 384 1759 ad
411 1720 551 1759 omnia
577 1734 653 1773 pro
679 1719 801 1760 vobis
821 1720 997 1761 videatis
1022 1723 1202 1775 paratos.
1235 1720 1317 1762 Sed
1336 1724 1478 1762 tamen

138 1777 247 1818 nihil
284 1778 333 1818 de
372 1777 592 1833 diligentia
629 1779 844 1819 remittere
883 1779 1043 1820 debetis
1083 1779 1262 1834 dareque
1295 1794 1477 1834 operam,
1498 1792 1531 1817 25

139 1840 185 1876 ut
218 1851 344 1890 quam
381 1837 637 1890 paratissimi
676 1840 717 1877 et
755 1837 807 1878 ab
846 1838 1032 1879 exercitu
1064 1838 1321 1892 reliquisque
1352 1838 1477 1879 rebus

138 1909 215 1948 pro
237 1898 375 1936 vestra
401 1895 534 1936 salute
561 1898 707 1937 contra
732 1896 1095 1937 sceleratissimam
1123 1897 1476 1951 conspirationem

137 1953 325 1994 hostium
359 1954 653 2009 confligamus3
685 1955 757 2008 qui
790 1955 959 2009 quidem
992 1970 1060 1996 eas
1092 1956 1244 2010 copias,
1277 1969 1378 2010 quas
1405 1955 1477 1996 dju

138 2012 407 2053 simulatione
446 2014 505 2053 rei
546 2013 740 2067 publicae
779 2014 1099 2069 comparabant,
1139 2014 1280 2055 subito
1319 2013 1371 2055 ad
1406 2028 1476 2068 pa-

138 2071 244 2112 triae
278 2071 513 2127 periculum
545 2075 854 2114 converterunt.
1495 2083 1529 2108 «το
