<?xml version="1.0" encoding="UTF-8"?>
<!DOCTYPE html PUBLIC "-//W3C//DTD XHTML 1.0 Transitional//EN"
    "http://www.w3.org/TR/xhtml1/DTD/xhtml1-transitional.dtd">
<html xmlns="http://www.w3.org/1999/xhtml" xml:lang="en" lang="en">
 <head>
  <title>
</title>
<meta http-equiv="Content-Type" content="text/html;charset=utf-8" />
  <meta name='ocr-system' content='tesseract 3.04.00' />
  <meta name='ocr-capabilities' content='ocr_page ocr_carea ocr_par ocr_line ocrx_word'/>
</head>
<body>
  <div class='ocr_page' id='page_1' title='image "./p1scriptaquaemanse03ciceuoft_0201.png"; bbox 0 0 1659 2552; ppageno 0'>
   <div class='ocr_carea' id='block_1_1' title="bbox 597 117 1467 160">
    <p class='ocr_par' dir='ltr' id='par_1_1' title="bbox 597 117 1467 160">
     <span class='ocr_line' id='line_1_1' title="bbox 597 117 1467 160; baseline 0.001 -8"><span class='ocrx_word' id='word_1_1' title='bbox 597 118 740 152; x_wconf 86' lang='lat' dir='ltr'>LIBER</span> <span class='ocrx_word' id='word_1_2' title='bbox 764 118 814 153; x_wconf 94' lang='lat' dir='ltr'>IV</span> <span class='ocrx_word' id='word_1_3' title='bbox 840 122 989 154; x_wconf 87' lang='lat'><strong>13—15.</strong></span> <span class='ocrx_word' id='word_1_4' title='bbox 1383 117 1467 160; x_wconf 87' lang='lat'>103</span> 
     </span>
    </p>
   </div>
   <div class='ocr_carea' id='block_1_2' title="bbox 75 214 1515 1680">
    <p class='ocr_par' dir='ltr' id='par_1_2' title="bbox 75 214 1515 1680">
     <span class='ocr_line' id='line_1_2' title="bbox 127 214 1468 257; baseline 0 -1"><span class='ocrx_word' id='word_1_5' title='bbox 127 215 414 257; x_wconf 77' lang='lat' dir='ltr'>consulentem</span> <span class='ocrx_word' id='word_1_6' title='bbox 463 214 590 255; x_wconf 86' lang='lat' dir='ltr'>saluti</span> <span class='ocrx_word' id='word_1_7' title='bbox 638 229 736 256; x_wconf 85' lang='lat' dir='ltr'>suae</span> <span class='ocrx_word' id='word_1_8' title='bbox 784 214 999 256; x_wconf 84' lang='lat' dir='ltr'>malebant</span> <span class='ocrx_word' id='word_1_9' title='bbox 1047 214 1227 255; x_wconf 88' lang='lat' dir='ltr'>nimium</span> <span class='ocrx_word' id='word_1_10' title='bbox 1270 215 1468 256; x_wconf 89' lang='lat' dir='ltr'>timidum</span> 
     </span>
     <span class='ocr_line' id='line_1_3' title="bbox 129 273 947 329; baseline -0.001 -14"><span class='ocrx_word' id='word_1_11' title='bbox 129 289 255 329; x_wconf 88' lang='lat' dir='ltr'>quam</span> <span class='ocrx_word' id='word_1_12' title='bbox 287 273 388 314; x_wconf 86' lang='lat' dir='ltr'>satis</span> <span class='ocrx_word' id='word_1_13' title='bbox 420 273 672 328; x_wconf 76' lang='lat' dir='ltr'>prudentem</span> <span class='ocrx_word' id='word_1_14' title='bbox 704 273 947 314; x_wconf 86' lang='lat' dir='ltr'>existimari.</span> 
     </span>
     <span class='ocr_line' id='line_1_4' title="bbox 215 331 1515 388; baseline 0 -15"><span class='ocrx_word' id='word_1_15' title='bbox 215 332 338 382; x_wconf 82' lang='lat' dir='ltr'>Quod</span> <span class='ocrx_word' id='word_1_16' title='bbox 369 335 509 373; x_wconf 82' lang='lat' dir='ltr'>autem</span> <span class='ocrx_word' id='word_1_17' title='bbox 541 332 647 373; x_wconf 91' lang='lat' dir='ltr'>mihi</span> <span class='ocrx_word' id='word_1_18' title='bbox 680 332 729 374; x_wconf 90' lang='lat' dir='ltr'>de</span> <span class='ocrx_word' id='word_1_19' title='bbox 761 346 827 388; x_wconf 91' lang='lat' dir='ltr'>eo,</span> <span class='ocrx_word' id='word_1_20' title='bbox 866 331 980 387; x_wconf 91' lang='lat' dir='ltr'>quod</span> <span class='ocrx_word' id='word_1_21' title='bbox 1010 332 1187 387; x_wconf 88' lang='lat' dir='ltr'>egerim,</span> <span class='ocrx_word' id='word_1_22' title='bbox 1228 332 1468 388; x_wconf 80' lang='lat' dir='ltr'>gratularis,</span> <span class='ocrx_word' id='word_1_23' title='bbox 1494 342 1515 373; x_wconf 90' lang='lat'>3</span> 
     </span>
     <span class='ocr_line' id='line_1_5' title="bbox 126 391 1468 447; baseline -0.001 -14"><span class='ocrx_word' id='word_1_24' title='bbox 126 394 169 433; x_wconf 89' lang='lat' dir='ltr'>te</span> <span class='ocrx_word' id='word_1_25' title='bbox 200 392 260 432; x_wconf 86' lang='lat' dir='ltr'>ita</span> <span class='ocrx_word' id='word_1_26' title='bbox 291 391 398 432; x_wconf 79' lang='lat' dir='ltr'>velle</span> <span class='ocrx_word' id='word_1_27' title='bbox 436 393 550 432; x_wconf 90' lang='lat' dir='ltr'>certo</span> <span class='ocrx_word' id='word_1_28' title='bbox 587 391 692 446; x_wconf 68' lang='lat' dir='ltr'>scio,</span> <span class='ocrx_word' id='word_1_29' title='bbox 735 391 809 432; x_wconf 91' lang='lat' dir='ltr'>sed</span> <span class='ocrx_word' id='word_1_30' title='bbox 845 405 923 447; x_wconf 88' lang='lat' dir='ltr'>ego</span> <span class='ocrx_word' id='word_1_31' title='bbox 961 393 1048 432; x_wconf 76' lang='lat' dir='ltr'>tam</span> <span class='ocrx_word' id='word_1_32' title='bbox 1085 391 1240 432; x_wconf 88' lang='lat' dir='ltr'>misero</span> <span class='ocrx_word' id='word_1_33' title='bbox 1277 394 1468 445; x_wconf 86' lang='lat' dir='ltr'>tempore</span> 
     </span>
     <span class='ocr_line' id='line_1_6' title="bbox 91 450 1468 505; baseline 0 -15"><span class='ocrx_word' id='word_1_34' title='bbox 91 462 108 488; x_wconf 80' lang='lat'><strong>5</strong></span> <span class='ocrx_word' id='word_1_35' title='bbox 128 450 237 491; x_wconf 89' lang='lat' dir='ltr'>nihil</span> <span class='ocrx_word' id='word_1_36' title='bbox 266 450 367 491; x_wconf 84' lang='lat' dir='ltr'>novi</span> <span class='ocrx_word' id='word_1_37' title='bbox 399 450 564 491; x_wconf 90' lang='lat' dir='ltr'>consilii</span> <span class='ocrx_word' id='word_1_38' title='bbox 596 450 814 505; x_wconf 81' lang='lat' dir='ltr'>cepissem,</span> <span class='ocrx_word' id='word_1_39' title='bbox 845 450 928 491; x_wconf 86' lang='lat' dir='ltr'>nisi</span> <span class='ocrx_word' id='word_1_40' title='bbox 959 450 1004 490; x_wconf 89' lang='lat' dir='ltr'>in</span> <span class='ocrx_word' id='word_1_41' title='bbox 1035 450 1174 491; x_wconf 83' lang='lat' dir='ltr'>reditu</span> <span class='ocrx_word' id='word_1_42' title='bbox 1205 464 1300 491; x_wconf 91' lang='lat' dir='ltr'>meo</span> <span class='ocrx_word' id='word_1_43' title='bbox 1331 450 1468 491; x_wconf 86' lang='lat' dir='ltr'>nihilo</span> 
     </span>
     <span class='ocr_line' id='line_1_7' title="bbox 127 508 1469 564; baseline -0.001 -14"><span class='ocrx_word' id='word_1_44' title='bbox 127 509 323 550; x_wconf 90' lang='lat' dir='ltr'>meliores</span> <span class='ocrx_word' id='word_1_45' title='bbox 367 523 432 550; x_wconf 88' lang='lat' dir='ltr'>res</span> <span class='ocrx_word' id='word_1_46' title='bbox 482 508 731 550; x_wconf 85' lang='lat' dir='ltr'>domesticas</span> <span class='ocrx_word' id='word_1_47' title='bbox 775 523 900 564; x_wconf 87' lang='lat' dir='ltr'>quam</span> <span class='ocrx_word' id='word_1_48' title='bbox 943 523 1032 550; x_wconf 87' lang='lat' dir='ltr'>rem</span> <span class='ocrx_word' id='word_1_49' title='bbox 1081 509 1297 563; x_wconf 83' lang='lat' dir='ltr'>publicam</span> <span class='ocrx_word' id='word_1_50' title='bbox 1341 509 1469 550; x_wconf 88' lang='lat' dir='ltr'>offen-</span> 
     </span>
     <span class='ocr_line' id='line_1_8' title="bbox 129 567 1469 622; baseline -0.001 -13"><span class='ocrx_word' id='word_1_51' title='bbox 129 568 292 609; x_wconf 92' lang='lat' dir='ltr'>dissem.</span> <span class='ocrx_word' id='word_1_52' title='bbox 355 567 516 616; x_wconf 85' lang='lat' dir='ltr'>Quibus</span> <span class='ocrx_word' id='word_1_53' title='bbox 555 568 667 608; x_wconf 89' lang='lat' dir='ltr'>enim</span> <span class='ocrx_word' id='word_1_54' title='bbox 706 582 783 622; x_wconf 89' lang='lat' dir='ltr'>pro</span> <span class='ocrx_word' id='word_1_55' title='bbox 820 568 925 609; x_wconf 86' lang='lat' dir='ltr'>meis</span> <span class='ocrx_word' id='word_1_56' title='bbox 962 568 1276 609; x_wconf 83' lang='lat' dir='ltr'>immortalibus</span> <span class='ocrx_word' id='word_1_57' title='bbox 1313 567 1469 608; x_wconf 90' lang='lat' dir='ltr'>benefi-</span> 
     </span>
     <span class='ocr_line' id='line_1_9' title="bbox 128 626 1468 668; baseline -0.001 0"><span class='ocrx_word' id='word_1_58' title='bbox 128 627 202 668; x_wconf 90' lang='lat' dir='ltr'>ciis</span> <span class='ocrx_word' id='word_1_59' title='bbox 241 626 456 668; x_wconf 87' lang='lat' dir='ltr'>carissima</span> <span class='ocrx_word' id='word_1_60' title='bbox 494 641 588 667; x_wconf 87' lang='lat' dir='ltr'>mea</span> <span class='ocrx_word' id='word_1_61' title='bbox 626 626 736 667; x_wconf 82' lang='lat' dir='ltr'>salus</span> <span class='ocrx_word' id='word_1_62' title='bbox 774 629 816 668; x_wconf 87' lang='lat' dir='ltr'>et</span> <span class='ocrx_word' id='word_1_63' title='bbox 846 641 962 668; x_wconf 83' lang='lat' dir='ltr'>meae</span> <span class='ocrx_word' id='word_1_64' title='bbox 999 627 1194 668; x_wconf 82' lang='lat' dir='ltr'>fortunae</span> <span class='ocrx_word' id='word_1_65' title='bbox 1227 641 1314 667; x_wconf 84' lang='lat' dir='ltr'>esse</span> <span class='ocrx_word' id='word_1_66' title='bbox 1347 626 1468 667; x_wconf 88' lang='lat' dir='ltr'>debe-</span> 
     </span>
     <span class='ocr_line' id='line_1_10' title="bbox 127 685 1468 740; baseline -0.001 -13"><span class='ocrx_word' id='word_1_67' title='bbox 127 685 241 740; x_wconf 87' lang='lat' dir='ltr'>bant,</span> <span class='ocrx_word' id='word_1_68' title='bbox 274 699 368 726; x_wconf 90' lang='lat' dir='ltr'>cum</span> <span class='ocrx_word' id='word_1_69' title='bbox 399 688 574 739; x_wconf 87' lang='lat' dir='ltr'>propter</span> <span class='ocrx_word' id='word_1_70' title='bbox 605 700 750 726; x_wconf 92' lang='lat' dir='ltr'>eorum</span> <span class='ocrx_word' id='word_1_71' title='bbox 782 685 916 727; x_wconf 87' lang='lat' dir='ltr'>scelus</span> <span class='ocrx_word' id='word_1_72' title='bbox 946 685 1056 726; x_wconf 85' lang='lat' dir='ltr'>nihil</span> <span class='ocrx_word' id='word_1_73' title='bbox 1079 685 1187 726; x_wconf 77' lang='lat' dir='ltr'>mihj</span> <span class='ocrx_word' id='word_1_74' title='bbox 1211 686 1324 726; x_wconf 83' lang='lat' dir='ltr'>intra</span> <span class='ocrx_word' id='word_1_75' title='bbox 1351 699 1468 726; x_wconf 87' lang='lat' dir='ltr'>meos</span> 
     </span>
     <span class='ocr_line' id='line_1_11' title="bbox 75 743 1468 799; baseline 0.001 -16"><span class='ocrx_word' id='word_1_76' title='bbox 75 757 108 782; x_wconf 89' lang='lat'>10</span> <span class='ocrx_word' id='word_1_77' title='bbox 127 744 309 799; x_wconf 86' lang='lat' dir='ltr'>parietes</span> <span class='ocrx_word' id='word_1_78' title='bbox 334 746 486 798; x_wconf 88' lang='lat' dir='ltr'>tutum,</span> <span class='ocrx_word' id='word_1_79' title='bbox 512 743 620 784; x_wconf 87' lang='lat' dir='ltr'>nihil</span> <span class='ocrx_word' id='word_1_80' title='bbox 646 744 809 785; x_wconf 86' lang='lat' dir='ltr'>insidiis</span> <span class='ocrx_word' id='word_1_81' title='bbox 834 759 1012 798; x_wconf 71' lang='lat' dir='ltr'>vacuum</span> <span class='ocrx_word' id='word_1_82' title='bbox 1037 744 1236 799; x_wconf 83' lang='lat' dir='ltr'>viderem,</span> <span class='ocrx_word' id='word_1_83' title='bbox 1260 759 1468 785; x_wconf 82' lang='lat' dir='ltr'>novarum</span> 
     </span>
     <span class='ocr_line' id='line_1_12' title="bbox 127 802 1467 858; baseline 0 -14"><span class='ocrx_word' id='word_1_84' title='bbox 127 818 194 844; x_wconf 92' lang='lat' dir='ltr'>me</span> <span class='ocrx_word' id='word_1_85' title='bbox 224 802 581 844; x_wconf 75' lang='lat' dir='ltr'>necessitudinum</span> <span class='ocrx_word' id='word_1_86' title='bbox 612 803 816 844; x_wconf 84' lang='lat' dir='ltr'>fidelitate</span> <span class='ocrx_word' id='word_1_87' title='bbox 848 806 994 844; x_wconf 87' lang='lat' dir='ltr'>contra</span> <span class='ocrx_word' id='word_1_88' title='bbox 1024 806 1215 844; x_wconf 87' lang='lat' dir='ltr'>veterum</span> <span class='ocrx_word' id='word_1_89' title='bbox 1245 803 1467 858; x_wconf 84' lang='lat' dir='ltr'>perfidiam</span> 
     </span>
     <span class='ocr_line' id='line_1_13' title="bbox 126 861 1468 915; baseline 0 -12"><span class='ocrx_word' id='word_1_90' title='bbox 126 861 403 903; x_wconf 88' lang='lat' dir='ltr'>muniendum</span> <span class='ocrx_word' id='word_1_91' title='bbox 444 861 602 915; x_wconf 83' lang='lat' dir='ltr'>putavi.</span> <span class='ocrx_word' id='word_1_92' title='bbox 672 861 755 902; x_wconf 86' lang='lat' dir='ltr'>Sed</span> <span class='ocrx_word' id='word_1_93' title='bbox 798 862 847 903; x_wconf 94' lang='lat' dir='ltr'>de</span> <span class='ocrx_word' id='word_1_94' title='bbox 887 862 1044 903; x_wconf 84' lang='lat' dir='ltr'>nostris</span> <span class='ocrx_word' id='word_1_95' title='bbox 1087 862 1212 903; x_wconf 85' lang='lat' dir='ltr'>rebus</span> <span class='ocrx_word' id='word_1_96' title='bbox 1256 862 1357 903; x_wconf 86' lang='lat' dir='ltr'>satis</span> <span class='ocrx_word' id='word_1_97' title='bbox 1400 862 1468 903; x_wconf 85' lang='lat' dir='ltr'>vel</span> 
     </span>
     <span class='ocr_line' id='line_1_14' title="bbox 129 920 643 962; baseline -0.004 0"><span class='ocrx_word' id='word_1_98' title='bbox 129 921 256 962; x_wconf 85' lang='lat' dir='ltr'>etiam</span> <span class='ocrx_word' id='word_1_99' title='bbox 287 920 467 961; x_wconf 90' lang='lat' dir='ltr'>nimium</span> <span class='ocrx_word' id='word_1_100' title='bbox 498 920 643 961; x_wconf 82' lang='lat' dir='ltr'>multa.</span> 
     </span>
     <span class='ocr_line' id='line_1_15' title="bbox 215 978 1467 1034; baseline 0 -14"><span class='ocrx_word' id='word_1_101' title='bbox 215 979 279 1020; x_wconf 92' lang='lat' dir='ltr'>De</span> <span class='ocrx_word' id='word_1_102' title='bbox 310 979 394 1020; x_wconf 88' lang='lat' dir='ltr'>tuis</span> <span class='ocrx_word' id='word_1_103' title='bbox 425 979 553 1020; x_wconf 85' lang='lat' dir='ltr'>velim</span> <span class='ocrx_word' id='word_1_104' title='bbox 584 982 631 1019; x_wconf 83' lang='lat' dir='ltr'>ut</span> <span class='ocrx_word' id='word_1_105' title='bbox 663 993 711 1020; x_wconf 89' lang='lat' dir='ltr'>eo</span> <span class='ocrx_word' id='word_1_106' title='bbox 744 978 799 1020; x_wconf 87' lang='lat' dir='ltr'>sis</span> <span class='ocrx_word' id='word_1_107' title='bbox 832 979 985 1033; x_wconf 87' lang='lat' dir='ltr'>animo,</span> <span class='ocrx_word' id='word_1_108' title='bbox 1018 994 1101 1033; x_wconf 92' lang='lat' dir='ltr'>quo</span> <span class='ocrx_word' id='word_1_109' title='bbox 1135 979 1260 1020; x_wconf 87' lang='lat' dir='ltr'>debes</span> <span class='ocrx_word' id='word_1_110' title='bbox 1292 994 1392 1034; x_wconf 86' lang='lat' dir='ltr'>esse,</span> <span class='ocrx_word' id='word_1_111' title='bbox 1424 979 1467 1019; x_wconf 91' lang='lat' dir='ltr'>id</span> 
     </span>
     <span class='ocr_line' id='line_1_16' title="bbox 76 1037 1468 1092; baseline -0.001 -12"><span class='ocrx_word' id='word_1_112' title='bbox 76 1050 109 1075; x_wconf 87' lang='lat'>15</span> <span class='ocrx_word' id='word_1_113' title='bbox 130 1041 192 1080; x_wconf 82' lang='lat' dir='ltr'>est</span> <span class='ocrx_word' id='word_1_114' title='bbox 238 1040 285 1079; x_wconf 82' lang='lat' dir='ltr'>ut</span> <span class='ocrx_word' id='word_1_115' title='bbox 325 1053 377 1079; x_wconf 89' lang='lat' dir='ltr'>ne</span> <span class='ocrx_word' id='word_1_116' title='bbox 418 1038 520 1092; x_wconf 89' lang='lat' dir='ltr'>quid</span> <span class='ocrx_word' id='word_1_117' title='bbox 559 1038 641 1078; x_wconf 88' lang='lat' dir='ltr'>tibi</span> <span class='ocrx_word' id='word_1_118' title='bbox 682 1038 906 1092; x_wconf 82' lang='lat' dir='ltr'>praecipue</span> <span class='ocrx_word' id='word_1_119' title='bbox 948 1038 1184 1079; x_wconf 87' lang='lat' dir='ltr'>timendum</span> <span class='ocrx_word' id='word_1_120' title='bbox 1226 1041 1359 1092; x_wconf 85' lang='lat' dir='ltr'>putes.</span> <span class='ocrx_word' id='word_1_121' title='bbox 1422 1037 1468 1079; x_wconf 80' lang='lat' dir='ltr'>Si</span> 
     </span>
     <span class='ocr_line' id='line_1_17' title="bbox 128 1097 1467 1151; baseline 0 -14"><span class='ocrx_word' id='word_1_122' title='bbox 128 1097 241 1138; x_wconf 89' lang='lat' dir='ltr'>enim</span> <span class='ocrx_word' id='word_1_123' title='bbox 272 1099 406 1137; x_wconf 85' lang='lat' dir='ltr'>status</span> <span class='ocrx_word' id='word_1_124' title='bbox 444 1097 525 1137; x_wconf 84' lang='lat' dir='ltr'>erit</span> <span class='ocrx_word' id='word_1_125' title='bbox 563 1097 715 1150; x_wconf 82' lang='lat' dir='ltr'>aliquis</span> <span class='ocrx_word' id='word_1_126' title='bbox 753 1097 956 1151; x_wconf 79' lang='lat' dir='ltr'>civitatis,</span> <span class='ocrx_word' id='word_1_127' title='bbox 998 1097 1252 1151; x_wconf 90' lang='lat' dir='ltr'>quicumque</span> <span class='ocrx_word' id='word_1_128' title='bbox 1290 1097 1388 1151; x_wconf 83' lang='lat' dir='ltr'>erit,</span> <span class='ocrx_word' id='word_1_129' title='bbox 1425 1098 1467 1137; x_wconf 91' lang='lat' dir='ltr'>te</span> 
     </span>
     <span class='ocr_line' id='line_1_18' title="bbox 129 1155 1468 1211; baseline 0 -15"><span class='ocrx_word' id='word_1_130' title='bbox 129 1156 318 1197; x_wconf 91' lang='lat' dir='ltr'>omnium</span> <span class='ocrx_word' id='word_1_131' title='bbox 354 1155 640 1210; x_wconf 84' lang='lat' dir='ltr'>periculorum</span> <span class='ocrx_word' id='word_1_132' title='bbox 677 1155 799 1196; x_wconf 80' lang='lat' dir='ltr'>video</span> <span class='ocrx_word' id='word_1_133' title='bbox 837 1158 1053 1209; x_wconf 80' lang='lat' dir='ltr'>expertem</span> <span class='ocrx_word' id='word_1_134' title='bbox 1090 1156 1198 1211; x_wconf 82' lang='lat' dir='ltr'>fore3</span> <span class='ocrx_word' id='word_1_135' title='bbox 1237 1170 1336 1196; x_wconf 85' lang='lat' dir='ltr'>nam</span> <span class='ocrx_word' id='word_1_136' title='bbox 1368 1155 1468 1196; x_wconf 85' lang='lat' dir='ltr'>alte-</span> 
     </span>
     <span class='ocr_line' id='line_1_19' title="bbox 129 1214 1468 1270; baseline -0.001 -15"><span class='ocrx_word' id='word_1_137' title='bbox 129 1229 197 1256; x_wconf 87' lang='lat' dir='ltr'>ros</span> <span class='ocrx_word' id='word_1_138' title='bbox 228 1214 309 1255; x_wconf 89' lang='lat' dir='ltr'>tibi</span> <span class='ocrx_word' id='word_1_139' title='bbox 346 1214 429 1255; x_wconf 87' lang='lat' dir='ltr'>iam</span> <span class='ocrx_word' id='word_1_140' title='bbox 460 1215 648 1268; x_wconf 82' lang='lat' dir='ltr'>placatos</span> <span class='ocrx_word' id='word_1_141' title='bbox 680 1229 767 1255; x_wconf 89' lang='lat' dir='ltr'>esse</span> <span class='ocrx_word' id='word_1_142' title='bbox 799 1214 1019 1270; x_wconf 75' lang='lat' dir='ltr'>intellego,</span> <span class='ocrx_word' id='word_1_143' title='bbox 1051 1214 1206 1255; x_wconf 84' lang='lat' dir='ltr'>alteros</span> <span class='ocrx_word' id='word_1_144' title='bbox 1235 1229 1468 1268; x_wconf 81' lang='lat' dir='ltr'>numquam</span> 
     </span>
     <span class='ocr_line' id='line_1_20' title="bbox 128 1272 1468 1314; baseline -0.001 0"><span class='ocrx_word' id='word_1_145' title='bbox 128 1274 259 1314; x_wconf 87' lang='lat' dir='ltr'>iratos</span> <span class='ocrx_word' id='word_1_146' title='bbox 285 1272 423 1314; x_wconf 85' lang='lat' dir='ltr'>fuisse.</span> <span class='ocrx_word' id='word_1_147' title='bbox 473 1273 536 1314; x_wconf 91' lang='lat' dir='ltr'>De</span> <span class='ocrx_word' id='word_1_148' title='bbox 561 1288 655 1314; x_wconf 88' lang='lat' dir='ltr'>mea</span> <span class='ocrx_word' id='word_1_149' title='bbox 686 1276 827 1314; x_wconf 86' lang='lat' dir='ltr'>autem</span> <span class='ocrx_word' id='word_1_150' title='bbox 858 1273 902 1314; x_wconf 90' lang='lat' dir='ltr'>in</span> <span class='ocrx_word' id='word_1_151' title='bbox 933 1276 975 1314; x_wconf 90' lang='lat' dir='ltr'>te</span> <span class='ocrx_word' id='word_1_152' title='bbox 1006 1273 1225 1314; x_wconf 87' lang='lat' dir='ltr'>voluntate</span> <span class='ocrx_word' id='word_1_153' title='bbox 1256 1273 1316 1314; x_wconf 89' lang='lat' dir='ltr'>sic</span> <span class='ocrx_word' id='word_1_154' title='bbox 1340 1273 1468 1313; x_wconf 87' lang='lat' dir='ltr'>velim</span> 
     </span>
     <span class='ocr_line' id='line_1_21' title="bbox 76 1331 1468 1387; baseline 0.001 -16"><span class='ocrx_word' id='word_1_155' title='bbox 76 1344 109 1369; x_wconf 85' lang='lat'>20</span> <span class='ocrx_word' id='word_1_156' title='bbox 128 1332 297 1386; x_wconf 67' lang='lat' dir='ltr'>iudices,</span> <span class='ocrx_word' id='word_1_157' title='bbox 328 1346 407 1386; x_wconf 88' lang='lat' dir='ltr'>me,</span> <span class='ocrx_word' id='word_1_158' title='bbox 439 1332 774 1386; x_wconf 90' lang='lat' dir='ltr'>quibuscumque</span> <span class='ocrx_word' id='word_1_159' title='bbox 805 1332 930 1373; x_wconf 85' lang='lat' dir='ltr'>rebus</span> <span class='ocrx_word' id='word_1_160' title='bbox 962 1346 1066 1386; x_wconf 89' lang='lat' dir='ltr'>opus</span> <span class='ocrx_word' id='word_1_161' title='bbox 1099 1346 1186 1373; x_wconf 88' lang='lat' dir='ltr'>esse</span> <span class='ocrx_word' id='word_1_162' title='bbox 1211 1331 1468 1387; x_wconf 84' lang='lat' dir='ltr'>intellegam,</span> 
     </span>
     <span class='ocr_line' id='line_1_22' title="bbox 129 1390 1469 1445; baseline 0 -14"><span class='ocrx_word' id='word_1_163' title='bbox 129 1405 384 1445; x_wconf 85' lang='lat' dir='ltr'>quamquam</span> <span class='ocrx_word' id='word_1_164' title='bbox 411 1390 588 1445; x_wconf 77' lang='lat' dir='ltr'>videam,</span> <span class='ocrx_word' id='word_1_165' title='bbox 621 1391 694 1444; x_wconf 90' lang='lat' dir='ltr'>qui</span> <span class='ocrx_word' id='word_1_166' title='bbox 725 1390 804 1431; x_wconf 92' lang='lat' dir='ltr'>sim</span> <span class='ocrx_word' id='word_1_167' title='bbox 835 1391 916 1432; x_wconf 89' lang='lat' dir='ltr'>hoc</span> <span class='ocrx_word' id='word_1_168' title='bbox 947 1392 1138 1445; x_wconf 83' lang='lat' dir='ltr'>tempore</span> <span class='ocrx_word' id='word_1_169' title='bbox 1170 1392 1211 1431; x_wconf 90' lang='lat' dir='ltr'>et</span> <span class='ocrx_word' id='word_1_170' title='bbox 1243 1390 1346 1445; x_wconf 90' lang='lat' dir='ltr'>quid</span> <span class='ocrx_word' id='word_1_171' title='bbox 1375 1404 1469 1445; x_wconf 88' lang='lat' dir='ltr'>pos-</span> 
     </span>
     <span class='ocr_line' id='line_1_23' title="bbox 129 1448 1468 1504; baseline 0 -14"><span class='ocrx_word' id='word_1_172' title='bbox 129 1449 226 1504; x_wconf 88' lang='lat' dir='ltr'>sim,</span> <span class='ocrx_word' id='word_1_173' title='bbox 259 1464 386 1504; x_wconf 86' lang='lat' dir='ltr'>opera</span> <span class='ocrx_word' id='word_1_174' title='bbox 415 1451 557 1490; x_wconf 83' lang='lat' dir='ltr'>tamen</span> <span class='ocrx_word' id='word_1_175' title='bbox 589 1452 631 1490; x_wconf 88' lang='lat' dir='ltr'>et</span> <span class='ocrx_word' id='word_1_176' title='bbox 663 1450 851 1504; x_wconf 88' lang='lat' dir='ltr'>consilio,</span> <span class='ocrx_word' id='word_1_177' title='bbox 882 1449 1022 1490; x_wconf 92' lang='lat' dir='ltr'>studio</span> <span class='ocrx_word' id='word_1_178' title='bbox 1051 1449 1222 1504; x_wconf 88' lang='lat' dir='ltr'>quidem</span> <span class='ocrx_word' id='word_1_179' title='bbox 1253 1451 1365 1490; x_wconf 84' lang='lat' dir='ltr'>certe</span> <span class='ocrx_word' id='word_1_180' title='bbox 1396 1448 1468 1502; x_wconf 84' lang='lat' dir='ltr'>rei,</span> 
     </span>
     <span class='ocr_line' id='line_1_24' title="bbox 130 1507 1470 1563; baseline 0 -15"><span class='ocrx_word' id='word_1_181' title='bbox 130 1508 285 1563; x_wconf 86' lang='lat' dir='ltr'>famae,</span> <span class='ocrx_word' id='word_1_182' title='bbox 335 1508 461 1549; x_wconf 84' lang='lat' dir='ltr'>saluti</span> <span class='ocrx_word' id='word_1_183' title='bbox 504 1511 600 1549; x_wconf 86' lang='lat' dir='ltr'>tuae</span> <span class='ocrx_word' id='word_1_184' title='bbox 642 1511 810 1562; x_wconf 83' lang='lat' dir='ltr'>praesto</span> <span class='ocrx_word' id='word_1_185' title='bbox 854 1508 1057 1549; x_wconf 82' lang='lat' dir='ltr'>futurum.</span> <span class='ocrx_word' id='word_1_186' title='bbox 1128 1507 1192 1548; x_wconf 86' lang='lat' dir='ltr'>Tu</span> <span class='ocrx_word' id='word_1_187' title='bbox 1234 1508 1383 1562; x_wconf 85' lang='lat' dir='ltr'>velim,</span> <span class='ocrx_word' id='word_1_188' title='bbox 1428 1510 1470 1548; x_wconf 83' lang='lat' dir='ltr'>et</span> 
     </span>
     <span class='ocr_line' id='line_1_25' title="bbox 131 1566 1470 1623; baseline 0.001 -17"><span class='ocrx_word' id='word_1_189' title='bbox 131 1566 233 1620; x_wconf 92' lang='lat' dir='ltr'>quid</span> <span class='ocrx_word' id='word_1_190' title='bbox 263 1581 362 1621; x_wconf 84' lang='lat' dir='ltr'>agas</span> <span class='ocrx_word' id='word_1_191' title='bbox 394 1569 435 1607; x_wconf 89' lang='lat' dir='ltr'>et</span> <span class='ocrx_word' id='word_1_192' title='bbox 467 1567 569 1621; x_wconf 91' lang='lat' dir='ltr'>quid</span> <span class='ocrx_word' id='word_1_193' title='bbox 606 1569 799 1607; x_wconf 85' lang='lat' dir='ltr'>acturum</span> <span class='ocrx_word' id='word_1_194' title='bbox 830 1569 872 1607; x_wconf 91' lang='lat' dir='ltr'>te</span> <span class='ocrx_word' id='word_1_195' title='bbox 902 1570 1046 1623; x_wconf 86' lang='lat' dir='ltr'>putes,</span> <span class='ocrx_word' id='word_1_196' title='bbox 1083 1567 1212 1608; x_wconf 84' lang='lat' dir='ltr'>facias</span> <span class='ocrx_word' id='word_1_197' title='bbox 1242 1581 1310 1608; x_wconf 92' lang='lat' dir='ltr'>me</span> <span class='ocrx_word' id='word_1_198' title='bbox 1343 1580 1470 1621; x_wconf 87' lang='lat' dir='ltr'>quam</span> 
     </span>
     <span class='ocr_line' id='line_1_26' title="bbox 77 1624 905 1680; baseline 0.002 -16"><span class='ocrx_word' id='word_1_199' title='bbox 77 1635 111 1660; x_wconf 80' lang='lat'>25</span> <span class='ocrx_word' id='word_1_200' title='bbox 132 1624 452 1680; x_wconf 81' lang='lat' dir='ltr'>diligentissime</span> <span class='ocrx_word' id='word_1_201' title='bbox 493 1625 726 1667; x_wconf 88' lang='lat' dir='ltr'>certiorem.</span> <span class='ocrx_word' id='word_1_202' title='bbox 787 1624 905 1666; x_wconf 87' lang='lat' dir='ltr'>Vale.</span> 
     </span>
    </p>
   </div>
   <div class='ocr_carea' id='block_1_3' title="bbox 319 1812 1331 1948">
    <p class='ocr_par' dir='ltr' id='par_1_3' title="bbox 319 1812 1331 1948">
     <span class='ocr_line' id='line_1_27' title="bbox 754 1812 845 1853; baseline 0 0"><span class='ocrx_word' id='word_1_203' title='bbox 754 1812 845 1853; x_wconf 91' lang='lat' dir='ltr'>XV.</span> 
     </span>
     <span class='ocr_line' id='line_1_28' title="bbox 319 1903 1331 1948; baseline 0 -11"><span class='ocrx_word' id='word_1_204' title='bbox 319 1903 394 1937; x_wconf 79' lang='lat' dir='ltr'>Ser.</span> <span class='ocrx_word' id='word_1_205' title='bbox 426 1903 562 1937; x_wconf 81' lang='lat' dir='ltr'>Romae</span> <span class='ocrx_word' id='word_1_206' title='bbox 580 1905 695 1947; x_wconf 76' lang='lat' dir='ltr'>paulo</span> <span class='ocrx_word' id='word_1_207' title='bbox 715 1908 798 1948; x_wconf 74' lang='lat' dir='ltr'>post</span> <span class='ocrx_word' id='word_1_208' title='bbox 821 1916 874 1948; x_wconf 74' lang='lat' dir='ltr'>ep.</span> <span class='ocrx_word' id='word_1_209' title='bbox 904 1905 1006 1938; x_wconf 83' lang='lat' dir='ltr'>XIV</span> <span class='ocrx_word' id='word_1_210' title='bbox 1027 1916 1059 1938; x_wconf 89' lang='grc' dir='ltr'>α.</span> <span class='ocrx_word' id='word_1_211' title='bbox 1088 1906 1160 1939; x_wconf 82' lang='grc'>708</span> <span class='ocrx_word' id='word_1_212' title='bbox 1184 1905 1277 1945; x_wconf 78' lang='lat'><em>(46).</em></span> <span class='ocrx_word' id='word_1_213' title='bbox 1325 1909 1331 1913; x_wconf 94' lang='grc'><em>“</em></span> 
     </span>
    </p>
   </div>
   <div class='ocr_carea' id='block_1_4' title="bbox 416 1996 1188 2031">
    <p class='ocr_par' dir='ltr' id='par_1_4' title="bbox 416 1996 1188 2031">
     <span class='ocr_line' id='line_1_29' title="bbox 416 1996 1188 2031; baseline 0.001 -1"><span class='ocrx_word' id='word_1_214' title='bbox 416 1996 470 2030; x_wconf 89' lang='lat' dir='ltr'>M.</span> <span class='ocrx_word' id='word_1_215' title='bbox 500 1996 690 2031; x_wconf 84' lang='lat' dir='ltr'><strong><em>CICERO</em></strong></span> <span class='ocrx_word' id='word_1_216' title='bbox 716 1996 750 2031; x_wconf 81' lang='lat' dir='ltr'>S.</span> <span class='ocrx_word' id='word_1_217' title='bbox 771 1996 820 2031; x_wconf 91' lang='lat' dir='ltr'>D.</span> <span class='ocrx_word' id='word_1_218' title='bbox 844 1996 921 2031; x_wconf 89' lang='lat' dir='ltr'>CN.</span> <span class='ocrx_word' id='word_1_219' title='bbox 945 1996 1188 2031; x_wconf 82' lang='lat' dir='ltr'><strong><em>PLANCIO.</em></strong></span> 
     </span>
    </p>
   </div>
   <div class='ocr_carea' id='block_1_5' title="bbox 79 2091 1472 2381">
    <p class='ocr_par' dir='ltr' id='par_1_5' title="bbox 219 2091 1472 2147">
     <span class='ocr_line' id='line_1_30' title="bbox 219 2091 1472 2147; baseline -0.002 -14"><span class='ocrx_word' id='word_1_220' title='bbox 219 2091 376 2147; x_wconf 87' lang='lat' dir='ltr'>Accepi</span> <span class='ocrx_word' id='word_1_221' title='bbox 418 2092 635 2146; x_wconf 83' lang='lat' dir='ltr'>perbrevis</span> <span class='ocrx_word' id='word_1_222' title='bbox 684 2094 777 2132; x_wconf 86' lang='lat' dir='ltr'>tuas</span> <span class='ocrx_word' id='word_1_223' title='bbox 820 2091 1004 2146; x_wconf 75' lang='lat' dir='ltr'>litteras3</span> <span class='ocrx_word' id='word_1_224' title='bbox 1055 2091 1208 2145; x_wconf 85' lang='lat' dir='ltr'>quibus</span> <span class='ocrx_word' id='word_1_225' title='bbox 1251 2091 1314 2145; x_wconf 91' lang='lat' dir='ltr'>id,</span> <span class='ocrx_word' id='word_1_226' title='bbox 1359 2091 1472 2145; x_wconf 92' lang='lat' dir='ltr'>quod</span> 
     </span>
    </p>

    <p class='ocr_par' dir='ltr' id='par_1_6' title="bbox 79 2149 1472 2381">
     <span class='ocr_line' id='line_1_31' title="bbox 79 2149 1471 2205; baseline -0.001 -13"><span class='ocrx_word' id='word_1_227' title='bbox 79 2162 113 2187; x_wconf 81' lang='lat'>30</span> <span class='ocrx_word' id='word_1_228' title='bbox 133 2150 238 2192; x_wconf 88' lang='lat' dir='ltr'>scire</span> <span class='ocrx_word' id='word_1_229' title='bbox 270 2151 510 2205; x_wconf 87' lang='lat' dir='ltr'>cupiebam,</span> <span class='ocrx_word' id='word_1_230' title='bbox 543 2164 794 2205; x_wconf 80' lang='lat' dir='ltr'>cognoscere</span> <span class='ocrx_word' id='word_1_231' title='bbox 825 2164 910 2191; x_wconf 90' lang='lat' dir='ltr'>non</span> <span class='ocrx_word' id='word_1_232' title='bbox 941 2150 1080 2204; x_wconf 88' lang='lat' dir='ltr'>potui,</span> <span class='ocrx_word' id='word_1_233' title='bbox 1119 2149 1299 2205; x_wconf 86' lang='lat' dir='ltr'>cognovi</span> <span class='ocrx_word' id='word_1_234' title='bbox 1330 2152 1471 2190; x_wconf 84' lang='lat' dir='ltr'>autem</span> 
     </span>
     <span class='ocr_line' id='line_1_32' title="bbox 133 2208 1472 2263; baseline -0.001 -13"><span class='ocrx_word' id='word_1_235' title='bbox 133 2209 196 2263; x_wconf 83' lang='lat' dir='ltr'>id,</span> <span class='ocrx_word' id='word_1_236' title='bbox 234 2210 348 2263; x_wconf 92' lang='lat' dir='ltr'>quod</span> <span class='ocrx_word' id='word_1_237' title='bbox 377 2209 484 2250; x_wconf 88' lang='lat' dir='ltr'>mihi</span> <span class='ocrx_word' id='word_1_238' title='bbox 522 2209 699 2249; x_wconf 89' lang='lat' dir='ltr'>dubium</span> <span class='ocrx_word' id='word_1_239' title='bbox 729 2223 815 2249; x_wconf 91' lang='lat' dir='ltr'>non</span> <span class='ocrx_word' id='word_1_240' title='bbox 846 2208 948 2263; x_wconf 75' lang='lat' dir='ltr'>fuit3</span> <span class='ocrx_word' id='word_1_241' title='bbox 985 2223 1103 2262; x_wconf 87' lang='lat' dir='ltr'>nam,</span> <span class='ocrx_word' id='word_1_242' title='bbox 1145 2223 1271 2262; x_wconf 85' lang='lat' dir='ltr'>quam</span> <span class='ocrx_word' id='word_1_243' title='bbox 1302 2208 1472 2249; x_wconf 83' lang='lat' dir='ltr'>fortiter</span> 
     </span>
     <span class='ocr_line' id='line_1_33' title="bbox 131 2266 1471 2322; baseline -0.001 -14"><span class='ocrx_word' id='word_1_244' title='bbox 131 2268 262 2308; x_wconf 87' lang='lat' dir='ltr'>ferres</span> <span class='ocrx_word' id='word_1_245' title='bbox 305 2267 539 2309; x_wconf 90' lang='lat' dir='ltr'>communis</span> <span class='ocrx_word' id='word_1_246' title='bbox 587 2267 798 2322; x_wconf 84' lang='lat' dir='ltr'>miserias,</span> <span class='ocrx_word' id='word_1_247' title='bbox 846 2281 932 2308; x_wconf 92' lang='lat' dir='ltr'>non</span> <span class='ocrx_word' id='word_1_248' title='bbox 975 2266 1186 2320; x_wconf 82' lang='lat' dir='ltr'>intellexi,</span> <span class='ocrx_word' id='word_1_249' title='bbox 1235 2281 1362 2321; x_wconf 86' lang='lat' dir='ltr'>quam</span> <span class='ocrx_word' id='word_1_250' title='bbox 1403 2281 1471 2308; x_wconf 93' lang='lat' dir='ltr'>me</span> 
     </span>
     <span class='ocr_line' id='line_1_34' title="bbox 132 2324 1471 2381; baseline 0.001 -15"><span class='ocrx_word' id='word_1_251' title='bbox 132 2341 312 2381; x_wconf 86' lang='lat' dir='ltr'>amares,</span> <span class='ocrx_word' id='word_1_252' title='bbox 356 2327 478 2368; x_wconf 80' lang='lat' dir='ltr'>facile</span> <span class='ocrx_word' id='word_1_253' title='bbox 522 2326 727 2381; x_wconf 80' lang='lat' dir='ltr'>perspexi.</span> <span class='ocrx_word' id='word_1_254' title='bbox 798 2324 880 2366; x_wconf 84' lang='lat' dir='ltr'>Sed</span> <span class='ocrx_word' id='word_1_255' title='bbox 921 2325 1003 2366; x_wconf 89' lang='lat' dir='ltr'>hoc</span> <span class='ocrx_word' id='word_1_256' title='bbox 1046 2325 1242 2380; x_wconf 86' lang='lat' dir='ltr'>scieram,</span> <span class='ocrx_word' id='word_1_257' title='bbox 1286 2325 1393 2366; x_wconf 87' lang='lat' dir='ltr'>illud</span> <span class='ocrx_word' id='word_1_258' title='bbox 1435 2326 1471 2367; x_wconf 88' lang='lat' dir='ltr'>si</span> 
     </span>
    </p>
   </div>
  </div>
 </body>
</html>
