1659 2552
574 101 715 136 LIBER
740 101 824 135 XVI
852 104 1002 136 10-1-2,
1371 99 1454 140 477

200 196 294 252 Ego
327 196 379 237 ad
411 196 560 237 urbem
592 197 745 237 accessi
776 211 837 250 pr.
862 196 972 237 Non.
1000 195 1086 237 Ian.
1137 195 1317 237 Obviam
1349 196 1455 237 mihi
1482 206 1501 236 2

112 256 171 296 sic
203 260 265 297 est
296 255 524 310 proditum,
558 258 604 296 ut
635 255 744 296 nihil
774 255 908 309 possit
933 255 1026 296 fieri
1053 255 1259 309 ornatius3
1291 255 1365 295 sed
1395 254 1456 294 in-

112 314 194 355 cidi
236 315 278 355 in
321 314 454 368 ipsam
494 315 709 355 flammam
750 314 886 355 civilis
929 314 1160 355 discordiae
1201 313 1269 354 vel
1312 313 1454 367 potius

112 373 224 414 belli.
289 371 366 413 Cui
399 387 493 414 cum
526 387 721 427 cuperem
752 372 911 413 mederi
943 375 1001 427 et,
1042 375 1090 413 ut
1121 372 1324 426 arbitror,
1361 386 1455 426 pos-

78 445 93 469 5
113 446 216 486 sem,
257 431 509 486 cupiditates
548 435 759 473 certorum
790 431 1012 472 hominum
1045 430 1161 487 (nam
1193 445 1244 471 ex
1275 434 1454 484 utraque

111 493 231 545 parte
272 493 389 544 sunt,
431 490 504 544 qui
542 505 732 546 pugnare
773 488 963 545 cupiant)
1004 490 1306 544 impedimento
1347 489 1453 530 mihi

112 551 294 590 fuerunt.
339 548 522 589 Omnino
543 552 584 589 et
610 550 698 603 ipse
720 548 882 603 Caesar,
914 548 1072 590 amicus
1097 551 1253 603 noster,
1278 548 1454 589 minacis

112 608 165 648 ad
203 610 394 648 senatum
432 611 473 648 et
510 608 679 648 acerbas
716 608 894 665 litteras,
917 608 1090 648 miserat
1122 610 1163 648 et
1196 610 1285 648 erat
1317 607 1454 648 adhuc

113 666 351 720 impudens,
391 667 463 720 qui
502 667 733 707 exercitum
765 669 806 707 et
843 667 1105 720 provinciam
1137 666 1272 707 invito
1306 668 1454 707 senatu

62 738 94 762 10
113 727 295 779 teneret,
328 727 369 765 et
402 724 530 765 Curio
561 740 680 766 meus
711 725 832 765 illum
864 725 1086 779 incitabat,
1117 724 1331 765 Antonius
1365 725 1455 778 qui-

115 784 208 824 dem
232 786 377 824 noster
408 787 449 825 et
475 783 520 832 Q.
549 783 715 825 Cassius
746 784 862 824 nulla
887 784 929 824 vi
956 784 1120 838 expulsi
1152 784 1204 824 ad
1231 782 1451 824 Caesarem

114 857 208 883 cum
241 841 423 883 Curione
460 843 639 896 profecti
672 845 809 896 erant,
849 845 1125 896 posteaquam
1158 845 1325 883 senatus
1358 856 1453 883 con—

113 901 287 954 sulibus,
318 916 392 955 pr.,
423 904 473 942 tr.
500 901 554 954 pl.
583 904 623 942 et
654 901 789 955 nobis,
822 901 894 955 qui
925 916 1002 955 pro
1033 915 1113 942 cos.
1141 915 1296 955 sumUS,
1328 915 1454 956 nego—

113 960 222 1000 tium
255 960 436 1013 dederat,
468 963 514 1000 ut
541 974 793 1014 curaremus,
824 974 876 1000 ne
909 960 1011 1014 quid
1042 975 1108 1001 res
1138 975 1177 1014 p.
1211 959 1454 1000 detrimenti

63 1031 95 1055 15
115 1021 292 1072 caperet.
360 1018 605 1072 Numquam
649 1020 807 1059 maiore
851 1019 895 1059 in
937 1018 1125 1073 periculo
1170 1018 1318 1059 civitas
1361 1018 1454 1072 fuit,
1481 1028 1501 1058 3

114 1091 345 1131 numquam
377 1077 562 1131 improbi
594 1078 704 1118 cives
734 1077 975 1118 habuerunt
1006 1077 1262 1131 paratiorem
1295 1077 1453 1118 ducem.

115 1135 298 1176 Omnino
331 1150 381 1176 ex
418 1136 495 1176 hac
528 1150 695 1190 quoque
734 1138 853 1190 parte
885 1136 1209 1191 diligentissime
1242 1150 1454 1190 compara-

114 1198 194 1235 tur.
255 1193 305 1234 Id
341 1195 390 1235 fit
427 1195 678 1235 auctoritate
716 1198 757 1235 et
794 1195 934 1236 studio
971 1194 1148 1249 Pompei
1186 1195 1339 1249 nostri,
1381 1194 1454 1248 qui

117 1252 337 1294 Caesarem
368 1267 461 1294 sero
490 1253 628 1307 coepit
658 1253 819 1294 timere.

62 1324 95 1348 ἑο
202 1311 339 1352 Nobis
370 1312 481 1352 inter
511 1312 586 1352 has
612 1312 758 1352 turbas
787 1314 955 1353 senatus
986 1314 1128 1352 tamen
1153 1312 1351 1366 frequens
1383 1312 1454 1352 fia-

114 1369 268 1425 gitavit
310 1370 594 1425 triumphum3
635 1371 707 1411 sed
743 1370 948 1411 Lentulus
989 1370 1152 1424 consul,
1194 1385 1277 1423 quo
1318 1371 1454 1411 maius

115 1443 237 1469 suum
268 1428 519 1470 beneficium
551 1430 717 1483 faceret,
750 1430 876 1470 simul
908 1431 1033 1483 atque
1066 1429 1315 1483 expedisset,
1348 1444 1454 1483 quae

116 1490 253 1528 essent
283 1488 515 1528 necessaria
542 1488 591 1528 de
616 1503 660 1529 re
691 1504 742 1543 p.,
769 1488 878 1528 dixit
903 1502 945 1528 se
971 1488 1214 1529 relaturum.
1252 1487 1343 1528 Nos
1369 1488 1454 1543 agi-

114 1560 208 1586 mus
239 1546 347 1586 nihil
379 1547 548 1600 cupide,
589 1561 721 1600 eoque
759 1549 821 1588 est
858 1550 1003 1587 nostra
1039 1546 1174 1600 pluris
1213 1547 1453 1587 auctoritas.

63 1616 96 1640 25
115 1603 263 1644 Italiae
294 1605 487 1659 regiones
520 1605 744 1659 discriptae
776 1608 890 1658 sunt,
923 1620 1049 1659 quam
1081 1605 1259 1658 quisque
1289 1608 1454 1659 partem

116 1665 316 1702 tueretur.
377 1662 467 1703 Nos
501 1662 687 1717 Capuam
719 1664 984 1717 sumpsimus.

203 1720 319 1761 Haec
354 1723 396 1761 te
434 1721 539 1761 scire
570 1722 696 1762 volui.
759 1721 822 1762 Tu
861 1722 987 1762 etiam
1025 1725 1150 1775 atque
1183 1722 1311 1761 etiam
1345 1736 1454 1775 cura,

115 1782 163 1819 ut
203 1779 340 1819 valeas
383 1779 629 1833 litterasque
671 1779 722 1819 ad
761 1794 828 1820 me
868 1780 1034 1831 mittas,
1078 1779 1456 1833 quotienscumque

115 1837 311 1890 habebis,
357 1837 423 1878 cui
468 1838 548 1878 des.
616 1837 759 1878 Etiam
803 1840 929 1891 atque
974 1838 1100 1878 etiam
1141 1837 1244 1878 vale.
1306 1837 1356 1878 D.
1394 1853 1456 1892 pr.

62 1908 97 1932 30
115 1895 215 1936 Idus
246 1895 331 1936 Ian.

738 1999 830 2041 XII.

375 2081 448 2115 Ser.
479 2081 625 2124 Capuae
649 2081 713 2114 IV
736 2081 784 2114 K.
813 2081 918 2116 Febr.
945 2093 977 2116 α,
1006 2083 1078 2116 705
1106 2083 1196 2124 (49).

463 2161 662 2196 TULLIUS
689 2161 722 2196 S.
748 2161 791 2197 D.
819 2162 986 2196 TIRONI
1016 2161 1115 2197 SUO.

204 2245 295 2294 Quo
327 2246 371 2286 in
404 2245 644 2286 discrimine
676 2248 867 2286 versetur
905 2245 1016 2285 salus
1048 2259 1141 2285 mea
1174 2247 1214 2286 et
1245 2245 1457 2286 bonorum
1485 2257 1500 2286 1

63 2314 96 2339 35
117 2304 305 2345 omnium
331 2307 456 2358 atque
482 2304 700 2344 universae
726 2303 787 2344 rei
812 2319 863 2357 p.,
896 2318 947 2344 ex
973 2317 1021 2344 eo
1048 2303 1153 2344 scire
1178 2305 1312 2358 potes,
1344 2304 1459 2357 quod.
