1659 2552
638 91 780 126 LIBER
806 92 838 127 V
865 95 918 128 12.
1399 91 1479 132 121

138 188 277 243 aptius
316 188 368 229 ad
406 187 729 229 delectationem
764 187 936 228 lectoris
974 201 1101 241 quam
1138 189 1380 242 temporum
1417 202 1485 228 va-

138 248 309 288 rietates
358 247 638 301 fortunaeque
680 246 1003 287 vicissitudines.
1079 245 1193 294 Quae
1237 246 1317 287 etsi
1360 246 1484 287 nobis

139 306 346 360 optabiles
372 306 417 346 in
443 305 697 360 experiendo
728 319 814 346 non
845 305 1030 359 fuerunt,
1061 304 1106 345 in
1136 304 1316 360 legendo
1342 307 1484 345 tamen

138 367 262 406 erunt
299 364 523 418 iucundae3
566 364 696 405 habet
733 363 846 404 enim
883 363 1103 418 praeteriti
1143 363 1301 404 doloris
1339 378 1485 404 secura

102 436 119 462 5
139 423 375 465 recordatio
408 423 749 477 delectationem3
787 422 937 463 ceteris
968 436 1069 463 vero
1100 422 1218 462 nulla
1248 422 1484 476 perfunctis

137 482 311 537 propria
341 482 547 536 molestia,
583 496 701 522 casus
733 484 874 522 autem
906 481 1065 522 alienos
1097 481 1186 522 sine
1218 481 1306 522 ullo
1340 481 1486 522 dolore

138 541 403 582 intuentibus
436 541 563 581 etiam
595 541 686 595 ipsa
711 540 1001 581 misericordia
1027 542 1090 580 est
1116 540 1308 580 iucunda.
1351 539 1486 589 Quem

139 600 252 641 enim
291 602 485 641 nostrum
526 599 598 639 ille
637 599 823 640 moriens
864 599 976 653 apud
1011 598 1273 639 Mantineam
1314 598 1486 652 Epami-

138 659 299 700 nondas
324 673 410 699 non
437 673 532 699 cum
559 658 739 711 quadam
764 658 1036 698 miseratione
1058 657 1266 698 delectat?
1294 658 1367 711 qui
1392 660 1485 698 tum

86 731 119 755 10
139 717 319 771 denique
350 717 433 758 sibi
465 717 587 758 evelli
619 717 737 757 iubet
769 717 989 771 spiculum,
1020 719 1298 770 posteaquam
1324 716 1362 757 ei
1393 731 1485 770 per-

140 776 330 817 contanti
363 776 523 816 dictum
555 778 618 816 est
650 776 832 830 clipeum
864 790 953 826 esse
985 775 1167 829 salvum,
1199 778 1247 816 ut
1279 774 1408 816 etiam
1440 775 1485 815 in

139 835 326 876 vulneris
371 834 515 875 dolore
564 848 698 887 aequo
743 834 884 874 animo
930 848 1025 874 cum
1069 834 1192 874 laude
1234 836 1484 874 moreretur.

141 893 270 935 Cuius
311 893 500 934 studium
540 893 584 933 in
627 893 806 948 legendo
850 907 936 933 non
980 895 1166 933 erectum
1207 892 1485 933 Themistocli

139 953 241 1009 fuga
272 952 494 1006 redituque
525 952 761 992 retinetur?
817 951 990 992 Etenim
1023 952 1126 992 ordo
1153 951 1242 1005 ipse
1269 951 1485 992 annalium

87 1024 120 1049 15
139 1011 410 1052 mediocriter
444 1025 522 1051 nos
561 1011 715 1051 retinet
753 1010 873 1064 quasi
911 1010 1229 1051 enumeratione
1260 1010 1486 1065 fastorum3

139 1073 182 1111 at
206 1070 289 1111 viri
315 1084 437 1124 saepe
463 1069 706 1110 excellentis
733 1069 937 1123 ancipites
962 1069 1154 1123 variique
1180 1082 1298 1109 casus
1326 1068 1487 1109 habent

139 1128 482 1182 admirationem,
532 1128 908 1182 exspectationem,
958 1127 1185 1182 laetitiam,
1234 1127 1486 1182 molestiam,

140 1202 275 1241 spem,
315 1187 530 1242 timorem3
571 1187 606 1228 si
643 1201 743 1227 vero
784 1187 901 1227 exitu
940 1187 1123 1227 notabili
1164 1186 1486 1241 concluduntur,

141 1246 335 1301 expletur
365 1246 530 1287 animus
561 1245 864 1286 iucundissima
894 1245 1089 1286 lectionis
1122 1245 1352 1299 voluptate.

88 1318 122 1343 20
230 1304 322 1353 Quo
362 1304 469 1345 mihi
509 1304 708 1345 acciderit
748 1303 952 1358 optatius,
997 1304 1032 1345 si
1072 1304 1117 1344 in
1156 1303 1236 1344 hac
1277 1304 1486 1344 sententia

141 1363 284 1417 fueris,
316 1366 363 1404 ut
396 1378 419 1404 a
450 1363 766 1404 continentibus
797 1363 882 1403 tuis
915 1362 1100 1417 scriptis,
1132 1362 1177 1402 in
1209 1362 1364 1416 quibus
1395 1377 1487 1416 per-

140 1424 312 1476 petuam
342 1436 485 1463 rerum
521 1424 737 1478 gestarum
767 1421 992 1462 historiam
1024 1421 1318 1475 conplecteris,
1357 1435 1487 1462 secer—

141 1495 216 1521 nas
241 1481 350 1521 hanc
369 1481 489 1534 quasi
507 1481 696 1521 fabulam
716 1495 857 1521 rerum
878 1483 1210 1534 eventorumque
1229 1483 1486 1521 nostrorum.

141 1538 284 1580 Habet
315 1540 427 1580 enim
458 1540 598 1580 varios
629 1542 746 1580 actus
777 1539 1119 1592 mutationesque
1145 1541 1187 1579 et
1212 1539 1487 1580 consiliorum

90 1609 123 1634 25
144 1600 186 1637 et
210 1599 461 1651 temporum.
522 1597 586 1638 Ac
610 1613 697 1639 non
722 1612 881 1652 vereor,
912 1612 965 1638 ne
998 1598 1363 1638 adsentatiuncula
1388 1612 1488 1651 qua-

144 1656 240 1696 dam
271 1656 471 1710 aucupari
501 1658 619 1697 tuam
650 1657 832 1711 gratiam
863 1656 1018 1710 videar,
1051 1671 1180 1710 quom
1211 1656 1292 1696 hoc
1318 1656 1487 1697 demon-

144 1717 291 1767 strem,
328 1728 395 1754 me
433 1729 457 1754 a
487 1716 529 1754 te
565 1715 835 1768 potissimum
868 1715 1010 1755 ornari
1048 1715 1335 1768 celebrarique
1367 1715 1486 1755 velle.

142 1771 293 1826 Neque
324 1772 437 1812 enim
467 1775 514 1812 tu
540 1772 576 1813 is
601 1787 656 1826 es,
688 1773 772 1826 qui,
804 1773 907 1826 quid
931 1774 999 1827 sis,
1030 1773 1203 1827 nescias,
1235 1776 1277 1814 et
1303 1773 1376 1826 qui
1400 1787 1487 1813 non

145 1845 215 1872 eos
246 1831 398 1885 magis,
437 1831 510 1884 qui
540 1833 582 1871 te
613 1845 699 1871 non
731 1831 1008 1884 admirentur,
1046 1831 1213 1872 invidos
1245 1846 1372 1885 quam
1404 1845 1486 1885 eos,

91 1902 125 1927 30
145 1889 218 1943 qui
248 1889 437 1942 laudent,
475 1889 762 1930 adsentatores
799 1889 1022 1944 arbitrere3
1059 1904 1195 1943 neque
1234 1892 1375 1936 autem
1407 1904 1485 1944 ego

144 1963 238 1988 sum
275 1947 335 1988 ita
367 1947 555 2000 demenS,
595 1950 643 1988 ut
679 1962 747 1988 me
778 1948 1059 2001 sempiternae
1089 1948 1252 2003 gloriae
1282 1962 1360 2001 per
1390 1962 1487 1988 eum

145 2006 430 2047 commendari
460 2006 604 2059 velim,
643 2006 716 2060 qui
751 2020 838 2046 non
874 2006 963 2059 ipse
1002 2020 1170 2059 quoque
1202 2006 1246 2046 in
1276 2020 1344 2046 me
1376 2020 1487 2046 com-

143 2064 379 2105 mendando
410 2065 629 2119 propriam
661 2064 821 2119 ingenii
852 2064 1035 2119 gloriam
1067 2067 1359 2118 consequatur.
1402 2063 1486 2105 Ne-

145 2138 225 2177 que
263 2124 375 2164 enim
405 2123 647 2163 Alexander
684 2123 754 2163 ille
791 2123 954 2177 gratiae
992 2137 1116 2163 causa
1147 2123 1199 2163 ab
1232 2122 1382 2177 Apelle
1413 2137 1487 2177 po-

92 2192 124 2218 35
143 2182 356 2222 tissimum
391 2182 512 2238 pingi
550 2184 591 2222 et
622 2197 646 2222 a
676 2180 863 2235 Lysippo
901 2181 1007 2236 fingi
1038 2181 1226 2235 volebat,
1268 2181 1340 2222 sed
1372 2182 1486 2236 quod

144 2241 316 2281 illorum
353 2244 486 2281 artem
527 2255 622 2281 cum
660 2240 761 2293 ipsis
798 2243 891 2280 tum
928 2240 1056 2280 etiam
1088 2240 1170 2280 sibi
1201 2239 1363 2295 gloriae
1394 2240 1485 2281 fore

142 2298 331 2352 putabat.
392 2298 535 2353 Atque
565 2299 629 2340 illi
655 2298 835 2339 artifices
861 2298 1050 2353 corporis
1077 2299 1301 2339 simulacra
1326 2298 1485 2354 ignotis
