1659 2552
181 84 236 124 62
678 80 1014 116 EPISTULARUM

181 194 256 233 per
287 193 390 233 quas
424 192 589 219 mecum
621 176 791 233 agebas,
828 190 880 216 ne
913 189 983 216 eos
1021 174 1286 229 impedirem,
1324 189 1406 229 quo
1439 174 1514 215 mi-

182 252 261 279 nus
292 240 387 278 ante
417 237 599 278 hiemem
625 235 904 287 aedificarent,
935 248 1020 274 non
1047 248 1117 274 eos
1143 233 1195 274 ad
1219 248 1285 274 me
1314 236 1514 275 venturos

183 296 472 338 arbitrabare?
504 295 688 336 Tametsi
716 294 758 334 id
784 293 953 347 quidem
979 293 1168 333 fecerunt
1193 292 1386 347 ridicule3
1411 306 1514 346 quas

183 356 295 396 enim
331 355 494 395 litteras
531 353 792 405 adferebant,
830 354 877 392 ut
915 365 1020 405 opus
1057 353 1213 391 aestate
1250 351 1385 392 facere
1421 364 1513 405 pos-

183 418 292 468 sent,
333 428 401 454 eas
438 413 542 453 mihi
579 415 675 466 post
712 411 906 451 brumam
944 409 1226 450 reddiderunt.
1288 408 1371 450 Sed
1409 409 1514 450 scito
1552 419 1568 445 5

183 476 225 514 et
255 448 390 513 niulto
430 472 564 526 pluris
604 485 708 523 esse,
747 469 818 523 qui
852 469 901 509 de
931 468 1106 509 tributis
1143 470 1352 522 recusent,
1390 482 1516 522 quam

184 532 256 586 qui
283 531 394 585 exigi
420 531 564 584 velint,
589 533 631 570 et
656 544 721 569 me
747 531 899 582 tamen,
931 527 1044 581 quod
1068 529 1110 568 te
1136 527 1242 568 velle
1268 527 1516 580 existimem,

185 605 271 631 esse
304 591 523 631 facturum.
575 588 636 628 De
668 586 875 641 Appianis
905 585 1118 627 hactenus.

271 647 310 690 A
342 648 564 701 Pausania,
595 646 765 687 Lentuli
796 645 968 699 liberto,
1007 659 1178 686 accenso
1209 659 1321 698 meo,
1363 643 1516 697 audivi,

185 721 279 748 cum
312 707 466 747 diceret
497 709 538 747 te
570 720 709 746 secum
741 719 829 745 esse
861 706 1066 758 questum,
1098 703 1211 757 quod
1241 703 1320 744 tibi
1347 702 1516 743 obviam
1536 714 1570 739 1⁰

184 781 269 807 non
300 766 543 831 prodissem.
606 763 775 804 Scilicet
806 763 1037 816 contempsi
1069 765 1122 816 te,
1152 776 1229 802 nec
1258 764 1399 816 potest
1423 760 1515 802 fieri

184 840 250 865 me
290 825 513 878 quicquam
553 822 790 877 superbius!
853 820 959 862 Cum
995 835 1100 875 puer
1136 823 1234 861 tuus
1271 820 1323 861 ad
1359 834 1426 861 me
1457 834 1517 860 se-

186 884 319 924 cunda
357 884 442 923 fere
479 882 627 937 vigilia
662 881 862 934 venisset,
902 880 1020 934 isque
1057 882 1098 920 te
1137 882 1231 920 ante
1263 880 1399 920 lucem
1429 877 1517 919 Ico-

186 943 302 983 nium
328 941 432 982 mihi
458 943 682 982 ventulum
713 914 958 993 nuntiasset,
983 939 1285 992 incertumque,
1316 940 1412 978 utra
1436 938 1515 991 via,

187 1016 280 1042 cum
313 1003 449 1041 essent
482 1000 603 1053 duae,
636 999 767 1039 altera
797 997 1049 1052 Varronem,
1086 999 1207 1038 tuum
1243 996 1516 1037 familiarissi-
1537 1007 1570 1032 15

186 1075 313 1113 mum,
340 1060 471 1099 altera
497 1058 542 1108 Q.
568 1058 756 1112 Leptam,
785 1057 1043 1111 praefectum
1068 1055 1234 1096 fabrum
1260 1070 1412 1108 meum,
1436 1055 1516 1096 tibi

187 1119 354 1159 obviam
392 1118 499 1158 misi.
560 1116 757 1157 Mandavi
795 1115 964 1169 utrique
1002 1129 1165 1169 eorum,
1203 1117 1251 1155 ut
1290 1115 1428 1168 †ante
1466 1113 1517 1154 ad

186 1192 252 1218 me
284 1179 563 1230 excurrerent,
595 1178 642 1216 ut
673 1175 751 1215 tibi
785 1174 953 1215 obviam
984 1174 1153 1228 prodire
1183 1187 1360 1228 possem.
1417 1171 1518 1213 Cur-

188 1251 282 1277 rens
323 1235 455 1289 Lepta
504 1234 620 1276 venit
668 1233 857 1287 mihique
905 1232 1117 1273 nuntiavit
1166 1235 1207 1272 te
1256 1232 1340 1272 iam
1383 1233 1518 1272 castra

186 1297 543 1349 praetergressum
574 1307 672 1333 esse.
736 1291 967 1332 Confestim
998 1290 1188 1332 Iconium
1220 1291 1326 1331 veni.
1369 1289 1516 1331 Cetera
1536 1302 1570 1325 20

187 1355 269 1394 iam
307 1353 386 1393 tibi
424 1354 524 1392 nota
563 1354 671 1392 sunt.
732 1350 800 1390 An
832 1364 910 1405 ego
948 1349 1028 1390 tibi
1060 1349 1227 1390 obviam
1258 1363 1343 1389 non
1379 1347 1518 1402 prodi-

187 1426 292 1464 rem,
324 1411 507 1475 primum
539 1409 617 1463 Ap.
652 1408 844 1462 Claudio,
885 1408 1031 1449 deinde
1069 1408 1331 1462 imperatori,
1370 1406 1517 1447 deinde

186 1485 302 1511 more
327 1469 547 1522 maior,um
580 1468 738 1521 deinde,
771 1467 883 1520 quod
915 1470 1038 1520 caput
1064 1469 1137 1521 est,
1169 1466 1320 1519 amico,
1353 1480 1446 1506 cum
1475 1465 1517 1505 in

187 1530 269 1570 isto
312 1542 463 1584 ‹rene1e
512 1527 646 1567 multo
690 1526 815 1566 etiam
865 1525 1130 1566 ambitiosius
1172 1525 1307 1565 facere
1350 1524 1518 1577 soleam,

145 1598 157 1606 ⁹
189 1602 314 1642 quam
312 1564 479 1627 0honos
510 1600 626 1626 meus
659 1587 700 1625 et
732 1584 914 1638 di‹›·nit1s
945 1584 1160 1637 postulat?
1192 1582 1274 1624 Sed
1298 1583 1400 1623 haec
1423 1582 1518 1623 hac·
1537 1593 1572 1618 25

188 1650 320 1687 tenus,
352 1644 463 1685 Illud
482 1644 593 1685 idem
612 1643 819 1684 Pausania
840 1643 1004 1683 dicebat
1024 1646 1064 1683 te
1086 1642 1256 1683 dixisse:
1289 1640 1518 1690 Quidni?

188 1705 379 1759 Appius
410 1703 643 1756 Lentulo,
675 1701 917 1743 Lentulus
942 1701 1120 1755 Ampio
1153 1700 1405 1755 processit
1436 1700 1518 1741 ob-

189 1764 334 1816 iiam,
374 1761 546 1802 Cicero
584 1761 748 1815 Appio
785 1760 1004 1800 noluit?’
1049 1759 1228 1814 Quaeso,
1260 1759 1441 1800 etiamne
1471 1761 1518 1799 tu

187 1822 262 1862 has
300 1821 495 1875 ineptias,
535 1820 663 1861 homo
707 1834 799 1860 mea
839 1819 1045 1859 sententia
1087 1833 1249 1859 summa
1284 1817 1518 1872 prudentia,

188 1881 321 1921 multa
353 1880 479 1920 etiam
512 1878 719 1932 doctrina,
750 1878 933 1932 plurimo
966 1892 1105 1918 rerum
1137 1892 1226 1931 usu,
1259 1876 1364 1917 addo
1396 1875 1517 1916 urba·
1537 1886 1573 1910 30

188 1940 382 1991 nitatem,
415 1952 520 1992 quae
553 1939 615 1978 est
646 1937 798 1990 virtus,
836 1939 883 1977 ut
915 1935 1047 1977 Stoici
1078 1936 1308 1977 rectissime
1338 1933 1518 1989 putant?

188 1998 317 2038 ullam
357 1972 627 2051 Appietatem
668 1998 740 2036 aut
779 1971 1081 2036 Lentulitatem
1124 1994 1261 2035 valere
1302 1992 1412 2047 apud
1451 2006 1517 2032 me

190 2057 281 2109 plus
314 2071 439 2110 quam
471 2057 715 2096 ornamenta
745 2054 916 2095 virtutis
941 2053 1183 2094 existimas?
1216 2051 1320 2092 Cum
1352 2065 1399 2091 ea
1424 2064 1518 2091 con—

189 2131 229 2155 31
222 2118 354 2155 cutus
380 2114 567 2155 nondum
593 2128 718 2168 eram,
750 2127 855 2167 quae
881 2114 979 2153 sunt
1002 2112 1222 2152 hominum
1249 2109 1519 2164 opinionibus

189 2173 462 2227 ¹implissima,
500 2175 641 2213 tamen
678 2172 759 2213 ista
795 2173 935 2212 vestra
964 2171 1135 2211 nomina
1164 2182 1394 2222 numquam
1425 2182 1518 2208 sum
1537 2178 1574 2204 35

189 2232 434 2286 idmiratusg
466 2231 580 2272 viros
605 2245 687 2285 eos,
720 2230 791 2285 qui
818 2244 865 2271 ea
889 2229 1010 2270 vobis
1035 2227 1312 2292 reliquissent,
1343 2240 1518 2282 magnos

189 2289 434 2330 ‹ubitraban
496 2289 647 2330 Postea
691 2303 790 2329 vero
836 2302 959 2342 quam
1006 2287 1065 2328 ita
1108 2290 1149 2327 et
1192 2285 1281 2340 cepi
1326 2287 1366 2326 et
1409 2285 1518 2341 gessi
