1659 2552
180 94 265 135 268
646 95 985 129 EPISTULARUM

180 191 425 246 paratiores,
456 205 542 232 non
574 192 711 232 solum
745 192 850 231 bene
882 205 1049 245 sperare
1082 191 1131 232 de
1162 192 1286 233 nobis
1316 192 1522 248 homines,

182 250 254 290 sed
280 250 496 304 explorate
524 251 707 291 iudicare
735 251 940 290 volumus.
995 249 1204 305 Legiones
1234 251 1370 292 habeo
1403 252 1522 306 quin-

182 323 263 363 que
295 309 372 350 sub
411 309 544 365 signis
577 312 617 349 et
656 324 729 349 sua
768 309 849 349 fide
880 309 1121 363 virtuteque
1160 309 1219 350 rei
1257 325 1294 364 p.
1328 311 1522 352 coniunc-

180 367 365 409 tissimas
398 371 439 409 et
477 371 621 408 nostra
652 367 907 408 liberalitate
938 368 1062 408 nobis
1095 368 1390 423 obsequentes,
1427 384 1521 423 pro-

182 427 364 467 vinciam
403 427 593 467 omnium
632 426 869 467 civitatium
902 441 1107 468 consensu
1138 428 1449 481 paratissimam
1480 431 1522 469 et
1559 440 1574 464 5

182 500 346 526 summa
377 486 646 526 contentione
679 485 732 525 ad
763 485 903 526 officia
935 488 1177 541 certantem,
1209 486 1421 541 equitatus
1453 501 1522 528 au-

182 544 466 598 xiliorumque
504 547 642 585 tantas
675 544 833 599 copias,
876 547 1054 598 quantas
1084 544 1163 585 hae
1193 548 1341 600 gentes
1373 545 1425 586 ad
1457 545 1523 586 de-

181 603 432 644 fendendam
471 618 589 643 suam
627 603 805 644 salutem
837 603 1163 658 libertatemque
1195 605 1399 645 conficere
1430 619 1523 659 pos-

181 664 297 716 sunt·
323 663 411 716 ipse
433 662 491 702 ita
512 676 605 702 sum
625 662 766 702 animo
787 665 970 716 paratus,
985 665 1031 703 ut
1045 663 1112 703 vel
1131 663 1392 717 provinciam
1412 663 1522 704 tueri

181 721 248 761 vel
280 721 351 775 ire,
385 735 468 775 quo
501 735 566 761 res
597 736 634 775 p.
669 724 807 775 vocet,
839 721 906 762 vel
936 722 1101 762 tradere
1133 722 1377 776 exercitum,
1408 722 1523 763 auxi-
1543 734 1576 760 10

180 780 237 820 lia
277 780 623 834 provinciamque
661 780 729 820 vel
766 755 934 821 oinnem
978 780 1183 834 impetum
1224 781 1326 822 belli
1369 781 1413 822 in
1455 795 1522 822 me

182 841 425 879 convertere
457 853 543 880 non
575 853 775 893 r,ecusem
807 839 843 879 si
873 839 1000 880 modo
1026 854 1120 880 meo
1147 854 1245 881 casu
1270 843 1343 881 aut
1375 840 1523 881 confir-

180 912 295 938 mare
326 897 487 951 patriae
520 897 699 938 salutem
730 901 802 938 aut
839 898 1074 952 periculum
1105 899 1265 953 possim
1295 899 1463 940 morari.

134 967 153 998 7
269 956 385 997 Haec
417 956 452 997 si
483 956 568 997 iam
599 957 807 1011 expeditis
833 957 1030 998 omnibus
1058 957 1184 998 rebus
1209 958 1524 1013 tranquilloque

181 1018 294 1056 statu
333 1015 518 1056 civitatis
549 1016 770 1071 polliceor,
808 1016 853 1056 in
885 1016 1038 1057 damno
1075 1031 1192 1057 meae
1224 1017 1360 1058 laudis
1392 1017 1452 1058 rei
1483 1027 1575 1072 p.15

181 1075 402 1115 commodo
434 1075 644 1129 laetabor,
683 1075 748 1115 sin
785 1075 838 1115 ad
875 1075 1120 1116 societatem
1151 1076 1523 1132 integerrimorum

181 1136 222 1174 et
253 1133 538 1174 maximorum
575 1134 862 1188 periculorum
894 1134 1098 1188 accedam,
1132 1135 1306 1175 consilia
1336 1149 1430 1176 mea
1461 1150 1524 1176 ae-

181 1192 275 1246 quis
313 1192 524 1233 iudicibus
565 1193 617 1233 ab
651 1193 959 1247 optrectatione
991 1193 1233 1234 invidorum
1265 1194 1525 1235 defendenda

180 1251 440 1292 commendo.
501 1250 610 1291 Mihi
642 1251 813 1305 quidem
844 1252 925 1306 ipsi
950 1252 1113 1293 fructus
1138 1253 1388 1294 meritorum
1413 1267 1524 1294 meo-

179 1324 274 1350 rum
312 1310 356 1350 in
394 1310 455 1351 rei
492 1326 530 1364 p.
563 1310 855 1351 incolumitate
895 1311 996 1351 satis
1028 1326 1207 1365 magnus
1239 1314 1302 1352 est
1333 1315 1522 1366 paratus‘3
1543 1322 1576 1347 20

179 1383 251 1409 eos
270 1383 382 1422 vero,
403 1368 476 1423 qui
495 1383 632 1409 meam
653 1369 949 1410 auctoritatem
969 1372 1010 1409 et
1030 1370 1165 1410 multo
1186 1370 1321 1425 magis
1341 1373 1523 1411 vestram

178 1427 305 1468 fidem
338 1427 470 1468 secuti
502 1441 578 1468 nec
609 1427 695 1468 ulla
727 1442 799 1481 spe
833 1428 967 1481 decipi
1000 1442 1075 1468 nec
1107 1429 1194 1469 ullo
1227 1431 1342 1469 metu
1373 1429 1522 1470 terreri

178 1489 426 1541 potuerunt,
466 1489 513 1526 ut
545 1487 860 1528 commendatos
891 1487 1014 1527 vobis
1045 1487 1253 1542 habeatiS,
1294 1488 1523 1542 petendum

178 1544 357 1586 videtur.

814 1650 886 1692 IX.
1542 1663 1576 1689 25

215 1730 289 1766 Scr.
318 1732 358 1765 in
384 1731 511 1766 Gallia
537 1731 770 1767 Narbonensi
802 1732 859 1766 VI
879 1737 944 1767 aut
978 1732 1011 1764 V
1036 1732 1082 1766 K.
1111 1732 1206 1767 Mai.
1233 1744 1267 1767 α.
1295 1736 1363 1767 711
1392 1735 1480 1778 (43).

588 1813 805 1848 PLANCUS
833 1813 1056 1848 CICERONI
1083 1813 1116 1849 S.

135 1908 151 1938 1
268 1896 392 1938 Nihil
423 1912 489 1938 me
521 1898 602 1938 tibi
634 1900 791 1938 temere
824 1900 896 1939 aut
928 1901 968 1938 te
1005 1898 1154 1938 ceteris
1188 1898 1236 1939 de
1268 1912 1335 1939 me
1367 1898 1523 1939 frustra

180 1956 385 2010 recepisse
422 1956 574 2011 laetor·
616 1960 727 1997 certe
768 1957 849 1997 hoc
885 1957 1021 1997 maius
1062 1957 1192 1997 habes
1232 1957 1523 1998 testimonium

180 2015 336 2055 stimolis
373 2016 473 2070 mei,
512 2030 595 2069 quo
632 2016 840 2056 maturius
877 2015 957 2056 tibi
997 2030 1123 2069 quam
1161 2016 1310 2058 ceteris
1347 2015 1522 2056 consilia
1542 2027 1575 2053 30

179 2088 271 2114 mea
310 2074 426 2114 volui
467 2088 555 2115 esse
595 2077 707 2115 nota.
767 2073 818 2114 In
859 2074 947 2115 dies
984 2089 1084 2115 vero
1124 2074 1373 2115 meritoium
1411 2089 1522 2115 meo-

181 2147 274 2172 rum
312 2133 403 2173 fieri
442 2133 699 2174 accessiones
736 2133 954 2187 pervidere
992 2136 1033 2174 te
1071 2147 1210 2187 Spero,
1251 2132 1522 2188 cogniturum

134 2200 153 2230 2
180 2191 316 2245 magis
354 2191 523 2245 recipio.
587 2192 708 2240 Quod
746 2192 799 2232 ad
835 2206 902 2232 me
940 2192 1109 2246 attinet,
1149 2191 1208 2232 ini
1241 2190 1404 2245 Cicero,
1438 2190 1522 2248 (ita

182 2249 233 2288 ab
262 2250 582 2291 imminentibus
607 2251 730 2291 malis
762 2265 827 2291 res
857 2266 896 2305 p.
929 2265 995 2291 me
1022 2251 1246 2291 adiuvante
1276 2250 1520 2306 liberetur!)

182 2307 240 2347 sic
267 2307 448 2349 honores
473 2309 743 2363 praemiaque
763 2311 903 2350 vestra
929 2309 1112 2363 suspicio
1133 2309 1384 2350 conferenda
1411 2312 1521 2350 certe
1541 2319 1574 2346 35
