1659 2552
183 68 269 110 304
689 69 1029 104 EPISTULARUM

184 163 228 204 in
260 166 380 204 tanta
417 164 656 218 frequentia
693 164 880 205 militum
911 166 1226 219 veteranorum,
1265 178 1370 218 quos
1401 164 1530 206 etiam

185 223 234 263 de
267 223 508 277 reponenda
539 238 610 264 ara
637 223 823 277 cogitare
855 222 1066 278 audimus3
1099 223 1213 277 quod
1237 223 1344 264 velle
1370 225 1411 264 et
1435 237 1531 278 pro-

184 281 284 322 bare
321 282 394 322 vix
431 282 655 336 quisquam
692 296 815 335 posse
852 281 1037 335 videtur,
1079 282 1151 336 qui
1191 296 1268 323 nos
1310 281 1448 323 salvos
1488 284 1531 324 et

184 339 386 381 honestos
429 341 542 381 velit.
615 340 707 382 Nos
751 340 803 380 ab
854 339 978 380 initio
1022 343 1231 394 spectasse
1275 340 1411 381 otium
1453 354 1531 382 nec

186 399 412 453 quicquam
445 399 559 439 aliud
590 399 787 440 libertate
816 399 1030 440 communi
1063 399 1273 453 quaesisse
1299 399 1438 440 exitus
1464 399 1531 440 de-
1567 411 1583 437 5

185 458 327 499 clarat.
389 457 552 498 Fallere
592 472 716 498 nemo
757 471 835 498 nos
871 460 1012 511 potest
1049 458 1130 499 nisi
1167 461 1233 513 tu,
1273 458 1388 512 quod
1419 460 1531 499 certe

185 516 304 557 abest
335 517 388 557 ab
420 520 493 557 tua
524 516 681 557 virtute
708 519 749 557 et
775 516 875 571 ficle3
907 516 978 557 sed
1004 516 1111 557 alius
1136 531 1260 558 nemo
1285 517 1531 558 facultatem

184 575 315 616 habet
348 575 582 629 decipiendi
614 589 708 630 nos3
740 574 821 616 tibi
853 575 966 616 enim
998 576 1071 616 uni
1098 575 1352 616 credidimus
1378 578 1420 616 et
1446 589 1531 617 cre-

188 634 318 674 dituri
362 649 517 675 sumus.
584 633 773 675 Maximo
817 633 970 675 timore
1015 634 1065 675 de
1108 634 1232 675 nobis
1276 634 1532 675 adficiuntur

187 693 310 733 amici
342 693 495 747 nostri3
528 693 682 746 quibus
709 693 787 734 etsi
812 695 886 733 tua
910 693 1014 733 fides
1040 694 1258 747 explorata
1283 695 1357 747 est,
1388 695 1531 734 tamen
1551 705 1584 730 10

187 751 294 792 illud
325 751 369 791 in
406 751 593 792 mentem
624 751 757 806 venit,
795 751 1113 793 multitudinem
1144 755 1441 793 veteranorum
1472 752 1531 792 fa-

186 811 308 851 cilius
335 810 496 864 impelli
523 810 575 851 ab
603 810 697 851 aliis
723 810 915 864 quolibet
941 825 1067 865 quam
1088 826 1111 851 a
1129 813 1171 852 te
1197 811 1371 852 retineri
1395 824 1529 865 posse.

185 868 409 910 Rescribas
447 869 571 910 nobis
609 869 661 910 ad
694 870 852 923 omnia,
890 884 1106 925 rogamus,
1143 884 1241 911 nam
1272 869 1379 910 illud
1409 869 1530 911 valde

184 928 276 968 leve
308 930 371 968 est
403 942 450 968 ac
480 928 772 984 nugatorium,
811 943 859 970 ea
889 943 934 969 re
975 929 1269 970 denuntiatum
1301 942 1389 969 esse
1420 930 1531 969 vete-

186 987 316 1040 ranis,
358 987 472 1040 quod
510 987 559 1028 de
597 987 830 1028 commodis
862 1001 1008 1028 eorum
1039 1002 1181 1028 mense
1211 986 1335 1028 Iunio
1366 987 1529 1028 laturus
1550 998 1582 1024 15

186 1059 306 1086 esses.
369 1044 503 1094 Quem
541 1046 653 1087 enim
690 1046 994 1100 impedimento
1032 1046 1223 1087 futurum
1254 1048 1395 1101 putaS,
1434 1060 1530 1087 cum

187 1104 235 1144 de
279 1104 404 1145 nobis
449 1107 611 1145 certum
656 1105 710 1145 sit
754 1120 830 1146 nos
875 1105 1125 1159 quieturos?
1185 1105 1285 1146 Non
1330 1105 1529 1146 debemus

186 1163 383 1217 cuiquam
427 1164 561 1204 videri
611 1163 791 1204 nimium
836 1164 978 1217 cupidi
1021 1164 1153 1218 vit—ae,
1204 1178 1298 1205 cum
1343 1163 1528 1204 acc-idere

185 1221 309 1262 nobis
340 1221 449 1262 nihil
479 1222 615 1276 possit
647 1223 735 1263 sine
771 1223 956 1277 pernicie
988 1226 1029 1264 et
1061 1223 1306 1264 confusione
1339 1222 1529 1264 omnium

185 1295 337 1321 rerum.
1548 1292 1582 1318 20

819 1385 893 1427 III.

409 1465 483 1501 Ser.
511 1465 671 1510 Neapoli
692 1467 792 1510 prid.
819 1467 905 1500 Non
932 1466 1026 1502 Sext.
1053 1478 1086 1501 α.
1116 1468 1186 1501 710
1214 1468 1303 1509 (44).

312 1547 500 1582 BRUTUS
526 1547 587 1581 ET
614 1547 803 1583 CAssrUs
828 1523 907 1583 PR]
929 1547 962 1583 s.
988 1547 1031 1583 D.
1058 1547 1275 1582 ANTONIO
1304 1546 1399 1582 000.

275 1630 313 1671 S.
335 1646 371 1671 v.
392 1631 430 1672 b.
481 1631 664 1672 Litteras
691 1634 784 1672 tuas
815 1632 996 1687 legimus
1029 1631 1267 1672 simillimas
1300 1631 1427 1673 edicti
1452 1632 1528 1687 tui,

185 1690 523 1745 contumeliosas,
548 1690 743 1745 minaces,
770 1691 943 1732 minime
971 1691 1130 1746 dignas,
1157 1705 1263 1745 quae
1288 1706 1311 1731 a
1337 1693 1378 1732 te
1404 1690 1528 1732 nobis
1549 1702 1582 1728 2⁵

184 1749 466 1789 mitterentur.
528 1748 630 1804 Nos,
662 1748 836 1804 Antoni,
868 1753 909 1791 te
934 1750 1051 1790 nulla
1082 1749 1342 1790 lacessiimus
1372 1749 1528 1790 iniuria

184 1822 319 1861 neque
350 1807 603 1848 miraturum
637 1809 901 1863 credidimus,
934 1809 969 1849 si
1000 1811 1215 1862 praetores
1248 1811 1289 1849 et
1315 1823 1362 1849 ea
1393 1808 1528 1864 digni-

184 1869 270 1906 tate
308 1866 502 1907 homines
541 1867 702 1921 aliquid
740 1867 876 1908 edicto
916 1868 1247 1921 postulassemus
1285 1881 1308 1907 a
1346 1867 1526 1908 consule.

187 1924 346 1973 Quodsi
379 1925 614 1981 indignaris
647 1941 770 1967 ausos
803 1940 890 1967 esse
923 1926 967 1966 id
997 1926 1150 1978 facere,
1183 1925 1361 1966 concede
1392 1924 1528 1979 nobis,

184 1987 230 2024 ut
263 1984 480 2025 doleamus
517 1999 569 2025 ne
606 1985 687 2025 hoc
729 1985 899 2039 quidem
940 1985 1014 2025 abs
1051 1988 1093 2026 te
1130 1984 1265 2025 Bruto
1303 1986 1344 2025 et
1383 1982 1526 2024 Cassio
1546 1994 1580 2020 80

184 2042 327 2083 tribui.
390 2042 502 2084 Nam
536 2043 584 2084 de
613 2043 837 2084 dilectibus
868 2043 1027 2084 habitis
1059 2046 1101 2084 et
1131 2042 1319 2097 pecuniis
1351 2042 1528 2096 impera-

185 2101 250 2155 tis,
285 2101 541 2142 exercitibus
574 2102 814 2143 sollicitatis
847 2105 889 2143 et
919 2102 1081 2143 nuntiis
1106 2104 1222 2142 trans
1247 2115 1361 2141 mare
1387 2100 1528 2141 missis

185 2160 298 2213 quod
334 2163 376 2201 te
415 2163 611 2214 questum
650 2175 737 2202 esse
776 2175 922 2217 negas,
963 2175 1040 2202 nos
1079 2160 1248 2215 quidem
1285 2159 1367 2200 tibi
1399 2159 1527 2200 credi-

183 2233 276 2258 mus
304 2219 466 2272 optimo
500 2220 640 2260 animo
673 2222 715 2260 te
747 2220 907 2274 fecisse,
939 2219 1011 2260 sed
1039 2215 1180 2260 tam'en
1205 2232 1340 2272 neque
1372 2218 1528 2274 adgno-

184 2276 338 2317 scimus
371 2278 597 2331 quicquam
631 2292 776 2319 eorum
811 2281 852 2319 et
884 2277 924 2319 te
956 2278 1171 2331 miramur,
1207 2291 1301 2317 cum
1332 2277 1436 2318 haec
1466 2291 1527 2318 re-
1546 2286 1580 2313 35
