1659 2552
575 105 720 140 LIBER
739 106 789 140 V]
817 110 872 151 10,
901 110 954 142 11.
1365 109 1446 150 157

99 200 226 255 idque
257 203 305 242 ut
336 201 483 256 facias,
522 201 650 242 etiam
688 203 814 256 atque
852 202 980 243 etiam
1011 204 1053 243 te
1085 202 1246 244 hortor.
1310 202 1447 245 Simul
1474 215 1493 246 5

100 262 142 300 et
172 259 279 300 fflud
309 260 402 314 tibi,
434 260 599 301 homini
630 260 890 314 peritissimo
916 275 1059 302 rerum
1085 264 1127 302 et
1153 262 1445 316 exemplorum

100 320 142 359 et
174 318 311 359 omnis
342 319 578 374 vetustatis,
609 334 661 360 ne
693 319 782 373 ipse
816 319 986 373 quidem
1018 320 1146 375 rudis,
1179 320 1254 361 sed
1284 321 1329 361 111
1361 324 1446 362 stu-

100 377 169 417 dio
200 377 341 418 minus
372 378 550 418 fortasse
560 412 570 432 ,
604 392 731 432 quam
762 378 932 433 vellem,
971 378 1049 434 [et]
1083 379 1128 420 in
1159 379 1286 420 rebus
1318 382 1444 434 atque

63 446 178 476 5usu
215 436 311 490 plus
349 436 494 491 etiam,
533 451 660 491 quam
691 437 860 491 vellem,
897 440 1088 479 versatus
1126 438 1331 493 spondeo,
1363 438 1444 479 tibi

98 495 225 535 istam
268 494 541 536 acerbitatem
586 498 627 536 et
675 495 874 537 iniuriam
917 510 1003 537 non
1055 497 1298 538 diuturnam
1341 497 1443 538 fore.

97 552 210 594 Nam
237 555 278 594 et
303 554 410 608 ipse,
443 554 515 608 qui
546 554 780 608 plurimum
804 557 957 609 potest,
990 555 1144 596 cotidie
1169 556 1277 597 mihi
1304 555 1442 596 delabi

100 612 153 652 ad
189 612 445 666 aequitatem
484 614 525 653 et
562 613 615 653 ad
652 627 793 654 rerum
823 616 1020 655 naturam
1050 614 1238 669 videtur,
1280 617 1321 655 et
1353 614 1443 669 ipsa

101 684 224 711 causa
256 686 303 711 ea
335 674 408 726 est,
441 674 488 712 ut
519 671 605 712 iam
636 672 763 712 simul
794 686 889 713 cum
921 687 965 714 re
996 688 1048 727 p,
1084 687 1190 727 quae
1221 674 1267 714 in
1297 688 1443 728 perpe-

48 741 80 766 10
99 732 221 770 tuum
261 730 396 771 iacere
435 744 522 770 non
560 733 718 785 potest,
762 731 998 772 necessario
1041 732 1274 773 revivescat
1316 735 1443 786 atque

99 790 330 843 recreetur,
376 789 614 843 cotidieque
658 789 819 843 aliquid
858 791 908 841 fit
947 790 1084 831 lenius
1128 793 1170 831 et
1211 791 1442 844 liberalius,

99 862 226 901 quam
256 847 522 888 timebamus.
586 847 700 897 Quae
739 849 939 902 quoniam
971 849 1015 889 in
1052 851 1294 903 temporum
1325 850 1443 890 incli-

97 906 344 947 nationibus
382 920 505 960 saepe
541 906 684 960 parvis
720 907 860 960 posita
892 911 1007 961 sunt,
1049 908 1191 948 omnia
1226 911 1442 949 momenta

99 964 418 1006 observabimus
444 979 580 1019 neque
606 965 740 1006 ullum
768 967 1245 1019 praetermittemus'tui
1270 967 1442 1008 iuvandi

47 1034 80 1059 15
99 1026 141 1064 et
180 1023 348 1064 levandi
390 1024 543 1064 locum.
604 1022 752 1078 Itaque
794 1025 901 1065 illud
941 1025 1141 1079 alterum,
1186 1026 1300 1080 quod
1341 1026 1440 1079 dixi,
1468 1038 1487 1067 03

97 1082 337 1123 litterarum
368 1097 501 1138 genus
534 1083 687 1123 cotidie
712 1083 831 1137 mihi,
863 1086 910 1124 ut
936 1097 1070 1138 spero,
1102 1085 1176 1125 fiet
1200 1084 1443 1138 procliviuS,

98 1143 147 1181 ut
178 1141 307 1182 etiam
337 1141 529 1195 polliceri
567 1141 738 1195 possim.
799 1140 849 1182 Id
879 1156 924 1183 re
957 1157 1083 1196 quam
1114 1143 1256 1183 verbis
1291 1143 1443 1183 fac-iam

98 1200 312 1240 libentius.
373 1199 439 1240 Tu
467 1200 593 1241 velim
625 1200 840 1241 existimes
872 1203 913 1241 et
943 1202 1078 1255 pluris
1109 1203 1151 1242 te
1184 1202 1341 1242 amicos
1371 1201 1443 1242 ha-

99 1258 210 1312 bere,
242 1273 370 1313 quam
402 1258 475 1313 qui
506 1259 551 1299 in
582 1259 664 1300 isto
697 1273 795 1300 casu
827 1259 911 1300 sint
944 1274 991 1300 ac
1022 1260 1201 1314 fuerint,
1236 1263 1442 1314 quantum

46 1327 80 1352 20
100 1317 271 1371 quidem
303 1331 381 1372 ego
412 1317 659 1373 intellegere
683 1318 913 1372 potuerim,
947 1321 988 1359 et
1018 1333 1086 1359 me
1118 1319 1345 1359 concedere
1378 1333 1443 1360 eo-

99 1390 194 1417 rum
224 1376 395 1416 nemini.
456 1375 629 1417 Fortem
661 1376 727 1417 fac
758 1377 947 1417 animum
977 1377 1134 1418 habeas
1161 1380 1202 1418 et
1227 1392 1442 1433 magnum,

100 1434 214 1489 quod
245 1437 307 1476 est
338 1435 382 1475 in
414 1449 498 1476 uno
530 1438 587 1490 te3
621 1449 727 1489 quae
759 1438 858 1476 sunt
888 1436 932 1476 in
964 1436 1147 1490 fortuna,
1177 1436 1443 1492 temporibus

100 1495 300 1549 regentur
331 1496 373 1535 et
404 1494 591 1534 consiliis
622 1494 780 1535 nostris
809 1494 1159 1548 providebuntur.

731 1598 803 1641 XI.

47 1689 82 1715 25
320 1678 394 1713 Ser.
421 1680 461 1712 in
491 1679 694 1714 Tusculano
720 1681 770 1714 in.
797 1691 841 1714 m.
868 1680 953 1713 Iam.
981 1691 1014 1714 α.
1046 1682 1118 1714 709
1145 1681 1236 1724 (45).

438 1759 487 1794 M.
515 1759 682 1793 CICERO
710 1759 743 1794 S.
769 1759 812 1793 D.
840 1759 1097 1795 TREBIANO.

190 1842 458 1884 Dolabellam
499 1846 621 1883 antea
663 1845 830 1883 tantum
870 1843 997 1884 modo
1040 1844 1292 1899 diligebam,
1338 1844 1443 1884 obli-
1472 1857 1487 1886 1

102 1904 226 1958 gatus
259 1902 296 1942 ei
327 1901 436 1942 1111111
468 1915 582 1942 eram
620 1899 716 1956 (nec
754 1901 867 1941 enim
899 1901 1106 1942 acciderat
1137 1902 1244 1943 mihi
1275 1903 1305 1956 †
1338 1916 1443 1956 opus

103 1975 210 2015 esse,
253 1964 294 2001 et
331 1960 403 2001 ille
440 1960 546 2000 mihi
586 1959 784 2013 debebat,
830 1960 944 2013 quod
979 1974 1066 2001 non
1107 1961 1322 2002 defueram
1354 1961 1443 2001 eius

49 2030 83 2055 30
102 2017 337 2075 periculis)3
380 2032 493 2059 nunc
531 2020 650 2058 tanto
694 2032 788 2058 sum
832 2018 1049 2059 devinctus
1093 2019 1182 2059 eius
1225 2019 1442 2073 beneficio,

103 2078 217 2132 quod
247 2080 289 2118 et
320 2080 442 2118 antea
473 2077 517 2117 in
548 2091 592 2117 re
625 2079 666 2117 et
696 2076 777 2117 hoc
808 2078 998 2131 tempore
1030 2077 1074 2117 in
1106 2077 1239 2118 salute
1270 2080 1345 2118 tua
1376 2091 1443 2118 cu-

102 2136 380 2177 mulatissime
416 2135 523 2176 mihi
562 2135 663 2176 satis
693 2135 810 2189 fecit,
848 2138 895 2176 ut
932 2135 1092 2176 nemini
1128 2136 1224 2190 plus
1256 2136 1441 2177 debeam.

103 2194 195 2244 Qua
225 2195 269 2235 in
301 2209 345 2236 re
376 2195 457 2235 tibi
489 2194 682 2250 gratulor
712 2194 772 2234 ita
799 2168 1089 2248 ⁷vehementer,
1121 2197 1169 2234 ut
1199 2196 1242 2235 te
1274 2209 1442 2249 quoque

102 2253 209 2294 mihi
257 2253 463 2309 gratulaii
508 2268 634 2307 quam
677 2252 836 2308 gratias
880 2267 1002 2308 agere
1045 2228 1211 2308 nialim3
1261 2253 1442 2294 alterum

50 2322 84 2347 35
104 2312 276 2353 omnino
307 2326 393 2353 non
426 2312 634 2366 desidero,
675 2311 855 2352 alterum
886 2325 983 2352 vere
1014 2311 1150 2353 facere
1181 2312 1352 2366 poteris
