1659 2552
139 1028 158 1057 [Θ

184 97 270 138 272
674 96 1015 132 EPISTULARUM

184 194 372 248 poribus,
404 195 545 234 tamen
579 193 637 233 ita
669 196 710 234 te
743 193 947 233 victorem
980 192 1235 246 complectar
1266 207 1310 234 re
1344 208 1382 247 p.
1414 207 1530 234 reeu-

184 255 347 307 perata,
380 255 426 293 ut
458 267 656 307 magnam
688 255 852 305 partem
883 251 989 291 mihi
1021 251 1207 292 laetitiae
1238 254 1312 292 tua
1343 252 1528 307 dignitas

185 312 338 365 adfert,
372 326 498 365 quam
531 314 571 351 et
605 326 692 351 esse
726 310 808 350 iam
841 312 882 351 et
914 310 1101 350 futuram
1133 310 1436 364 amplissimam
1467 311 1528 352 in-

184 370 352 426 tellego.
417 369 526 410 Cave
559 369 671 409 enim
709 371 832 423 putes
869 369 976 409 ullas
1009 383 1210 422 umquam
1240 369 1405 410 litteras
1435 385 1528 425 gra-

184 429 314 470 tiores
353 443 478 483 quam
518 431 611 468 tuas
644 428 687 468 in
720 430 867 468 senatu
900 442 988 468 esse
1021 428 1234 482 recitatas3
1274 428 1400 482 idque
1433 442 1528 470 con-

183 488 284 543 tigit
316 502 410 528 611111
442 487 691 527 meritorum
718 489 889 526 tuorum
915 486 959 526 in
985 500 1073 526 rem
1099 502 1137 540 p.
1166 487 1321 528 eximia-
1347 487 1527 542 quadam

183 547 476 602 magnitudine
508 549 598 586 tum
632 545 858 585 verborum
887 545 1275 600 sententiarumque
1307 545 1527 602 gravitate.

184 604 306 654 Quod
344 605 449 645 mihi
488 604 658 658 quidem
689 604 863 644 minime
894 619 1070 658 norum,
1108 605 1180 658 qui
1213 607 1255 645 et
1285 607 1327 646 te
1358 619 1527 646 nossem

185 667 226 705 et
263 666 432 704 tuarum
468 663 708 703 litterarum
745 663 797 703 ad
833 677 900 703 me
937 663 1161 703 missarum
1198 663 1407 717 promissa
1443 678 1528 705 me-

183 723 401 763 minissem
427 725 468 762 et
493 722 693 762 haberem
719 737 743 762 a
767 721 927 762 Furnio
952 724 1098 763 nostro
1130 725 1204 762 tua
1234 723 1404 776 penitus
1431 737 1526 764 con-

185 782 278 821 silia
305 781 486 835 cognita,
518 781 591 821 sed
622 781 785 821 senatui
812 781 973 821 maiora
998 781 1087 821 visa
1113 783 1222 835 sunt,
1255 796 1381 835 quam
1408 784 1526 823 erant

186 843 420 894 expectata,
465 854 550 880 non
589 854 672 893 quo
714 854 914 893 umquam
947 839 997 880 de
1034 842 1107 880 tua
1147 839 1366 881 voluntate
1408 840 1527 882 dubi-

184 902 331 953 tasset,
371 899 476 952 sed„
497 913 573 939 1166
611 901 816 952 quantum
854 899 990 939 faeere
1026 913 1171 952 posses
1208 913 1285 940 1166
1317 913 1400 954 (1110
1431 914 1526 954 pro-

184 957 304 1014 gredi
322 933 475 1011 7⁷,xelles
508 957 773 1011 exploratum
806 957 907 997 satis
937 957 1132 998 habebat.

274 1015 339 1057 Ita
328 1031 434 1070 2que,
467 1031 561 1057 (311111
594 1016 789 1056 3.(1.111
818 1014 918 1057 Idus
948 1016 1110 1071 Aprilis
1141 1030 1263 1058 mane
1293 1015 1401 1057 mihi
1431 1019 1526 1058 tuas

184 1075 348 1116 litteras
379 1075 434 1116 Μ.
467 1074 705 1115 Varisidius
743 1075 993 1116 reddidisset
1030 1090 1181 1129 easque
1212 1075 1427 1131 legissem,
1464 1075 1525 1116 111-

186 1134 377 1175 credibili
408 1134 564 1189 gaudio
597 1148 689 1174 sum
721 1134 872 1188 elatus·
913 1148 1091 1188 cumque
1116 1149 1270 1190 magna
1294 1133 1524 1175 multitudo

186 1193 445 1247 optimorum
477 1193 666 1233 virorum
707 1196 748 1233 et
786 1193 941 1233 civium
972 1207 1039 1234 me
1073 1193 1160 1247 [de]
1195 1193 1319 1234 domo
1352 1192 1524 1234 deduce-

186 1255 268 1306 ret,
313 1251 393 1292 feei
437 1252 637 1292 continuo
679 1251 815 1292 omnis
859 1252 1086 1306 participes
1125 1266 1241 1292 meae
1281 1251 1523 1306 voluptatis.

183 1309 360 1351 Interim
399 1311 451 1350 ad
487 1325 553 1350 me
591 1310 707 1350 venit
742 1310 959 1351 Munatius
999 1313 1162 1363 noster,
1203 1313 1251 1351 ut
1291 1313 1522 1351 consuerat.

185 1369 243 1409 At
275 1384 353 1424 ego
386 1369 423 1409 ei
461 1369 624 1409 litteras
661 1371 772 1422 tuas,
812 1369 1022 1409 nihildum
1061 1369 1172 1409 enim
1210 1369 1385 1423 sciebat3
1425 1383 1522 1410 nam

185 1428 237 1468 ad
268 1442 334 1468 me
365 1427 551 1481 primum
583 1426 837 1481 Varisidius,
876 1428 1002 1481 idque
1034 1428 1114 1468 sibi
1149 1443 1171 1468 a
1202 1430 1243 1468 te
1277 1427 1522 1469 mandatum

185 1500 273 1526 esse
306 1486 482 1526 dicebat.
542 1485 676 1526 Paulo
707 1489 803 1540 post
835 1486 946 1527 idem
977 1486 1082 1526 mihi
1108 1486 1325 1527 Munatius
1357 1501 1425 1527 eas
1455 1487 1523 1527 lit—

185 1547 295 1585 teras
332 1545 530 1600 legendas
570 1544 700 1597 dedit,
740 1559 842 1598 quas
881 1545 962 1599 ipsi
999 1546 1192 1599 miseras,
1230 1548 1271 1585 et
1303 1559 1387 1599 638,
1418 1559 1523 1599 (11138

184 1603 363 1657 publice.
424 1602 590 1644 Placuit
631 1603 771 1657 nobis,
812 1606 858 1644 ut
896 1603 1039 1644 statim
1077 1604 1130 1644 ad
1168 1603 1420 1658 Cornutum,
1460 1619 1521 1658 pr.

184 1662 293 1715 111-11.,
331 1662 494 1702 litteras
533 1662 806 1716 deferremus,
846 1663 935 1716 qui,
968 1663 1081 1716 quod
1114 1662 1304 1703 6011811168
1337 1663 1522 1717 aberant,

185 1721 402 1761 consulare
442 1735 595 1761 munus
637 1721 872 1762 sustinebat
909 1736 1025 1762 more
1062 1722 1282 1763 maiorum.
1345 1720 1523 1762 Senatus

184 1782 245 1820 est
279 1780 479 1820 continuo
513 1782 766 1821 convocatus
804 1780 1084 1834 frequensque
1117 1780 1313 1821 convenit
1349 1784 1524 1835 propter

183 1838 339 1878 famam
377 1840 502 1892 atque
535 1839 869 1892 expect-itionem
900 1842 1069 1880 tuarum
1099 1840 1348 1880 litterarum.
1403 1838 1523 1880 Reci-

183 1897 282 1937 tatis
326 1897 482 1937 litteris
526 1897 667 1938 oblata
711 1897 861 1953 religio
905 1897 1092 1939 Cornuto
1138 1900 1200 1939 est
1242 1897 1521 1963 pullariorum

183 1955 401 1996 admonitu
445 1970 530 1996 non
575 1957 676 1997 satis
721 1957 946 2012 diligenter
983 1971 1078 1998 eum
1116 1956 1313 2011 auspiciis
1351 1970 1521 2010 operam

183 2014 356 2067 dedisse,
389 2014 514 2068 idque
541 2030 562 2055 3
588 2018 735 2056 nostro
768 2015 947 2071 collegio
974 2015 1295 2069 comprobatum
1325 2012 1522 2055 6811113-

183 2087 262 2126 que
295 2088 360 2113 res
393 2073 522 2114 dilata
554 2076 616 2114 est
647 2074 691 2114 in
722 2076 951 2128 posterum.
1013 2073 1077 2115 Eo
1110 2076 1250 2115 autem
1278 2073 1343 2113 die
1368 2087 1521 2128 magna

180 2131 284 2171 mihi
311 2146 388 2186 pro
415 2134 488 2172 tua
515 2132 721 2188 dignitate
742 2133 957 2173 contentio
984 2147 1078 2174 cum
1099 2131 1296 2186 Servilio3
1329 2131 1401 2185 qui
1427 2145 1522 2172 cum

1547 735 1580 760 10

1546 1029 1578 1054 15

1543 1323 1577 1347 20

1542 1615 1576 1641 25

1541 1909 1574 1934 30

180 2189 316 2243 gratia
343 2191 559 2244 effecisset,
592 2194 638 2231 ut
665 2206 738 2232 sua
764 2192 971 2232 sententia
1002 2191 1138 2246 prima
1162 2191 1520 2245 pronuntiaretur,
1539 2201 1574 2227 85

180 2248 377 2301 frequens
410 2263 505 2290 eum
537 2253 707 2290 senatus
738 2250 919 2304 reliquit·
943 2252 984 2291 et
1016 2250 1059 2290 in
1091 2250 1172 2290 alia
1205 2249 1346 2290 omnia
1373 2249 1521 2290 (118668-

181 2306 245 2350 sit,
277 2322 477 2361 meaeque
504 2309 747 2363 sententiae,
780 2323 885 2362 quae
912 2308 1091 2350 secunda
1122 2308 1395 2363 pronuntiata
1420 2310 1520 2362 erat,
