1659 2552
127 1218 146 1246 10

172 115 253 156 198
668 112 1006 147 1·3P1s'r['LARUM

754 276 928 319 XXXII.

343 372 418 407 Ser.
445 371 646 406 Laodiceae
668 375 749 415 post
776 371 848 404 III
869 370 924 404 Id.
955 369 1058 404 Febr.
1086 382 1120 403 α.
1150 372 1219 404 704
1248 372 1339 413 (50).

507 463 554 498 M.
583 463 751 498 CICERO
780 464 813 498 S.
840 463 882 498 D.
910 462 1176 497 YOLUMNIO.

261 560 382 609 Quod
414 560 501 600 sine
533 558 805 613 praenomine
837 557 1125 611 familiariter,
1157 559 1205 598 ut
1238 557 1431 612 debebas,
1462 558 1515 599 ad

171 634 238 661 me
276 619 499 673 epistulam
536 618 711 671 misisti,
751 616 937 671 primum
979 616 1242 670 addubitavi,
1283 631 1340 657 an
1371 631 1396 658 a
1426 615 1510 658 Vo-
1548 629 1565 653 ⁵

170 678 332 720 lumnio
366 680 556 717 senatore
589 679 707 729 esset,
741 689 922 730 quocum
953 675 1060 715 mihi
1092 677 1155 716 est
1186 689 1365 731 magnus
1397 690 1513 731 usus3

173 737 320 777 deinde
347 736 604 790 εὐτραπελία
629 735 868 775 litterarum
894 734 1005 788 fecit,
1031 735 1079 774 ut
1104 734 1395 790 intellegerem
1420 737 1514 776 tuas

173 810 270 836 esse.
334 794 495 843 Quibus
533 794 576 834 in
614 793 769 834 litteris
810 793 952 834 omnia
989 792 1095 833 mihi·
1132 793 1391 847 periucunda
1427 794 1514 835 fue-

173 858 271 895 runt
314 856 480 907 praeter
522 852 645 907 illud,
691 852 805 906 quod
846 866 997 906 parum
1038 851 1265 907 diligenter
1303 853 1513 906 possessio

173 912 400 954 salinarum
436 926 625 952 mearum
663 926 685 951 a
722 914 764 952 te
807 913 1081 965 procuratore
1125 910 1374 952 defenditur.
1436 911 1514 952 Ais
1535 924 1567 948 10

174 971 296 1025 enim,
330 973 375 1011 ut
408 985 485 1025 ego
519 970 792 1024 discesserim,
826 970 968 1010 omnia
995 969 1184 1010 omnium
1217 969 1338 1024 dicta,
1371 969 1415 1010 in
1446 970 1513 1011 his

174 1030 299 1070 etiam
333 1028 540 1083 Sestiana,
573 1029 616 1069 in
648 1043 714 1069 me
747 1028 939 1070 conferri.
1002 1027 1141 1077 Quid?
1173 1031 1220 1069 tu
1253 1028 1296 1069 id
1326 1028 1513 1082 pateris?

173 1103 257 1129 non
300 1103 367 1128 me
412 1088 616 1141 defendis,
661 1102 746 1128 non
790 1087 979 1128 resistis?
1040 1086 1251 1141 Equidem
1292 1087 1512 1141 sperabam

174 1148 232 1187 ita
264 1150 409 1187 notata
441 1161 508 1187 me
540 1146 759 1200 reliquisse
791 1160 945 1201 genera
978 1145 1188 1187 dictorum
1219 1160 1428 1201 meorum,
1466 1150 1513 1187 ut

174 1220 249 1256 co<
246 1205 369 1245 nosci
404 1220 477 1245 sua
509 1208 657 1259 sponte
688 1207 877 1259 possent3
915 1204 1003 1259 sed,
1037 1205 1237 1259 quoniam
1268 1207 1387 1245 tanta
1417 1180 1513 1246 l'aex
1534 1216 1566 1241 15

173 1250 235 1305 est
267 1264 309 1304 in
342 1263 458 1317 urbe,
489 1266 537 1304 ut
561 1263 669 1304 nihil
694 1266 781 1304 tam
813 1263 868 1304 sit
900 1262 1147 1318 ἀκύθηρον,
1186 1263 1299 1317 quod
1329 1278 1414 1304 non
1440 1263 1513 1304 ali-

173 1323 239 1363 cui
271 1324 496 1363 venustum
528 1337 615 1362 esse
646 1322 855 1376 videatur,
896 1336 1055 1378 pugna,
1097 1322 1132 1362 si
1163 1336 1230 1362 me
1262 1336 1392 1375 amas,
1430 1322 1512 1363 nisi

173 1384 293 1421 acuta
339 1380 596 1434 ἀμφιβολία,
639 1381 720 1421 nisi
765 1380 933 1435 elegans
976 1380 1214 1434 ὑπερβολη,
1259 1380 1339 1420 nisi
1379 1381 1514 1435 παρά-

172 1455 347 1493 γραμμα
378 1439 554 1493 bellum,
592 1438 673 1479 nisi
706 1439 931 1479 ridiculum
962 1439 1079 1493 παρα
1109 1440 1399 1493 προσδοκίαν,
1429 1439 1509 1480 nisi

173 1501 327 1552 cetera,
365 1512 471 1551 quae
503 1500 600 1538 sunt
633 1512 656 1537 a
686 1512 753 1538 me
785 1497 829 1537 in
861 1497 1042 1538 secundo
1080 1497 1191 1538 libro
1230 1498 1296 1538 ‘de
1329 1499 1511 1539 oratore’
1533 1510 1565 1535 20

172 1571 248 1611 per
283 1556 445 1597 Antoni
482 1570 707 1610 personam
746 1556 959 1609 disputata
996 1556 1045 1597 de
1085 1556 1291 1610 ridiculis,
1335 1559 1512 1611 ἔντεχυα

172 1618 213 1656 et
251 1618 401 1670 arguta
438 1614 718 1669 apparebunt,
763 1618 809 1655 ut
847 1618 1108 1656 sacramento
1152 1615 1380 1656 contendas
1419 1630 1512 1657 mea

172 1688 257 1714 non
296 1687 394 1714 esse.
456 1673 567 1714 Nam
606 1673 654 1714 de
693 1673 859 1714 iudiciis
898 1674 1011 1728 quod
1043 1674 1248 1728 quereris,
1288 1674 1424 1716 multo
1455 1674 1512 1715 la-

173 1732 277 1773 boro
322 1732 471 1772 minus.
533 1731 774 1772 Trabantur
813 1747 888 1786 per
927 1747 994 1773 me
1034 1733 1213 1787 pedibus
1254 1747 1399 1774 omnes
1439 1733 1512 1788 rei,

172 1791 226 1831 sit
258 1791 324 1831 vel
358 1789 493 1832 Selius
525 1793 611 1831 tam
645 1791 856 1845 eloquens,
888 1794 934 1831 ut
965 1792 1100 1845 possit
1129 1791 1310 1846 probare
1336 1806 1378 1833 se
1409 1791 1512 1833 libe·
1531 1803 1564 1828 25

171 1864 283 1903 rum3
327 1864 412 1890 non
457 1849 622 1903 labor-03
673 1850 927 1890 urbanitatis
970 1851 1299 1905 possessionem,
1348 1850 1511 1906 amabo,

172 1908 392 1961 quibusvis
424 1908 661 1949 interdictis
694 1908 982 1964 defendamus3
1015 1909 1058 1950 in
1091 1924 1173 1964 qua
1198 1911 1239 1950 te
1266 1923 1396 1950 unum
1427 1923 1511 1950 me-

172 1970 262 2019 tuo,
302 1969 525 2007 contemno
566 1970 736 2008 ceteros.
798 1967 992 2008 Derideri
1030 1971 1072 2009 te
1108 1970 1252 2022 putas3
1296 1981 1407 2008 nunc
1445 1967 1511 2008 de-

172 2040 287 2065 mum
314 2025 516 2081 intellego
542 2028 582 2066 te
610 2040 764 2080 sapere.
817 2025 899 2067 Sed
923 2026 1184 2067 mehercules
1209 2028 1328 2067 extra
1353 2026 1509 2068 iocum:

171 2083 290 2124 valde
316 2084 421 2124 mihi
447 2087 544 2125 tuae
569 2085 736 2126 litterae
762 2084 920 2126 facetae
946 2085 1242 2140 elegantesque
1261 2084 1374 2125 visae
1401 2087 1509 2126 sunt.
1530 2096 1564 2122 30

171 2140 265 2195 Illa,
298 2143 490 2196 quamvis
522 2143 700 2184 ridicula
732 2146 886 2198 essent,
924 2144 1033 2184 sicut
1065 2146 1200 2196 erant,
1232 2143 1337 2184 mihi
1370 2146 1511 2184 tamen

172 2200 301 2241 risum
334 2215 418 2242 non
450 2205 691 2256 moverunt3
733 2202 856 2256 cupio
889 2203 1002 2243 enim
1032 2205 1226 2244 nostrum
1257 2201 1378 2242 illum
1411 2202 1511 2243 ami-

172 2272 265 2299 cum
304 2259 346 2299 in
385 2260 606 2301 tribunatu
647 2275 773 2314 quam
816 2261 1048 2314 plurimum
1085 2260 1240 2302 habere
1277 2261 1511 2315 gravitatis,

172 2315 214 2355 id
246 2330 339 2357 cum
378 2318 510 2372 ipsius
548 2332 671 2359 causa
709 2317 791 2374 (est
827 2319 950 2374 mihi,
991 2322 1039 2360 ut
1071 2319 1167 2373 scis,
1200 2318 1243 2358 in
1276 2318 1510 2376 amoribus)
