1659 2552
183 104 238 146 10
682 104 1020 140 EPISTULARUM

180 199 392 254 picantem
419 202 594 255 propter
619 200 858 255 aliquorum
884 200 1127 255 opinionem
1152 215 1250 242 suae
1276 201 1520 256 cupiditatis

181 261 223 299 te
255 258 307 300 ab
339 273 382 300 se
413 259 697 300 abalienatum
729 260 802 300 illa
834 259 1013 313 epistola
1044 259 1278 315 retinuisti3
1310 260 1383 314 qui
1413 260 1519 301 mihi

182 331 278 358 cum
315 332 480 371 semper
515 321 612 359 tuae
650 318 763 359 laudi
802 318 941 359 favere
982 318 1096 359 visus
1137 320 1219 372 est,
1260 319 1387 359 etiam
1427 319 1519 373 ipso

182 376 533 431 suspiciosissimo
558 379 747 432 tempore
775 376 1018 431 Caniniano,
1050 378 1141 417 tum
1166 390 1266 418 vero
1291 377 1411 418 lectis
1435 377 1521 418 tuis

181 434 337 475 litteris
376 438 620 490 perspectus
657 438 720 476 est
759 450 782 476 a
818 450 885 476 me
922 437 1014 476 toto
1053 435 1194 476 animo
1232 435 1282 476 de
1318 437 1360 476 te
1392 449 1439 476 ac
1470 435 1556 477 des

182 493 268 534 tuis
294 495 552 534 ornamentis
577 497 618 535 et
644 494 876 535 commodis
902 494 1099 548 cogitare.
1162 492 1299 543 Quare
1324 508 1382 549 ea,
1415 508 1521 548 quae

183 552 383 608 scribam,
422 553 481 593 sic
518 552 690 607 habeto,
730 567 797 593 me
830 566 925 593 cum
956 552 1030 594 illo
1062 566 1106 593 re
1138 566 1260 607 saepe
1292 552 1523 594 communi-

183 613 276 652 cata
316 610 366 651 de
406 611 520 652 illius
561 611 613 652 ad
649 614 690 652 te
728 611 936 652 sententia
972 614 1098 666 atque
1135 611 1385 652 auctoritate
1423 611 1523 652 scri-

182 668 300 710 bere:
339 670 540 723 quoniam
577 672 745 711 senatus
777 670 1016 711 consultum
1046 669 1211 711 nullum
1243 672 1395 725 exstat,
1436 683 1520 724 quo

183 728 373 769 reductio
417 729 529 785 regis
571 727 849 769 Alexandrini
891 729 973 769 tibi
1016 728 1211 783 adempta
1254 729 1328 784 sit,
1378 743 1521 784 eaque,
1541 740 1575 766 10

184 801 290 841 quae
323 787 371 827 de
404 802 451 828 ea
482 788 715 842 perscripta
745 790 808 828 est
839 787 1084 842 auctoritas,
1116 787 1183 828 cui
1215 787 1295 828 scis
1326 788 1522 829 interces-

183 860 277 886 sum
309 860 409 900 esse,
441 849 488 886 ut
518 860 571 886 ne
604 846 698 900 quis
729 846 901 887 omnino
932 860 1075 902 regem
1100 846 1328 901 reduceret,
1359 848 1522 888 tantam

183 904 271 945 vim
301 903 441 959 habet,
472 906 519 945 ut
544 905 680 960 magis
705 905 912 946 iratorum
935 904 1157 946 hominum
1182 904 1369 946 studium
1395 919 1522 959 quam

184 963 416 1004 constantis
454 966 623 1004 senatus
660 964 883 1004 consilium
919 977 1007 1004 esse
1044 963 1252 1018 videatur,
1291 966 1333 1004 te
1363 963 1522 1018 perspi-

185 1035 276 1062 cere
306 1036 449 1076 posse,
483 1022 556 1076 qui
589 1021 780 1063 Ciliciam
813 1021 1082 1077 Cyprumque
1114 1025 1267 1077 teneas,
1300 1022 1402 1076 quid
1432 1022 1520 1063 effi·
1540 1032 1574 1058 15

185 1094 276 1121 cere
308 1083 349 1121 et
381 1080 483 1134 quid
514 1081 714 1135 consequi
744 1081 897 1136 possis,
930 1083 982 1136 et,
1014 1081 1049 1122 si
1080 1095 1145 1122 res
1176 1080 1420 1122 facultatem
1450 1080 1522 1122 ha-

184 1138 327 1180 bitura
374 1139 586 1194 videatur,
642 1142 689 1180 ut
737 1139 1047 1181 Alexandream
1103 1142 1228 1193 atque
1276 1138 1523 1194 Aegyptum

183 1200 326 1238 tenere
357 1198 505 1252 possis,
537 1212 625 1239 esse
657 1200 699 1239 et
735 1201 832 1239 tuae
865 1201 905 1239 et
936 1198 1072 1239 nostri
1102 1198 1270 1253 imperii
1302 1197 1522 1253 dignitatis

182 1255 448 1297 Ptolomaide
485 1259 558 1297 aut
594 1256 736 1311 aliquo
773 1257 1012 1311 propinquo
1049 1257 1142 1298 loco
1173 1271 1272 1312 rege
1304 1256 1521 1297 conlocato

184 1318 225 1355 te
266 1329 361 1355 cum
403 1314 532 1356 classe
572 1317 697 1369 atque
738 1316 926 1356 exercitu
960 1315 1171 1370 proficisci
1207 1315 1520 1370 Alexandriam,
1540 1326 1575 1352 20

184 1375 248 1426 ut,
287 1387 379 1413 eam
411 1387 506 1414 cum
542 1387 644 1427 pace
674 1374 978 1428 praesidiisque
1015 1374 1213 1428 firmaris,
1250 1373 1522 1414 Ptolomaeus

183 1431 327 1472 redeat
366 1430 411 1472 in
451 1446 647 1487 regnum3
687 1432 746 1472 ita
786 1433 876 1474 fore
912 1435 960 1473 ut
997 1434 1038 1473 et
1075 1446 1152 1487 per
1188 1434 1230 1472 te
1261 1431 1521 1486 restituatur,

185 1504 310 1543 quem
341 1489 394 1530 ad
422 1491 597 1531 modum
628 1493 796 1532 senatus
827 1491 950 1532 initio
983 1490 1155 1545 censuit,
1187 1492 1228 1530 et
1260 1490 1349 1531 sine
1379 1490 1522 1531 multi-

183 1548 329 1589 tudine
365 1548 606 1604 reducatur,
648 1563 773 1603 quem
813 1549 866 1590 ad
904 1549 1078 1597 modum
1107 1549 1301 1590 homines
1331 1548 1522 1604 religiosi

186 1606 372 1661 Sibyllae
409 1607 573 1661 placere
614 1607 821 1649 dixerunt.
884 1606 965 1648 Sed
1004 1607 1107 1649 haec
1145 1607 1352 1648 sententia
1389 1608 1450 1648 sic
1479 1609 1521 1648 et
1539 1617 1575 1644 25

184 1665 248 1706 illi
279 1668 321 1706 et
351 1665 475 1706 nobis
505 1665 778 1719 probabatur,
809 1669 857 1707 ut
888 1681 939 1707 ex
970 1669 1123 1707 eventu
1152 1665 1346 1707 homines
1372 1666 1422 1707 de
1446 1668 1521 1707 tuo

185 1724 362 1764 consilio
390 1724 705 1766 existimaturos
731 1725 985 1780 videremus,
1018 1725 1051 1765 si
1079 1724 1307 1779 cecidisset,
1333 1727 1381 1765 ut
1405 1724 1523 1765 volu-

182 1797 277 1823 mus
308 1785 350 1823 et
382 1786 595 1837 optamus,
633 1797 778 1824 omnes
808 1786 850 1824 te
883 1786 924 1824 et
955 1783 1167 1838 sapienter
1197 1786 1239 1824 et
1269 1783 1455 1837 fortiter,
1487 1782 1523 1823 si

183 1841 344 1895 aliquid
369 1844 477 1882 esset
504 1842 721 1897 offensum,
747 1842 915 1883 eosdem
941 1842 1038 1883 illos
1063 1845 1104 1883 et
1130 1841 1279 1896 cupide
1298 1844 1340 1883 et
1365 1844 1522 1882 temere

182 1900 330 1940 fecisse
369 1899 565 1941 dicturos.
629 1900 784 1955 Quare,
817 1901 919 1955 quid
947 1901 1120 1955 adsequi
1145 1900 1293 1955 possis,
1323 1914 1409 1941 non
1433 1902 1521 1939 tam
1541 1911 1575 1936 30

182 1958 304 1999 facile
343 1960 405 1999 est
442 1958 567 2000 nobis
606 1974 733 2013 quam
764 1959 861 2014 tibi,
900 1959 1018 2001 cuius
1056 1973 1188 2014 prope
1219 1959 1264 2000 in
1295 1959 1522 2012 conspectu

180 2015 404 2072 Aegyptus
442 2020 521 2071 est,
559 2017 762 2073 iudicare3
802 2032 880 2059 nos
912 2018 1082 2072 quidem
1112 2017 1194 2059 hoc
1224 2016 1448 2070 sentimus,
1486 2016 1523 2056 si

182 2076 449 2129 exploratum
488 2075 569 2117 tibi
609 2077 664 2117 sit
703 2090 825 2131 posse
868 2079 909 2117 te
947 2077 1061 2117 illius
1097 2075 1217 2131 regni
1247 2074 1396 2129 potiri,
1436 2088 1523 2115 non

182 2147 269 2174 esse
308 2134 606 2189 cunctandum,
645 2135 680 2176 si
718 2135 894 2176 dubium
926 2135 1001 2189 sit,
1038 2148 1124 2175 non
1155 2147 1243 2174 esse
1275 2132 1521 2173 conandum.

180 2189 292 2232 Illud
323 2193 403 2233 tibi
435 2193 634 2248 adfirmo,
667 2193 702 2234 si
733 2208 823 2234 rem
854 2194 979 2234 istam
1011 2207 1063 2233 ex
1094 2191 1300 2232 sententia
1331 2191 1522 2246 gesseris,
1542 2201 1575 2227 85

181 2249 270 2290 fore
314 2253 361 2290 ut
405 2251 554 2292 absens
598 2267 622 2293 a
658 2252 823 2306 multis,
868 2266 962 2293 cum
999 2250 1191 2305 redieris,
1235 2249 1287 2290 ab
1326 2249 1523 2290 omnibus

182 2308 448 2363 conlaudere3
476 2311 751 2351 offensionem
776 2324 864 2351 esse
893 2309 1172 2364 periculosam
1198 2310 1373 2362 propter
1397 2308 1524 2349 inter-

1356 2379 1377 2401 0
