1659 2552
132 546 151 576 10

182 88 269 129 364
674 88 1014 123 EPISTULARUM

178 198 274 225 meo
306 184 516 225 arbitratu
547 184 725 225 facultas
756 183 874 224 nulla
899 183 1031 224 detur.
1092 182 1192 225 Non
1224 183 1336 225 enim
1367 186 1410 225 te
1439 184 1523 238 epi-

179 243 314 298 stulis,
346 243 419 284 sed
450 243 739 283 voluminibus
770 243 1035 296 lacesserem3
1068 242 1222 296 quibus
1254 242 1424 296 quidem
1455 257 1522 284 me

179 316 203 342 a
243 304 284 342 te
327 302 549 356 provocari
592 301 827 355 oportebat.
900 300 1101 350 Quamvis
1142 301 1254 341 enim
1295 304 1523 356 occupatus

179 360 248 414 sis,
281 361 358 402 otii
390 363 532 401 tamen
564 360 659 414 plus
684 359 831 414 habes3
864 362 948 413 aut,
981 359 1016 400 si
1041 373 1094 400 ne
1119 362 1166 400 tu
1193 359 1363 414 quidem
1388 374 1522 414 vacas,

179 419 268 460 noli
300 419 523 473 impudens
555 433 643 459 esse
675 432 752 459 nec
783 418 889 459 mihi
923 418 1164 459 molestiam
1196 418 1396 459 exhibere
1428 421 1469 460 et
1500 433 1524 459 a
1560 431 1576 456 5

179 492 246 518 me
276 477 441 518 litteras
468 477 713 531 crebrioreS,
745 491 840 518 cum
872 480 919 518 tu
951 476 1057 517 mihi
1090 491 1185 517 raro
1217 477 1374 531 mittas,
1405 477 1524 533 flagi-

178 538 279 577 tare.
323 536 446 590 Nam,
479 550 574 576 cum
600 538 723 576 antea
749 535 981 577 distinebar
1011 535 1209 576 maximis
1241 535 1525 590 occupationi-

178 594 275 649 bus,
306 597 531 649 propterea
563 594 676 648 quod
708 594 906 635 omnibus
937 594 1048 635 curis
1079 608 1165 635 rem
1191 608 1236 647 1).
1267 594 1374 635 mihi
1406 596 1523 635 tuen-

179 654 275 694 dam
307 654 527 708 putabam,
564 656 656 694 tum
694 653 776 694 hoc
812 656 1003 708 tempore
1039 653 1176 693 multo
1216 652 1422 694 distineor
1457 667 1523 695 ve-

178 713 373 753 mentius.
411 711 471 753 Ut
497 712 610 754 enim
635 712 808 768 gravius
834 714 1056 767 aegrotant
1082 712 1130 765 ii,
1162 711 1247 765 qui,
1274 725 1368 752 cum
1394 711 1519 752 levati
1543 725 1576 750 ιο

178 771 328 812 morbo
361 771 570 825 videntur,
602 771 646 811 in
679 785 774 811 eum
808 771 858 811 de
890 771 1057 826 integro
1089 770 1340 824 inciderunt,
1371 770 1432 811 sic
1456 785 1523 811 ve-

177 830 362 871 mentius
392 844 470 870 nos
501 829 762 883 laboramus,
801 829 873 883 qui
905 829 1133 884 profligato
1166 828 1279 870 bello
1312 843 1360 870 ac
1389 843 1522 883 paene

177 888 345 929 sublato
377 891 627 929 renovatum
660 888 819 929 bellum
854 902 1000 943 gerere
1033 901 1244 928 conamur.
1308 886 1391 928 Sed
1420 887 1524 929 haec

176 947 392 988 haetenus.

266 1005 330 1047 Tu
361 1005 459 1060 tibi,
496 1005 557 1046 mi
590 1004 810 1060 Cornifici,
848 1005 914 1046 fac
949 1007 997 1045 ut
1033 1005 1285 1059 persuadeas
1316 1019 1402 1045 non
1434 1019 1523 1046 esse
1542 1017 1576 1043 15

177 1079 243 1105 me
276 1067 364 1105 tam
396 1064 596 1105 inbecillo
628 1064 787 1118 animo,
818 1078 871 1104 ne
905 1063 1040 1104 dicam
1071 1063 1316 1117 inhumano,
1348 1065 1395 1104 ut
1427 1078 1450 1103 a
1480 1066 1523 1104 te

177 1123 289 1164 vinci
330 1123 491 1178 possim
529 1125 602 1164 aut
635 1123 786 1163 officiis
824 1124 898 1163 aut
929 1136 1082 1163 amore.
1143 1121 1243 1164 Non
1276 1121 1523 1163 dubitabam

177 1182 390 1236 equidem,
422 1196 570 1222 verum
607 1183 749 1222 tamen
781 1181 917 1222 multo
954 1181 1061 1222 mihi
1092 1181 1303 1222 notiorem
1336 1195 1523 1221 amorem

178 1243 300 1281 tuum
338 1240 477 1281 effecit
517 1239 790 1294 Chaerippus.
853 1238 888 1280 Ο
931 1239 1149 1281 hominem
1193 1253 1358 1293 semper
1401 1239 1523 1280 illum

179 1299 349 1353 quidem
381 1299 488 1339 mihi
519 1301 678 1353 aptum,
710 1312 822 1338 nunc
851 1312 951 1339 vero
985 1298 1112 1339 etiam
1145 1299 1332 1339 suavem!
1365 1297 1522 1338 Vultus
1542 1310 1575 1335 20

177 1358 417 1398 mehercule
454 1359 550 1398 tuos
581 1356 688 1397 mihi
721 1357 927 1411 expressit
958 1357 1112 1409 omnis,
1149 1371 1235 1397 non
1267 1356 1405 1396 solum
1437 1356 1523 1396 ani-

178 1431 295 1456 mum
333 1430 381 1456 ac
417 1416 546 1456 verba
585 1415 773 1470 pertulit.
840 1414 988 1468 Itaque
1026 1415 1114 1456 noli
1153 1415 1305 1469 vereri,
1348 1429 1400 1455 ne
1440 1414 1522 1455 tibi

178 1474 497 1528 suscensuerim,
529 1474 643 1528 quod
674 1474 821 1514 eodem
853 1473 1047 1527 exemplo
1079 1473 1132 1514 ad
1161 1487 1229 1514 me
1261 1487 1344 1527 quo
1378 1473 1430 1513 ad
1461 1486 1523 1514 ce-

178 1536 302 1574 teros.
334 1532 555 1587 Requisivi
581 1532 777 1586 equidem
802 1532 996 1586 proprias
1021 1531 1074 1572 ad
1097 1547 1164 1572 me
1190 1546 1322 1572 unum
1346 1531 1523 1587 litteras,

179 1591 251 1632 sed
282 1606 417 1645 neque
449 1594 665 1632 vementer
696 1594 737 1631 et
769 1594 968 1631 amanter.
1543 1602 1576 1627 25

266 1649 331 1691 De
368 1652 557 1704 sumptu,
596 1663 721 1703 quem
759 1652 800 1690 te
838 1649 882 1690 in
919 1664 1008 1690 rem
1045 1648 1274 1690 militarem
1312 1649 1449 1689 facere
1482 1651 1523 1690 et

178 1708 325 1749 fecisse
352 1708 467 1761 dicis,
492 1708 601 1749 nihil
626 1722 724 1748 sane
749 1722 923 1762 possum
948 1707 1029 1748 tibi
1055 1707 1268 1761 opitulari,
1299 1710 1524 1761 propterea

179 1767 293 1821 quod
330 1769 371 1808 et
413 1767 541 1808 orbus
582 1769 752 1807 senatus
785 1766 1029 1807 consulibus
1066 1766 1230 1806 amissis
1268 1769 1310 1806 et
1347 1765 1524 1806 incredi-

179 1825 285 1866 biles
306 1826 527 1881 angustiae
552 1825 755 1879 pecuniae
780 1825 996 1879 publicae3
1030 1839 1136 1879 quae
1157 1825 1424 1878 conquiritur
1449 1838 1523 1865 un-

179 1884 316 1938 dique,
348 1887 396 1925 ut
429 1885 589 1939 optime
620 1884 785 1925 meritis
816 1883 1027 1924 militibus
1052 1883 1260 1937 promissa
1285 1883 1522 1938 solvantur3
1542 1895 1576 1919 :30

180 1943 294 1997 quod
321 1943 492 1997 quidem
518 1943 610 1983 fieri
637 1943 727 1983 sine
753 1942 917 1983 tributo
949 1956 1072 1996 posse
1097 1955 1183 1983 non
1210 1941 1404 1982 arbitror.

266 2001 330 2042 De
361 2001 484 2043 Attio
516 2001 725 2054 Dionysio
763 2001 871 2041 nihil
903 2003 1007 2054 puto
1041 2014 1147 2055 esse,
1185 2000 1385 2054 quoniam
1416 1999 1523 2040 mihi

177 2060 287 2100 nihil
325 2059 433 2101 dixit
472 2060 702 2100 Tratorius
766 2058 828 2100 De
867 2058 911 2099 P.
944 2058 1124 2100 Lucceio
1162 2058 1271 2099 nihil
1310 2057 1391 2098 tibi
1428 2071 1524 2098 con-

178 2118 291 2172 cedo,
325 2132 408 2172 quo
441 2118 672 2159 studiosior
699 2118 788 2158 eius
821 2117 888 2172 sis,
922 2132 1049 2171 quam
1075 2131 1153 2173 ego
1180 2131 1291 2170 sum3
1323 2119 1386 2157 est
1411 2116 1524 2157 enim

177 2176 301 2217 nobis
334 2177 604 2218 necessarius.
668 2175 762 2230 Sed,
794 2190 818 2216 a
851 2175 1069 2232 magistris
1101 2190 1195 2216 cum
1227 2174 1524 2216 contenderem
1543 2185 1577 2211 85

179 2235 227 2275 de
269 2235 523 2289 proferendo
567 2235 653 2289 die,
694 2234 931 2289 probarunt
967 2234 1073 2275 mihi
1111 2248 1219 2287 sese,
1261 2247 1344 2287 quo
1384 2233 1525 2274 minus

179 2293 222 2332 id
255 2295 457 2349 facerent,
499 2296 540 2335 et
573 2293 878 2348 compromisso
911 2295 953 2333 et
984 2293 1074 2334 iure
1107 2291 1283 2333 iurando
1317 2291 1524 2346 impediri.
