1659 2552
247 86 333 127 508
752 85 1091 121 EPISTULARUM

243 182 410 236 politas,
444 181 516 236 qui
549 184 668 223 erant
700 181 999 235 inimicissimi,
1031 181 1179 235 lenivi3
1221 196 1401 235 quorum
1432 182 1586 237 princi·

244 255 341 295 pem
372 240 655 295 Hermippum
694 255 779 281 non
812 240 949 280 solum
982 254 1172 281 sermone
1204 255 1316 294 meo,
1355 240 1427 282 sed
1458 241 1585 283 etiam

244 299 533 340 familiaritate
573 299 752 340 devinxi.
815 298 909 355 Ego
947 298 1229 353 Apamensem
1267 298 1586 355 Hephaestium,

245 373 324 414 ego
349 358 612 400 levissimum
632 358 860 411 hominem,
887 356 1165 413 Megaristum
1183 358 1481 414 Antandrium,
1506 373 1585 415 ego

243 417 413 459 Niciam
452 416 751 471 Smyrnaeum,
795 431 874 471 ego
918 431 1052 472 nugas
1092 417 1298 458 maximas
1338 418 1454 459 omni
1493 432 1587 459 mea

246 477 444 517 comitate
471 476 714 530 complexus
741 490 845 529 sum,
876 474 1198 529 Nymphontem
1224 476 1352 517 etiam
1378 475 1587 531 Colopho-

244 535 373 576 nium.
437 534 552 584 Quae
584 534 664 575 feci
692 534 850 588 omnia,
881 548 967 575 non
1000 548 1083 588 quo
1114 549 1181 575 me
1214 537 1286 575 aut
1316 535 1362 576 hi
1393 535 1586 576 homines

245 597 318 634 aut
344 596 434 634 tota
458 594 576 634 natio
604 593 849 648 delectaret3
874 595 1113 647 pertaesum
1134 596 1196 634 est
1220 593 1419 648 levitatis,
1444 594 1587 636 adsen-

245 653 436 707 tationis,
478 652 717 693 animorum
754 667 839 692 non
878 652 1051 706 officiis,
1093 652 1165 693 sed
1204 653 1468 707 temporibus
1505 667 1587 694 ser-

200 748 206 756 .
245 712 462 752 vientium.
525 710 608 751 Sed
638 713 686 751 ut
718 711 770 751 ad
801 710 977 751 Zeuxim
1009 714 1212 765 revertar,
1253 726 1348 752 cum
1380 712 1416 753 is
1449 712 1498 753 de
1529 711 1585 753 M.

247 769 423 811 Cascelli
449 784 641 810 sermone
668 784 808 810 secum
833 769 994 824 habito,
1027 784 1132 824 quae
1158 773 1205 810 tu
1231 770 1392 826 scribis,
1424 784 1472 812 ea
1497 771 1588 825 ipsa

244 830 506 883 loqueretur,
546 829 694 870 obstiti
732 829 821 869 eius
859 829 1043 870 sermoni
1075 832 1116 869 et
1146 829 1363 870 hominem
1394 829 1438 870 in
1468 830 1588 870 fami-

244 889 474 929 liaritatem
523 887 672 941 recepi.
734 887 825 928 Tua
867 890 1008 928 autem
1053 902 1158 942 quae
1208 888 1337 929 fuerit
1380 888 1588 943 cupiditas

244 950 374 1002 tanta,
405 947 564 1000 nescio,
598 946 712 1000 quod
743 946 893 987 scribis
924 946 1087 1001 cupisse
1118 949 1181 1001 te,
1214 947 1415 1001 quoniam
1446 946 1589 1002 Smyr-

244 1021 322 1047 nae
361 1006 465 1046 duos
496 1005 641 1059 Mysos
680 1005 879 1046 insuisses
910 1005 955 1046 in
987 1006 1185 1060 culleum,
1223 1006 1360 1047 simile
1392 1006 1437 1047 in
1469 1020 1587 1061 supe-

244 1066 355 1106 riore
387 1066 506 1119 parte
537 1064 779 1118 provinciae
805 1064 926 1105 edere
953 1065 1193 1119 exemplum
1224 1065 1460 1106 severitatis
1490 1068 1587 1106 tuae

245 1127 287 1165 et
322 1124 478 1164 idcirco
505 1122 681 1164 Zeuxim
713 1123 862 1164 elicere
896 1123 1011 1164 omni
1043 1124 1206 1164 ratione
1238 1124 1439 1178 voluisse,
1473 1124 1587 1165 ultro

247 1197 372 1237 quem
405 1182 633 1223 adductum
659 1182 703 1222 111
729 1182 933 1222 iudicium
965 1182 1142 1223 fortasse
1173 1182 1331 1223 dimitti
1356 1196 1442 1223 non
1468 1197 1589 1237 opor-

246 1244 402 1295 tuerat,
441 1241 634 1295 conquiri
666 1255 765 1281 vero
799 1243 840 1281 et
872 1241 966 1281 elici
999 1241 1237 1295 blanditiis,
1269 1244 1316 1281 ut
1347 1244 1394 1282 tu
1427 1241 1588 1296 scribis,

247 1301 300 1341 ad
330 1300 534 1341 iudicium
571 1313 738 1340 necesse
775 1313 860 1340 non
899 1300 997 1353 fuit,
1036 1314 1131 1340 eum
1167 1300 1417 1354 praesertim
1453 1300 1587 1341 homi-

246 1374 360 1413 nem,
399 1373 524 1412 quem
557 1372 635 1412 ego
668 1361 709 1398 et
747 1372 798 1398 ex
836 1358 921 1397 suis
960 1358 1123 1398 civibus
1155 1360 1196 1398 et
1234 1372 1284 1398 ex
1314 1358 1462 1399 multis
1493 1359 1588 1400 aliis

247 1418 401 1458 cotidie
438 1416 574 1472 magis
616 1430 824 1471 cognosco
865 1416 1120 1457 nobiliorem
1161 1430 1248 1457 esse
1289 1431 1419 1471 prope
1461 1432 1588 1471 quam

247 1477 462 1517 civitatem
489 1490 617 1515 suam.
668 1474 726 1515 At
752 1475 865 1515 enim
887 1474 1056 1515 Graecis
1082 1475 1183 1516 solis
1203 1475 1414 1531 indulgeo.
1448 1475 1588 1525 Quid?

245 1534 290 1575 L.
326 1533 555 1575 Caecilium
592 1547 731 1573 nonne
770 1533 884 1573 omni
923 1534 1086 1574 ratione
1122 1534 1318 1588 placavi?
1359 1548 1484 1588 quem
1515 1535 1588 1576 ho-

246 1594 424 1647 minem,
467 1607 548 1646 qua
586 1592 668 1646 ira,
707 1606 790 1645 quo
830 1592 999 1646 spiritu!
1041 1607 1166 1646 quem
1205 1592 1384 1647 denique
1421 1596 1588 1647 praeter

246 1652 518 1705 Tuscenium,
557 1651 675 1691 cuius
714 1664 837 1691 causa
875 1651 1013 1691 sanari
1044 1666 1130 1692 non
1161 1654 1318 1706 potest,
1359 1665 1445 1692 non
1476 1653 1588 1693 miti-

245 1711 373 1767 gavi?
414 1710 523 1750 Ecce
562 1724 688 1763 supra
721 1713 845 1763 caput
882 1709 1010 1750 homo
1049 1710 1154 1751 levis
1186 1724 1232 1750 ac
1264 1710 1476 1764 sordidus,
1516 1711 1589 1752 sed

245 1774 388 1811 tamen
431 1769 616 1823 equestri
661 1782 807 1822 censu,
853 1768 1061 1809 Catienus.
1129 1768 1272 1809 Etiam
1316 1769 1351 1809 is
1394 1769 1587 1811 lenietur.

247 1829 377 1871 Cuius
413 1830 461 1868 tu
498 1828 542 1868 in
579 1830 743 1881 patrem
776 1827 889 1881 quod
926 1827 1046 1868 fuisti
1077 1828 1285 1881 asperior,
1325 1842 1411 1868 non
1452 1843 1588 1883 repre-

245 1888 402 1942 hendo3
435 1889 549 1927 certo
575 1886 688 1927 enim
720 1886 806 1926 scio
838 1888 880 1926 te
906 1886 1052 1927 fecisse
1079 1900 1174 1926 cum
1201 1901 1333 1927 causa.
1378 1885 1461 1928 Sed
1486 1887 1589 1941 quid

247 1962 352 2001 opus
393 1946 474 1986 fuit
516 1945 604 1986 eius
645 1945 759 1985 modi
801 1944 976 1998 litteris,
1017 1959 1120 1998 quas
1157 1945 1209 1986 ad
1246 1945 1384 1999 ipsum
1421 1946 1587 2000 misisti,

246 2006 389 2046 ‘illum
422 2018 587 2044 crucem
619 2003 701 2044 sibi
733 2003 872 2057 ipsum
904 2004 1176 2058 constituere,
1218 2017 1383 2059 exhqua
1413 2007 1460 2044 tu
1492 2019 1588 2046 eum

247 2067 343 2105 ante
377 2062 648 2116 detraxisses3
679 2064 721 2102 te
748 2065 1004 2115 curaturum,
1036 2062 1153 2103 fumo
1185 2065 1233 2102 ut
1259 2062 1589 2118 combureretur,

246 2122 473 2178 plaudente
510 2124 602 2161 tota
638 2120 908 2174 provincia’?
970 2120 1081 2169 Quid
1111 2135 1211 2161 vero
1249 2121 1301 2161 ad
1333 2119 1375 2161 C.
1408 2120 1589 2163 Fabium

246 2181 388 2223 nescio
421 2193 546 2234 quem
579 2178 695 2235 (nam
728 2193 819 2220 eam
852 2193 1019 2233 quoque
1052 2179 1273 2233 epistolam
1309 2178 1354 2219 Τ.
1389 2178 1588 2222 Catienus

247 2237 577 2294 circumgestat),
604 2238 853 2278 renuntiari
878 2238 958 2278 tibi
976 2237 1188 2278 Licinium
1213 2237 1467 2292 plagiarium
1493 2253 1588 2289 cum

247 2314 323 2340 suo
356 2298 472 2352 pullo
505 2296 682 2337 milvino
714 2296 875 2337 tributa
907 2296 1120 2352 exigeie’?
1169 2296 1330 2337 Deinde
1363 2311 1487 2353 rogas
1512 2287 1588 2339 Fa-

1607 725 1641 752 10

1608 1019 1641 1046 15

1607 1606 1641 1633 25

1607 1899 1642 1926 30

1607 2189 1642 2218 85
