1659 2552
118 1175 137 1204 10

167 131 250 173 106
663 129 1002 165 EPISTULARUM

164 226 388 268 conciliata
424 226 563 282 gratia
602 240 832 279 numquam
872 227 914 265 te
952 239 976 265 a
1011 239 1079 265 me
1119 223 1305 266 ludibrio
1345 224 1506 266 laesum

164 285 250 326 iri'.
313 284 434 334 Quod
474 285 591 325 cuius
628 285 743 325 modi
776 284 848 337 sit,
886 283 988 324 satis
1020 282 1266 339 intellegere
1296 297 1382 324 non
1412 297 1506 338 pos-

163 358 269 398 sum,
301 344 374 384 sed
404 347 545 384 tamen
577 343 767 397 suspicor
798 342 850 382 ad
881 344 922 383 te
955 356 1042 383 esse
1075 341 1250 383 allatum
1281 355 1349 383 me
1374 342 1418 383 in
1446 355 1506 382 se-

163 405 278 456 natu,
310 416 405 443 cum
432 402 689 456 disputarem
721 400 955 455 permultos
981 415 1080 455 esse,
1113 400 1186 454 qui
1212 414 1301 441 rem
1325 415 1364 454 p.
1391 415 1415 441 a
1439 414 1506 441 me

163 464 454 502 conservatam
496 460 706 513 dolerent,
752 459 906 500 dixisse
950 473 974 499 a
1012 461 1055 500 te
1095 459 1358 514 propinquos
1398 461 1507 514 tuos,

164 520 319 574 quibus
349 534 503 575 negare
535 533 620 559 non
657 518 885 572 potuisses,
918 517 1182 573 impetrasse,
1219 520 1267 558 ut
1298 532 1362 571 ea,
1401 531 1506 572 quae

163 578 381 619 statuisses
422 578 503 618 tibi
544 578 587 618 in
628 579 774 618 senatu
815 576 864 617 de
904 591 998 617 mea
1034 576 1156 617 laude
1195 590 1282 617 esse
1321 576 1507 631 dicenda,

165 637 371 678 reticeres.
405 635 527 685 Quod
552 650 647 677 cum
674 635 867 689 dicerem,
893 635 999 675 illud
1024 634 1209 690 adiunxi,
1235 634 1342 676 mihi
1367 637 1506 676 tecum

165 695 225 736 ita
264 695 537 749 dispertitum-
574 694 762 735 officium
803 693 931 734 fuisse
971 693 1016 734 in
1056 693 1117 734 rei
1157 709 1195 748 p.
1235 694 1370 735 salute
1410 693 1508 735 reti-

164 753 318 808 nenda,
350 757 396 794 ut
429 767 506 809 ego
540 753 688 793 urbem
720 767 743 793 a
776 752 1016 793 domesticis
1048 752 1213 793 insidiis
1245 755 1287 793 et
1318 752 1370 793 ab
1403 752 1507 793 inte-

164 812 277 853 stino
310 812 481 866 scelere,
513 814 559 852 tu
590 810 759 852 ltaliam
791 814 832 852 et
865 811 916 851 ab
949 811 1122 852 armatis
1153 811 1348 852 hostibus
1380 813 1422 852 et
1453 811 1506 852 ab

166 871 329 912 occulta
367 870 656 911 coniuratione
698 869 962 924 defenderes,
1007 872 1132 924 atque
1172 869 1282 911 hanc
1317 872 1507 911 nostram

165 929 272 970 tanti
306 932 347 969 et
384 932 470 969 tam
512 928 717 982 praeclari
747 928 935 969 muneris
966 929 1211 969 societatem
1243 943 1267 969 a
1297 927 1381 969 tuis
1412 943 1507 983 pro-

164 988 335 1042 pinquis
366 987 674 1041 labefactatam,
707 987 791 1041 qui,
824 1001 919 1028 cum
950 989 997 1028 tu
1030 1002 1053 1028 a
1083 1001 1150 1028 me
1183 987 1308 1028 rebus
1339 987 1507 1041 amplis-

164 1047 282 1087 simis
308 1049 433 1100 atque
452 1045 893 1087 honorificentissimis
914 1049 1086 1086 ornatus
1107 1060 1227 1100 esses,
1253 1046 1505 1100 timuissent,

164 1119 215 1145 ne
249 1119 353 1159 quae
385 1105 492 1145 mihi
522 1119 619 1159 pars
658 1119 731 1158 aps
763 1107 804 1145 te
836 1104 1068 1145 voluntatis
1099 1107 1271 1145 mutuae
1302 1104 1506 1145 tribuere-

164 1167 244 1204 tur.
306 1162 400 1204 Hoc
440 1163 484 1204 in
524 1177 716 1204 sermone
758 1177 853 1203 cum
891 1177 914 1204 a
951 1177 1018 1204 me
1056 1166 1355 1217 exponeretur,
1400 1177 1505 1217 quae

163 1237 257 1262 mea
297 1222 534 1276 expectatio
575 1222 723 1262 fuisset
768 1222 972 1263 orationis
1014 1225 1131 1276 tuae,
1177 1225 1418 1276 quantoque
1461 1221 1505 1262 in

164 1295 305 1321 errore
337 1283 526 1321 versatus
565 1295 714 1334 essem,
755 1280 845 1321 visa
882 1284 945 1321 est
983 1280 1118 1321 oratio
1149 1295 1235 1321 non
1266 1279 1506 1334 iniucunda,

164 1341 206 1379 et
242 1338 466 1379 mediocris
505 1339 676 1392 quidam
715 1341 777 1379 est
814 1338 922 1379 risus
960 1342 1208 1379 consecutus
1247 1353 1333 1379 non
1370 1339 1414 1379 in
1451 1341 1505 1392 te,

164 1397 237 1437 sed
267 1397 402 1451 magis
441 1397 484 1437 in
523 1411 708 1437 errorem
744 1411 904 1450 meum,
943 1399 984 1437 et
1016 1397 1129 1450 quod
1160 1411 1227 1437 me
1259 1397 1333 1438 abs
1364 1399 1406 1438 te
1439 1411 1506 1438 cu—

163 1455 273 1509 pisse
317 1455 480 1495 laudari
524 1458 666 1509 aperte
710 1457 836 1508 atque
868 1455 1061 1510 ‘ingenue
1105 1455 1347 1496 confitebar.
1414 1453 1505 1496 Iam

163 1514 244 1554 hoc
281 1528 365 1554 non
402 1516 543 1567 potest
574 1514 618 1553 in
649 1516 690 1553 te
722 1527 807 1554 non
838 1513 1071 1554 honorifice
1103 1528 1191 1555 esse
1224 1514 1400 1566 dictum,
1437 1528 1505 1555 me

165 1572 208 1612 in
241 1572 482 1612 clarissimis
513 1572 618 1612 meis
650 1575 775 1625 atque
807 1572 1077 1626 amplissimis
1109 1572 1234 1613 rebus
1265 1575 1407 1613 tamen
1433 1572 1506 1613 ali-

165 1630 279 1684 quod
309 1630 601 1671 testimonium
631 1633 728 1670 tuae
759 1630 874 1671 vocis
905 1630 1060 1671 habere
1091 1631 1285 1672 voluisse.

254 1688 375 1736 Quod
407 1691 547 1729 autem
580 1689 639 1729 ita
670 1688 835 1729 scribis:
869 1689 961 1743 ‘pro
993 1691 1142 1730 mutuo
1174 1690 1286 1730 inter
1316 1704 1393 1730 nos
1419 1689 1504 1730 ani-

164 1747 268 1800 mo',
301 1746 403 1800 quid
434 1750 480 1787 tu
513 1747 727 1788 existimes
759 1762 846 1788 esse
878 1748 921 1788 in
960 1748 1147 1788 amicitia
1182 1750 1396 1802 mutuum,
1436 1762 1506 1789 ne—

165 1805 263 1858 scio,
296 1805 490 1858 equidem
516 1806 597 1846 hoc
622 1806 818 1859 arbitror,
851 1820 945 1846 cum
971 1821 1048 1861 par
1072 1807 1268 1848 voluntas
1300 1806 1506 1861 accipitur

164 1866 205 1904 et
237 1863 437 1904 redditur.
500 1864 594 1919 Ego
626 1865 661 1905 si
692 1864 773 1905 hoc
805 1865 952 1919 dicam,
984 1880 1050 1906 me
1076 1868 1150 1906 tua
1176 1879 1299 1906 causa
1323 1867 1505 1919 praeter-

162 1921 325 1962 misisse
357 1922 635 1976 provinciam,
673 1923 754 1963 tibi
786 1923 867 1977 ipsi
903 1923 1039 1964 levior
1069 1924 1213 1965 videar
1244 1938 1350 1977 esse3
1385 1937 1503 1963 meae

162 1980 275 2021 enim
302 1981 485 2022 rationes
511 1982 570 2021 ita
595 1981 796 2035 tulerunt,
822 1984 947 2036 atque
975 1983 1063 2023 eius
1088 1982 1172 2024 mei
1192 1981 1356 2023 consilii
1374 1981 1505 2022 maio—

164 2053 252 2079 rem
296 2039 339 2079 in
384 2039 471 2080 dies
515 2040 704 2096 singulos
748 2040 933 2081 fructum
976 2041 1322 2095 voluptatemque
1366 2039 1503 2094 capio3

164 2097 269 2137 illud
302 2097 406 2151 dico,
438 2113 516 2151 me,
548 2102 595 2139 ut
626 2098 812 2153 primum
844 2098 887 2139 in
917 2099 1112 2140 contione
1143 2098 1404 2153 provinciam
1438 2097 1504 2139 de-

163 2156 388 2210 posuerim,
419 2157 575 2211 statim,
609 2171 733 2210 quem
765 2157 818 2197 ad
847 2157 1021 2198 modum
1053 2171 1144 2198 eam
1170 2157 1250 2197 tibi
1282 2156 1503 2210 traderem,

164 2213 349 2267 cogitare
377 2215 572 2269 coepisse.
621 2215 743 2256 Nihil
770 2215 862 2256 dico
896 2216 945 2256 de
977 2215 1200 2257 sortitione
1232 2218 1387 2269 vestra,
1413 2218 1503 2256 tan-

162 2273 254 2310 tum
294 2274 335 2312 te
376 2273 580 2326 suspicari
620 2274 738 2327 volo,
781 2273 890 2314 nihil
930 2273 974 2314 in
1015 2288 1063 2314 ea
1103 2288 1146 2314 re
1184 2288 1260 2327 per
1297 2273 1503 2329 collegam

163 2342 302 2369 meum
346 2345 413 2371 me
458 2332 659 2372 insciente
704 2346 791 2372 esse
835 2332 1005 2372 factum.
1072 2331 1309 2373 Recordare
1353 2335 1502 2386 cetera,

1527 763 1561 789 10

1526 1057 1559 1083 15

1525 1350 1560 1375 20

1524 1641 1558 1668 25

1523 1934 1558 1960 80

1522 2225 1557 2251 85
