1659 2552
177 115 264 158 300
678 113 1018 149 EPISTULARUM

175 227 272 253 nam
317 212 454 253 omnis
498 226 549 253 ex
592 211 754 266 proelio
799 210 964 265 integer
1003 209 1192 250 discessit
1230 209 1307 263 ita,
1350 211 1399 250 ut
1437 209 1522 250 sint

175 271 358 326 amplius
398 271 590 326 equitum
634 270 751 311 milia
796 269 993 322 quinque.
1061 267 1130 308 Ad
1172 282 1239 308 me
1284 267 1522 322 complures

175 330 333 371 milites
365 333 406 371 et
439 330 601 384 equites
633 329 685 369 ab
719 343 767 369 eo
800 327 1079 381 transierunt,
1112 328 1153 367 et
1184 327 1228 367 in
1261 326 1348 368 dies
1381 327 1522 383 singu-

175 389 240 430 los
277 389 366 430 eius
405 389 548 443 copiae
590 388 851 428 minuuntur.
915 385 1083 427 Silanus
1122 387 1163 426 et
1196 384 1342 427 Culleo
1381 385 1433 426 ab
1473 400 1521 426 eo

177 448 468 489 discesserunt.
529 446 640 500 Nos,
682 446 760 487 etsi
798 445 986 500 graviter
1023 444 1075 485 ab
1114 444 1165 484 iis
1203 444 1305 485 laesi
1344 458 1522 499 eramus,
1559 455 1576 482 5

177 507 290 561 quod
323 510 469 547 contra
505 508 694 546 nostram
727 504 990 545 voluntatem
1023 503 1076 544 ad
1107 502 1343 544 Antonium
1375 503 1522 558 ierant,

176 569 318 607 tamen
355 568 524 606 nostrae
564 563 844 605 humanitatis
876 565 918 603 et
948 561 1270 603 necessitudinis
1302 576 1426 603 causa
1457 576 1524 603 eo-

176 639 271 666 rum
298 624 446 665 salutis
472 623 679 664 rationem
705 622 933 662 habuimus
959 635 1036 662 nec
1060 623 1203 662 tamen
1223 635 1370 662 eorum
1396 635 1524 675 opera

177 684 338 724 utimur
375 697 510 737 neque
549 682 593 722 in
631 681 780 722 castris
818 680 1023 721 habemus
1059 694 1196 733 neque
1234 679 1311 720 ulh'
1348 679 1523 735 negotio

176 743 465 796 praefecimus.
517 740 640 790 Quod
665 740 718 781 ad
743 739 903 780 bellum
934 739 1016 779 hoc
1047 739 1219 793 attinet,
1251 753 1328 779 nec
1359 738 1523 779 senatui
1543 750 1577 776 10

177 815 253 842 nec
285 801 345 841 rei
376 816 414 854 p.
449 800 644 841 derimus.
707 798 822 848 Quae
859 801 1007 852 postea
1038 798 1267 854 egerimus,
1299 797 1451 838 faciam
1481 799 1523 838 te

179 860 414 901 certiorem.

732 961 924 1004 XXXIV
937 977 971 1004 a.

459 1044 532 1079 Sor.
561 1044 689 1079 ibidem
717 1043 783 1078 XI
805 1043 852 1078 K.
879 1043 965 1078 Iun.
991 1055 1024 1078 a.
1054 1046 1121 1078 711
1151 1044 1241 1087 (43).

590 1126 761 1160 LEPID
771 1125 832 1161 US
856 1124 1120 1160 CICERONI.
1544 1137 1577 1164 15

268 1211 362 1252 Etsi
408 1211 523 1252 omni
572 1213 763 1264 tempore
808 1218 972 1250 summa
1016 1209 1155 1250 studia
1199 1207 1330 1249 officii
1373 1209 1523 1248 mutuo

180 1271 291 1311 inter
330 1284 408 1311 nos
446 1269 639 1311 certatim
680 1268 961 1309 constiterunt
1001 1282 1078 1321 pro
1116 1270 1261 1308 nostra
1299 1267 1410 1307 inter
1446 1280 1524 1307 nos

180 1329 469 1370 familiaritate
507 1331 548 1369 et
588 1327 765 1381 proinde
798 1326 1025 1381 diligenter
1062 1326 1114 1366 ab
1147 1329 1327 1379 utroque
1360 1339 1523 1365 conser-

180 1391 277 1429 vata
303 1391 412 1441 sunt,
444 1390 586 1427 tamen
611 1400 697 1426 non
724 1385 885 1439 dubito,
918 1385 961 1425 in
981 1387 1100 1425 tanto
1127 1387 1168 1425 et
1194 1387 1281 1424 tam
1302 1383 1522 1437 repentino

180 1449 300 1487 motu
333 1447 392 1487 rei
423 1461 462 1499 p.
496 1446 598 1499 quin
630 1458 715 1485 non
746 1444 864 1484 nulla
896 1443 945 1484 de
977 1458 1043 1483 me
1075 1443 1192 1483 falsis
1224 1442 1467 1483 rumoribus
1500 1454 1576 1482 a‘zo

180 1506 285 1546 meis
311 1503 669 1559 opt-rectatoribus
694 1517 760 1543 me
787 1502 961 1557 indigna
982 1501 1034 1542 ad
1058 1505 1099 1542 te
1126 1502 1263 1542 delata
1289 1502 1384 1555 sint,
1417 1514 1523 1555 quae

179 1567 301 1605 tuum
333 1564 521 1604 animum
553 1576 808 1618 magnopere
840 1563 1059 1602 moverent
1090 1575 1166 1614 pro
1199 1563 1273 1601 tuo
1306 1573 1448 1600 amore
1480 1559 1524 1600 in

180 1638 268 1663 rem
301 1638 338 1677 p.
401 1622 464 1662 Ea
501 1625 542 1662 te
580 1621 795 1662 moderate
833 1620 1040 1674 accepisse
1079 1634 1214 1673 neque
1251 1622 1409 1660 temere
1441 1632 1525 1659 cre-

182 1681 365 1723 dendum
402 1681 608 1721 iudicasse
645 1694 669 1721 a
705 1679 811 1720 meis
850 1678 1199 1733 procuratoribus
1240 1678 1394 1718 certior
1430 1691 1525 1717 sum

180 1742 326 1781 factus
379 1739 493 1788 Quae
518 1739 637 1792 mihi,
669 1741 716 1779 ut
738 1737 903 1792 debent,
934 1737 1177 1793 gratissima
1203 1739 1317 1790 sunt3
1349 1735 1523 1776 memini
1544 1746 1577 1772 25

180 1800 293 1841 enim
319 1802 359 1840 et
391 1799 464 1839 illa
496 1798 725 1852 superiora,
757 1811 863 1851 quae
889 1811 964 1850 aps
988 1799 1062 1836 tua
1085 1796 1304 1836 voluntate
1335 1795 1525 1849 profecta

181 1861 279 1899 sunt
305 1858 358 1898 ad
382 1872 520 1898 meam
547 1857 799 1912 dignitatem
827 1855 1062 1911 augendam
1082 1857 1124 1895 et
1144 1854 1386 1907 ornandam,
1419 1867 1524 1907 quae

180 1919 385 1971 perpetuo
417 1917 558 1957 animo
597 1929 691 1956 meo
723 1915 807 1955 fixa
844 1913 1086 1955 manebunt.
1149 1913 1239 1954 Abs
1270 1916 1330 1967 te,
1366 1911 1426 1952 mi
1459 1910 1525 1952 Ci-

181 1991 288 2030 cero,
320 1990 476 2031 magno
503 1988 628 2029 opere
655 1976 765 2028 peto,
798 1974 833 2014 si
859 1974 888 2026 †
907 1987 1045 2014 meam
1071 1972 1215 2026 vitam,
1247 1970 1434 2012 studium
1467 1969 1525 2009 di-

180 2035 460 2091 ligentissime
499 2033 789 2087 superioribus
825 2031 1090 2086 temporibus
1127 2031 1171 2071 in
1202 2045 1246 2071 re
1277 2045 1315 2084 p.
1348 2028 1524 2068 admini-
1544 2039 1578 2065 30

181 2093 369 2147 stranda,
408 2107 514 2148 quae
545 2092 707 2146 Lepido
741 2091 868 2146 digna
900 2093 1018 2143 sunt,
1049 2091 1267 2143 perspecta
1298 2087 1445 2141 habes,
1477 2089 1525 2127 ut

182 2152 300 2206 paria
340 2155 413 2193 aut
454 2167 502 2193 eo
544 2151 751 2205 ampliora
792 2150 955 2203 reliquo
997 2151 1187 2202 tempore
1228 2148 1443 2200 exspectes
1484 2148 1526 2186 et

182 2211 358 2264 proinde
402 2214 476 2252 tua
520 2209 771 2251 auctoritate
812 2222 879 2249 me
919 2207 1124 2248 tuendum
1145 2202 1397 2258 'existimes‚
1441 2217 1525 2258 quo

183 2270 263 2309 tibi
307 2270 430 2323 plura
472 2272 546 2310 tuo
587 2268 741 2309 merito
786 2267 929 2308 debeo.
991 2265 1107 2307 Vale.
1175 2264 1224 2305 D.
1258 2276 1306 2304 XI
1338 2263 1389 2304 K.
1434 2262 1525 2304 Iun.

185 2342 235 2368 ex
269 2329 416 2368 castris
449 2343 499 2368 ex
533 2327 669 2368 Ponte
702 2326 928 2381 Argenteo.
