1659 2552
192 88 276 128 526
688 87 1029 122 EPISTULARUM

189 184 340 224 ficatur
380 185 559 224 strenue.
628 183 902 237 Redemptori
947 186 1020 224 tuo
1067 182 1288 224 dimidium
1331 183 1533 238 pecuniae

190 242 343 283 curavi.
407 241 538 297 Spero
583 256 660 283 nos
700 245 795 282 ante
839 241 1022 282 hiemem
1066 242 1388 283 contubernales
1430 242 1532 284 fore.

190 301 253 342 De
285 303 431 342 nostra
455 301 595 342 Tullia
621 301 683 341 tui
710 300 949 341 mehercule
975 301 1264 341 amantissima
1289 315 1411 355 spero
1437 315 1533 342 cum

191 358 437 414 Crassipede
474 374 551 400 nos
590 359 828 400 confecisse.
897 359 998 400 Dies
1030 362 1148 400 erant
1187 359 1287 414 duo,
1325 359 1398 414 qui
1436 362 1533 414 post

187 418 361 459 Latinas
404 419 616 460 habentur
659 418 869 473 religiosi3
913 419 942 471 †
975 421 1113 459 cetero
1159 419 1398 459 confectum
1442 421 1531 460 erat
1569 430 1586 456 5
1647 428 1649 430 ·

188 476 333 518 Latiar
364 480 463 518 erat.

280 535 361 590 [VI
387 534 851 590 3-7].Ἀμφιλαφίαν
877 538 1018 576 autem
1043 535 1172 591 illam,
1200 550 1326 590 quam
1351 538 1399 577 tu
1425 535 1534 577 soles

190 595 339 649 dicere,
371 595 484 636 bono
504 595 631 635 modo
653 594 855 648 desidero,
888 595 947 635 sic
965 609 1149 649 prorsus,
1175 598 1222 635 ut
1242 595 1533 636 advenientem

191 654 398 708 excipiam
429 654 642 707 lubenter,
683 653 885 694 latentem
924 654 1051 694 etiam
1082 668 1194 695 nunc
1224 668 1311 695 non
1342 653 1532 694 excitem.

190 712 345 753 Tribus
376 713 481 753 locis
514 712 702 757 aedifico,
749 712 912 766 reliqua
943 713 1206 753 reconcinno.
1262 712 1374 753 Vivo
1405 712 1532 767 paulo
1553 724 1586 749 10
1646 710 1647 718 ¹

189 771 426 826 liberalius,
465 785 591 825 quam
624 771 828 826 solebam3
872 785 976 825 opus
1008 775 1107 812 erat.
1171 770 1215 812 Si
1247 774 1289 812 te
1319 771 1532 826 haberem,

190 830 404 884 paulisper
429 830 561 870 fabris
587 830 728 871 locum
755 830 907 870 darem.
965 829 1047 871 Sed
1073 830 1152 885 [et]
1179 830 1293 885 haec,
1325 832 1373 871 ut
1398 844 1532 885 spero,

191 890 309 930 brevi
342 889 453 930 inter
484 904 561 929 nos
587 889 1003 930 communicabimus.
1042 888 1125 930 Res
1151 892 1292 930 autem
1318 888 1532 930 Romanae

191 962 279 988 sese
312 948 371 988 sic
402 947 577 988 habent:
612 947 769 989 Consul
801 951 863 988 est
890 948 1084 1004 egregius
1109 948 1315 989 Lentulus
1346 962 1431 989 non
1456 948 1533 988 im-

191 1007 386 1061 pediente
413 1007 586 1062 collega,
619 1007 689 1061 sic,
722 1007 906 1061 inquam,
938 1006 1087 1061 bonus,
1119 1009 1166 1047 ut
1196 1007 1415 1048 meliorem
1446 1020 1532 1048 non
1553 1018 1586 1043 15
1619 1006 1629 1061 ¹]

191 1066 380 1106 viderim.
443 1065 544 1106 Dies
585 1065 818 1106 comitiales
862 1066 1017 1106 exemit
1059 1080 1223 1121 omnes3
1266 1080 1365 1106 nam
1405 1065 1532 1106 etiam

191 1124 367 1165 Latinae
393 1124 701 1179 instaurantur3
732 1139 809 1165 nec
833 1127 975 1165 tamen
996 1124 1167 1165 deerant
1193 1124 1531 1179 supplicationes.

193 1182 262 1224 Sic
286 1183 454 1239 legibus
479 1183 848 1238 perniciosissimis
875 1183 1108 1237 obsistitur,
1139 1184 1322 1224 maxime
1349 1181 1532 1238 Catonis,

192 1242 258 1283 cui
302 1245 444 1283 tamen
487 1242 656 1298 egregie
700 1242 904 1297 imposuit
947 1242 1051 1283 Milo
1091 1245 1245 1283 noster.
1306 1241 1418 1283 Nam
1460 1241 1532 1283 ille

191 1301 346 1342 vindex
376 1300 661 1356 gladiatorum
700 1304 741 1342 et
781 1301 1079 1342 bestiariorum
1111 1304 1270 1342 emerat
1301 1301 1350 1342 de
1383 1299 1532 1342 Cosco-
1551 1313 1584 1338 20

190 1360 262 1400 nio
301 1362 341 1400 et
379 1359 616 1413 Pomponio
654 1359 878 1400 bestiarios
915 1373 991 1400 nec
1029 1359 1117 1400 sine
1156 1360 1208 1400 iis
1239 1359 1412 1400 armatis
1443 1373 1531 1400 um-

192 1432 318 1471 quam
350 1418 394 1458 in
426 1418 598 1472 publico
630 1418 778 1458 fuerat.
828 1417 918 1458 Hos
945 1418 1054 1458 alere
1080 1432 1164 1458 non
1195 1420 1363 1472 poterat
1388 1418 1531 1472 itaque

191 1477 262 1517 vix
294 1476 474 1517 tenebat.
538 1475 677 1517 Sensit
708 1476 831 1530 Milo3
873 1476 988 1516 dedit
1019 1476 1184 1517 cuidam
1215 1491 1300 1517 non
1332 1476 1531 1517 familiari

190 1535 427 1590 negotium,
467 1535 539 1589 qui
571 1535 660 1576 sine
692 1535 929 1589 suspicione
962 1537 1118 1576 emeret
1149 1549 1240 1576 eam
1272 1535 1477 1576 familiam
1509 1550 1533 1576 a

193 1594 362 1634 Catone.
425 1593 539 1642 Quae
572 1593 697 1634 simul
729 1597 854 1647 atque
887 1593 1068 1634 abducta
1099 1596 1178 1648 est,
1219 1593 1424 1648 Racilius,
1457 1594 1530 1648 qui
1551 1605 1584 1631 25
1611 1629 1615 1636 .
1655 1615 1659 1636 :

191 1667 299 1693 unus
331 1655 393 1693 est
424 1652 506 1693 hoc
536 1655 727 1707 tempore
758 1652 956 1693 tribunus
986 1653 1055 1706 pl,
1096 1667 1183 1693 rem
1214 1653 1414 1707 patefecit
1444 1666 1532 1694 eos-

191 1725 272 1765 que
302 1711 497 1752 homines
529 1711 610 1752 sibi
649 1714 814 1765 emptos
845 1725 933 1752 esse
975 1711 1082 1752 dixit
1115 1710 1194 1767 (sic
1225 1712 1337 1752 enim
1368 1711 1532 1765 placue-

192 1769 275 1826 rat)
320 1773 361 1811 et
404 1770 594 1811 tabulam
638 1770 887 1824 proscripsit
930 1784 972 1811 se
1013 1770 1217 1810 familiam
1256 1769 1532 1811 Catonianam

191 1828 472 1870 venditurum.
533 1827 582 1869 In
621 1843 712 1869 eam
753 1829 941 1869 tabulam
979 1829 1123 1884 magni
1163 1829 1272 1870 risus
1309 1843 1532 1883 conseque-

191 1888 356 1928 bantur.
418 1887 543 1928 Hunc
584 1888 717 1943 igitur
749 1887 952 1928 Catonem
982 1887 1188 1928 Lentulus
1220 1902 1244 1928 a
1273 1887 1440 1943 legibus
1471 1901 1531 1928 re-
1551 1899 1585 1924 3⁰

190 1946 325 1987 movit
363 1948 404 1987 et
442 1960 529 2000 eOS,
568 1946 640 2000 qui
679 1946 728 1986 de
761 1945 936 1987 Caesare
973 1949 1163 1987 monstra
1194 1946 1531 2002 promulgarunt,
1618 1944 1619 1948 ¹

192 2005 347 2059 quibus
387 2005 665 2046 intercederet
705 2019 839 2045 nemo.
910 2004 1042 2058 Nam,
1087 2005 1200 2059 quod
1240 2004 1288 2045 de
1328 2003 1532 2058 Pompeio

194 2063 395 2104 Caninius
437 2064 542 2119 agit,
584 2077 681 2104 sane
723 2078 848 2117 quam
889 2064 1066 2104 refrixit.
1128 2063 1277 2117 Neque
1318 2062 1429 2103 enim
1467 2077 1533 2104 res

192 2122 418 2176 probatur,
459 2125 500 2163 et
537 2121 765 2175 Pompeius
801 2124 945 2163 noster
982 2123 1026 2162 in
1064 2123 1250 2163 amicitia
1285 2120 1330 2161 P.
1362 2121 1531 2162 Lentuli

193 2181 458 2235 vituperatur
489 2183 530 2221 et
561 2180 730 2221 hercule
762 2195 847 2221 non
879 2184 942 2221 est
974 2181 1095 2221 idem.
1157 2180 1268 2222 Nam
1299 2179 1411 2233 apud
1442 2189 1586 2234 per-³⁵

193 2239 443 2280 ditissimam
477 2239 593 2279 illam
620 2242 745 2293 atque
777 2239 966 2280 infimam
992 2240 1149 2280 faecem
1180 2237 1327 2293 populi
1358 2241 1534 2292 propter

192 2297 395 2339 Milonem
427 2297 703 2352 suboffendit,
741 2300 781 2338 et
813 2297 914 2338 boni
951 2297 1085 2338 multa
1117 2297 1170 2338 ab
1202 2310 1251 2338 eo
1284 2296 1533 2351 desiderant,
1588 2317 1590 2323 ·
