1659 2552
123 2197 142 2226 [Ο

161 93 248 135 264
653 91 997 127 EPISTULARUM
1047 123 1055 131 ,

160 204 247 231 non
286 189 437 231 hortor
477 188 634 243 solum,
673 188 732 228 mi
770 186 941 241 Plance,
983 185 1056 227 sed
1092 185 1216 240 plane
1255 186 1383 227 etiam
1421 199 1508 241 oro,

163 248 277 303 quod
313 248 394 289 feci
433 248 485 288 iis
522 247 696 301 litteris,
738 246 892 300 quibus
924 248 971 286 tu
1003 245 1307 286 humanissime
1339 258 1508 299 respon-

163 307 276 361 disti,
308 309 356 348 ut
387 309 478 348 tota
509 308 650 347 mente
685 305 883 358 omnique
916 303 1047 344 animi
1078 303 1240 358 impetu
1273 303 1317 344 in
1350 317 1437 344 rem
1469 319 1506 358 p.

162 366 392 408 incumbas.
454 364 576 406 Nihil
608 367 681 418 est,
714 364 828 417 quod
853 362 931 403 tibi
959 362 1110 403 maiori
1143 362 1300 403 fructui
1331 362 1508 417 gloriae-

163 440 244 480 que
277 439 364 466 esse
396 424 549 478 possit,
588 437 663 463 nec
701 422 927 476 quicquam
959 436 1010 462 ex
1048 421 1245 462 omnibus
1277 420 1402 462 rebus
1433 421 1508 462 hu·
1544 432 1561 459 5

162 484 298 525 manis
337 486 398 524 est
436 482 692 537 praeclarius
730 483 802 521 aut
839 480 1122 535 praestantius
1154 494 1280 534 quam
1313 479 1362 521 de
1394 493 1438 520 re
1469 495 1507 534 p.

164 543 270 584 bene
302 542 465 583 mereri.
527 540 679 581 Adhuc
711 540 824 580 enim
857 539 1037 594 (patitur
1068 542 1141 579 tua
1169 553 1334 580 summa
1364 538 1509 579 huma-

164 602 275 642 nitas
319 604 360 642 et
404 600 609 654 sapientia
652 613 736 652 me,
782 599 896 652 quod
936 598 1134 652 sentiam,
1177 597 1310 638 libere
1352 596 1508 653 dicere)

165 661 337 702 fortuna
378 660 635 714 suffragante
680 657 836 698 videris
880 672 946 698 res
989 657 1195 698 maximas
1240 659 1509 711 consecutu83

167 719 280 774 quod
307 732 562 773 quamquam
588 717 677 757 sine
703 717 861 757 virtute
887 716 979 757 fieri
1006 730 1090 757 non
1115 715 1335 770 potuisset,
1366 718 1509 756 tamen
1528 728 1562 754 10

166 793 218 819 ex
249 778 432 818 maxima
470 779 588 830 parte
627 790 692 829 ea,
731 790 836 829 quae
875 790 917 816 es
950 775 1142 829 adeptus,
1180 775 1376 815 fortunae
1406 776 1509 815 tem-

165 837 424 891 poribusque
456 835 722 888 tribuuntur,
759 834 826 875 his
857 833 1121 888 temporibus
1153 832 1418 874 difficillimis
1449 832 1510 873 rei

166 912 204 950 p.
251 894 453 949 quicquid
496 893 761 947 subveneris,
813 892 855 933 id
899 893 979 933 erit
1022 895 1161 933 totum
1205 895 1246 933 et
1288 891 1510 946 proprium

166 958 298 995 tuum.
366 952 661 994 lncredibiIeSt
711 952 901 993 omnium
951 951 1106 992 civium
1155 951 1393 992 latronibus
1443 964 1510 991 ex-

168 1013 299 1067 ceptis
332 1012 476 1053 odium
508 1012 551 1052 in
583 1011 831 1065 Antonium,
863 1025 1017 1066 magna
1042 1024 1135 1065 spes
1161 1010 1205 1050 in
1230 1013 1272 1050 te
1299 1012 1339 1051 et
1365 1010 1408 1050 in
1434 1011 1509 1050 tuo
1529 1020 1563 1047 15

167 1072 372 1126 exercitu,
409 1085 563 1126 magna
595 1070 871 1124 exspectati03
913 1070 1047 1123 cuius,
1084 1083 1160 1123 per
1193 1068 1307 1110 deos!
1348 1068 1510 1124 gratiae

166 1131 411 1186 gloriaeque
444 1144 542 1171 cave
573 1132 741 1183 tempus
773 1129 953 1169 amittas.
1005 1127 1073 1169 Sic
1099 1142 1250 1168 moneo
1283 1131 1330 1168 ut
1361 1127 1510 1182 filium,

167 1190 227 1230 sic
258 1190 381 1230 faueo
414 1191 461 1229 ut
491 1188 609 1243 mihi,
642 1189 703 1228 sic
733 1188 884 1228 hortor
914 1190 962 1228 ut
994 1190 1035 1228 et
1066 1201 1143 1241 pro
1174 1187 1312 1241 patria
1344 1189 1386 1227 et
1410 1186 1511 1227 ami-

169 1263 396 1289 cissnnum.

804 1350 877 1393 VI.
1531 1361 1565 1386 ἑο

423 1432 496 1468 Ser.
524 1433 661 1468 Romae
687 1433 799 1467 XIII
820 1432 867 1466 K.
895 1432 985 1477 Apr.
1013 1443 1046 1466 α.
1076 1434 1143 1465 711
1172 1432 1262 1474 (43).

641 1513 808 1548 CICERO
840 1508 1040 1547 PLANCO.

257 1598 371 1648 Quae
409 1598 576 1639 locutus
615 1601 677 1639 est
708 1597 891 1638 Furnius
929 1600 1074 1638 noster
1106 1596 1155 1637 de
1188 1596 1328 1637 animo
1361 1599 1436 1637 tuo
1469 1594 1513 1637 in

168 1672 257 1699 rem
289 1673 345 1711 p.,
378 1672 425 1698 ea-
456 1657 699 1713 gratissima
730 1657 902 1697 fuerunt
933 1655 1114 1709 senatui,
1153 1670 1191 1709 p.
1223 1655 1272 1696 R.
1306 1655 1514 1709 probatis-

168 1717 290 1770 sima,
332 1730 437 1770 quae
479 1719 620 1757 autem
660 1718 757 1756 tuae
798 1716 996 1756 recitatae
1034 1715 1200 1755 litterae
1242 1717 1339 1754 sunt
1378 1714 1421 1754 in
1453 1728 1513 1755 se·
1533 1725 1566 1750 25

167 1778 282 1829 natu,
317 1789 583 1829 nequaquam
617 1774 853 1816 consentire
886 1788 981 1814 cum
1012 1773 1143 1814 Furni
1178 1773 1367 1813 oratione
1400 1772 1513 1813 visae

169 1836 276 1875 sunt.
338 1833 459 1874 Pacis
498 1833 610 1875 enim
648 1835 794 1874 auctor
831 1847 938 1886 eras,
981 1847 1076 1873 cum
1109 1831 1270 1887 collega
1301 1834 1417 1886 tuus,
1447 1831 1514 1872 vir

169 1892 446 1947 clarissimus,
488 1908 511 1933 a
548 1892 804 1933 foedissimis
841 1891 1079 1932 latronibus
1117 1890 1399 1944 opsideretur,
1440 1890 1512 1943 qui

169 1955 241 1992 aut
272 1951 424 2006 positis
450 1951 577 1992 armis
609 1965 754 2005 pacem
780 1953 922 2004 petere
950 1950 1115 2004 debent,
1148 1952 1232 2003 aut,
1264 1949 1299 1989 si
1324 1962 1513 2004 pugnan-

168 2014 231 2051 tes
263 2025 355 2051 eam
386 2010 622 2064 postulant,
654 2009 833 2050 victoria
870 2024 970 2063 pax,
1008 2023 1094 2049 non
1125 2008 1320 2062 pactione
1351 2007 1513 2061 parien-
1533 2018 1567 2043 30

170 2069 272 2110 dast.
319 2068 402 2110 Sed
434 2069 483 2110 de
509 2083 610 2124 pace
636 2069 802 2109 litterae
829 2068 896 2108 vel
921 2067 1070 2121 Lepidi
1098 2067 1164 2107 vel
1189 2069 1285 2107 tuae
1318 2080 1444 2120 quam
1469 2065 1514 2106 in

168 2130 332 2182 partem
370 2131 564 2182 acceptae
603 2127 704 2181 sint,
746 2141 797 2168 ex
834 2126 926 2167 viro
966 2126 1146 2181 optimo,
1188 2125 1317 2165 fratre
1349 2127 1441 2178 tuo,
1473 2127 1515 2165 et

170 2201 220 2227 ex
259 2186 301 2227 C.
335 2186 494 2227 Furnio
535 2186 696 2241 poteris
735 2199 997 2241 cognoscere.
1060 2184 1145 2225 Me·
1166 2186 1307 2224 autem
1344 2182 1516 2237 impulit

169 2245 229 2284 tui
266 2245 434 2299 caritas,
467 2248 531 2299 ut,
571 2259 827 2299 quamquam
858 2258 935 2285 nec
965 2242 1046 2284 tibi
1079 2242 1159 2297 ipsi
1192 2241 1416 2282 consilium
1449 2241 1516 2282 de-

170 2307 288 2357 esset,
327 2306 367 2344 et
400 2304 543 2344 fratris
575 2303 791 2357 Furnique
831 2302 1119 2344 benivolentia
1159 2300 1378 2354 fidelisque
1419 2314 1516 2355 pru-
1535 2310 1569 2336 35
