1659 2552
135 2282 154 2300 ν)

191 123 277 164 256
684 123 1025 158 EPISTULARUM

190 222 380 274 tempore
407 219 507 260 ferri
534 234 667 274 posse,
694 220 729 260 si
756 220 865 260 forte
891 221 938 259 tu
965 219 1101 274 frigus
1127 218 1236 259 ferre
1262 233 1348 260 non
1378 233 1534 273 posses.

192 277 274 319 Sed
305 278 555 333 mehercule,
587 279 645 319 mi
678 278 816 331 Paete,
850 280 968 318 extra
994 277 1134 318 iocum
1159 291 1311 318 moneo
1337 279 1390 332 te,
1422 277 1537 332 quod

190 337 401 391 pertinere
427 337 479 377 ad
505 337 626 378 beate
652 337 880 377 vivendum
912 336 1108 390 arbitror,
1140 339 1187 377 ut
1215 350 1309 377 cum
1334 336 1437 377 viris
1463 336 1535 378 bo-

189 396 273 451 nis,
315 396 526 449 iucundis,
568 395 808 436 amantibus
850 395 913 435 tui
945 395 1073 436 vivas.
1134 394 1257 436 Nihil
1295 398 1357 436 est
1394 395 1535 449 aptius

189 454 313 509 vitae,
346 455 454 495 nihil
486 455 538 494 ad
564 455 685 495 beate
711 454 939 495 vivendum
966 453 1333 495 accommodatius.
1374 452 1465 495 Nec
1490 454 1534 495 id
1571 465 1588 490 5

190 513 243 553 ad
274 513 536 567 voluptatem
570 514 723 567 refero,
766 513 839 553 sed
870 512 922 553 ad
954 513 1302 554 communitatem
1333 512 1445 554 vitae
1476 515 1536 554 at-

191 586 271 626 que
310 573 446 613 victus
485 572 860 625 remissionemque
902 572 1161 626 animorum,
1205 585 1312 625 quae
1351 571 1535 613 maxime

189 645 382 671 sermone
415 631 599 671 efficitur
630 630 842 684 familiari,
875 631 948 684 qui
980 633 1042 671 est
1074 631 1118 671 in
1148 630 1352 671 conviviis
1386 630 1535 671 dulcis-

189 689 332 744 simus,
365 692 412 729 ut
443 689 674 743 sapientius
705 689 841 730 nostri
868 704 994 743 quam
1022 688 1188 744 Graeci,
1220 689 1283 729 illi
1315 691 1535 743 συμπόσια

189 751 262 788 aut
295 749 549 801 auvffemva,
581 748 625 788 id
651 751 714 789 est
740 749 1076 803 compotationes
1102 751 1174 789 aut
1201 748 1534 803 concenationes,
1555 760 1588 784 10

189 821 267 847 nos
300 807 535 861 ‘convivia’,
569 807 683 861 quod
703 810 795 848 tum
815 807 998 848 maxime
1025 807 1153 848 simul
1177 807 1347 848 vivitur.
1391 806 1534 862 Vides,

190 868 237 906 ut
274 868 315 906 te
353 866 694 920 philosophando
734 880 930 907 revocare
969 880 1095 907 coner
1132 866 1185 907 ad
1216 880 1349 906 cenas.
1413 865 1534 920 Cura,

190 927 237 964 ut
269 925 424 979 valeas3
457 925 501 965 id
531 925 636 966 foris
669 925 891 966 cenitando
923 925 1123 966 facillime
1150 939 1415 979 consequere.

280 982 361 1023 Sed
387 998 497 1038 cave,
530 984 565 1024 si
596 998 663 1024 me
696 998 823 1037 amas,
855 984 1070 1025 existimes
1096 999 1174 1039 me,
1207 984 1321 1038 quod
1350 983 1534 1025 iocosius

189 1042 392 1096 scribam,
434 1042 635 1084 abiecisse
674 1057 817 1083 curam
856 1043 916 1083 rei
953 1058 992 1097 p.
1056 1042 1126 1084 Sic
1162 1043 1259 1097 tibi,
1297 1042 1356 1084 mi
1393 1042 1533 1097 Paete,
1554 1053 1587 1079 15
1649 1054 1651 1062 ¹

188 1101 414 1155 persuade,
455 1116 521 1142 me
561 1102 648 1142 dies
687 1105 727 1142 et
764 1104 910 1143 noctes
947 1102 1056 1143 nihil
1093 1102 1209 1143 aliud
1240 1115 1384 1157 agere,
1424 1101 1534 1142 nihil

189 1174 346 1214 curare,
379 1160 461 1200 nisi
494 1163 540 1201 ut
572 1161 655 1201 mei
689 1161 799 1201 cives
831 1161 936 1201 salvi
968 1161 1177 1215 liberique
1210 1160 1305 1201 sint.
1354 1159 1533 1202 Nullum

186 1218 329 1259 locum
365 1220 660 1272 praetermitto
697 1220 914 1274 monendi,
953 1220 1122 1275 agendi,
1154 1219 1422 1275 providendi3
1453 1219 1535 1260 hoc

189 1277 370 1331 denique
410 1277 552 1318 animo
594 1292 704 1332 sum,
746 1280 810 1332 ut,
852 1278 887 1318 si
925 1278 968 1318 in
1005 1279 1085 1319 hac
1117 1293 1215 1319 cura
1246 1281 1372 1332 atque
1405 1278 1534 1319 admi-

187 1335 439 1376 nistratione
465 1337 553 1377 vita
584 1337 689 1377 mihi
721 1337 915 1390 ponenda
941 1337 1006 1391 sit,
1039 1337 1251 1391 praeclare
1277 1339 1418 1377 actum
1448 1351 1532 1378 me—
1553 1348 1586 1372 20

188 1408 283 1434 cum
314 1397 471 1448 putem.
534 1394 678 1436 Etiam
710 1398 836 1449 atque
869 1395 996 1436 etiam
1027 1396 1131 1437 vale.

791 1547 923 1589 XXV.

358 1626 432 1662 Ser.
461 1627 663 1662 Laodiceae
684 1632 766 1671 post
792 1628 864 1661 ΙΙΙ
884 1628 941 1662 Id.
970 1627 1077 1662 Febr.
1103 1640 1134 1662 α.
1164 1631 1235 1663 704
1263 1631 1352 1672 (50).

611 1708 778 1744 CICERO
806 1709 900 1744 IMP.
928 1709 1096 1744 PAETO.

274 1802 496 1845 Summum
516 1819 583 1845 me
605 1805 752 1846 ducem
772 1806 939 1847 litterae
958 1808 1055 1847 tuae
1077 1804 1359 1846 reddiderunt.
1400 1804 1530 1846 Plane
1550 1817 1583 1842 25

185 1862 423 1903 nesciebam
464 1866 505 1904 te
545 1866 633 1904 tam
670 1864 856 1918 peritum
893 1879 981 1906 esse
1020 1864 1080 1905 rei
1116 1864 1332 1919 militaris,
1374 1863 1530 1917 Pyrrhi

184 1924 226 1962 te
264 1921 397 1962 libros
430 1924 470 1963 et
504 1921 656 1963 Cineae
689 1923 812 1964 video
849 1924 1073 1964 lectitasse.
1135 1921 1284 1977 Itaque
1317 1925 1530 1976 optempe-

184 1994 276 2020 rare
310 1981 451 2036 cogito
484 1982 719 2036 praeceptis
750 1982 852 2036 tuis,
889 1982 971 2023 hoc
1002 1981 1201 2036 amplius:
1239 1981 1528 2026 navicularum

183 2038 339 2079 habere
371 2039 533 2093 aliquid
564 2040 608 2080 in
634 2055 707 2081 ora
736 2041 961 2082 maritima.
1025 2040 1182 2082 Contra
1214 2040 1398 2094 equitem
1429 2038 1529 2080 Par-

182 2097 305 2138 thum
324 2102 481 2153 negant
502 2098 632 2140 ullam
659 2102 917 2141 armaturam
941 2099 1161 2140 meliorem
1187 2098 1367 2139 inveniri
1391 2112 1526 2152 posse.
1546 2111 1581 2135 30

184 2154 266 2196 Sed
307 2157 408 2210 quid
448 2156 665 2199 ludimus?
706 2158 861 2213 nescis,
903 2172 987 2213 quo
1026 2172 1121 2199 cum
1159 2157 1413 2211 imperatore
1445 2157 1527 2198 tibi

183 2216 403 2269 negotium
435 2216 500 2257 sit.
563 2217 780 2258 Παιδείαν
812 2217 986 2272 Κύρου,
1028 2222 1154 2271 qua'm
1186 2216 1440 2257 contrieram
1471 2215 1528 2257 le-

182 2273 331 2327 gendo,
363 2276 497 2315 totam
523 2275 566 2315 in
592 2275 674 2316 hoc
705 2275 1126 2330 imperio‘explicavi.
1185 2273 1267 2315 Sed
1292 2274 1527 2315 iocabimur

182 2331 284 2371 alias
323 2346 480 2387 coram,
519 2336 566 2374 ut
604 2348 744 2389 spero,
783 2334 901 2376 brevi
938 2337 1146 2388 tempore3
1189 2347 1301 2374 nunc
1339 2333 1437 2374 ades
1474 2332 1529 2374 ad

1627 2172 1632 2197 l

1629 2203 1633 2230 l
