<?xml version="1.0" encoding="UTF-8"?>
<!DOCTYPE html PUBLIC "-//W3C//DTD XHTML 1.0 Transitional//EN"
    "http://www.w3.org/TR/xhtml1/DTD/xhtml1-transitional.dtd">
<html xmlns="http://www.w3.org/1999/xhtml" xml:lang="en" lang="en">
 <head>
  <title>
</title>
<meta http-equiv="Content-Type" content="text/html;charset=utf-8" />
  <meta name='ocr-system' content='tesseract 3.04.00' />
  <meta name='ocr-capabilities' content='ocr_page ocr_carea ocr_par ocr_line ocrx_word'/>
</head>
<body>
  <div class='ocr_page' id='page_1' title='image "./p1scriptaquaemanse03ciceuoft_0175.png"; bbox 0 0 1659 2552; ppageno 0'>
   <div class='ocr_carea' id='block_1_1' title="bbox 610 123 1448 166">
    <p class='ocr_par' dir='ltr' id='par_1_1' title="bbox 610 123 1448 166">
     <span class='ocr_line' id='line_1_1' title="bbox 610 123 1448 166; baseline -0.001 -9"><span class='ocrx_word' id='word_1_1' title='bbox 610 123 753 157; x_wconf 78' lang='lat' dir='ltr'>LIBER</span> <span class='ocrx_word' id='word_1_2' title='bbox 778 123 828 158; x_wconf 74' lang='grc' dir='ltr'><em>Ν</em></span> <span class='ocrx_word' id='word_1_3' title='bbox 856 126 886 166; x_wconf 85' lang='lat'>1,</span> <span class='ocrx_word' id='word_1_4' title='bbox 914 127 944 156; x_wconf 78' lang='lat'>2.</span> <span class='ocrx_word' id='word_1_5' title='bbox 1394 124 1448 164; x_wconf 80' lang='lat'>81</span> 
     </span>
    </p>
   </div>
   <div class='ocr_carea' id='block_1_2' title="bbox 57 217 1460 1567">
    <p class='ocr_par' dir='ltr' id='par_1_2' title="bbox 57 217 1460 1567">
     <span class='ocr_line' id='line_1_2' title="bbox 109 217 1452 274; baseline -0.001 -13"><span class='ocrx_word' id='word_1_6' title='bbox 109 219 468 274; x_wconf 71' lang='lat' dir='ltr'><strong>doctissimorum,</strong></span> <span class='ocrx_word' id='word_1_7' title='bbox 508 233 613 273; x_wconf 89' lang='lat' dir='ltr'>quos</span> <span class='ocrx_word' id='word_1_8' title='bbox 646 233 810 274; x_wconf 84' lang='lat' dir='ltr'>semper</span> <span class='ocrx_word' id='word_1_9' title='bbox 842 217 1028 273; x_wconf 90' lang='lat' dir='ltr'>coluisti,</span> <span class='ocrx_word' id='word_1_10' title='bbox 1059 220 1283 273; x_wconf 87' lang='lat' dir='ltr'>praecepta</span> <span class='ocrx_word' id='word_1_11' title='bbox 1314 221 1356 260; x_wconf 88' lang='lat' dir='ltr'>te</span> <span class='ocrx_word' id='word_1_12' title='bbox 1388 219 1452 260; x_wconf 88' lang='lat' dir='ltr'>fu-</span> 
     </span>
     <span class='ocr_line' id='line_1_3' title="bbox 107 277 1451 335; baseline -0.001 -16"><span class='ocrx_word' id='word_1_13' title='bbox 107 279 241 335; x_wconf 88' lang='lat' dir='ltr'>giunt.</span> <span class='ocrx_word' id='word_1_14' title='bbox 304 277 446 332; x_wconf 86' lang='lat' dir='ltr'>Atque</span> <span class='ocrx_word' id='word_1_15' title='bbox 484 277 573 332; x_wconf 87' lang='lat' dir='ltr'>ipse</span> <span class='ocrx_word' id='word_1_16' title='bbox 613 281 734 319; x_wconf 88' lang='lat' dir='ltr'>antea</span> <span class='ocrx_word' id='word_1_17' title='bbox 771 278 824 318; x_wconf 88' lang='lat' dir='ltr'>ad</span> <span class='ocrx_word' id='word_1_18' title='bbox 854 280 896 318; x_wconf 89' lang='lat' dir='ltr'>te</span> <span class='ocrx_word' id='word_1_19' title='bbox 928 277 1188 331; x_wconf 76' lang='lat' dir='ltr'>scripsissem</span> <span class='ocrx_word' id='word_1_20' title='bbox 1220 280 1261 319; x_wconf 88' lang='lat' dir='ltr'>te</span> <span class='ocrx_word' id='word_1_21' title='bbox 1293 278 1451 319; x_wconf 85' lang='lat' dir='ltr'>frustra</span> 
     </span>
     <span class='ocr_line' id='line_1_4' title="bbox 108 336 1451 391; baseline -0.001 -13"><span class='ocrx_word' id='word_1_22' title='bbox 108 338 152 379; x_wconf 90' lang='lat' dir='ltr'>in</span> <span class='ocrx_word' id='word_1_23' title='bbox 185 339 376 378; x_wconf 86' lang='lat' dir='ltr'>senatum</span> <span class='ocrx_word' id='word_1_24' title='bbox 414 336 502 377; x_wconf 84' lang='lat' dir='ltr'>sive</span> <span class='ocrx_word' id='word_1_25' title='bbox 542 337 685 391; x_wconf 81' lang='lat' dir='ltr'>potius</span> <span class='ocrx_word' id='word_1_26' title='bbox 726 336 769 377; x_wconf 92' lang='lat' dir='ltr'>in</span> <span class='ocrx_word' id='word_1_27' title='bbox 802 338 1056 377; x_wconf 86' lang='lat' dir='ltr'>conventum</span> <span class='ocrx_word' id='word_1_28' title='bbox 1087 338 1331 378; x_wconf 88' lang='lat' dir='ltr'>senatorum</span> <span class='ocrx_word' id='word_1_29' title='bbox 1363 350 1451 378; x_wconf 86' lang='lat' dir='ltr'>esse</span> 
     </span>
     <span class='ocr_line' id='line_1_5' title="bbox 107 394 1452 450; baseline -0.001 -13"><span class='ocrx_word' id='word_1_30' title='bbox 107 398 351 450; x_wconf 81' lang='lat' dir='ltr'>venturum,</span> <span class='ocrx_word' id='word_1_31' title='bbox 395 395 439 436; x_wconf 91' lang='lat' dir='ltr'>ni</span> <span class='ocrx_word' id='word_1_32' title='bbox 476 396 638 436; x_wconf 81' lang='lat' dir='ltr'>veritus</span> <span class='ocrx_word' id='word_1_33' title='bbox 676 410 829 450; x_wconf 87' lang='lat' dir='ltr'>essem,</span> <span class='ocrx_word' id='word_1_34' title='bbox 872 409 924 436; x_wconf 90' lang='lat' dir='ltr'>ne</span> <span class='ocrx_word' id='word_1_35' title='bbox 965 394 1054 436; x_wconf 84' lang='lat' dir='ltr'>eius</span> <span class='ocrx_word' id='word_1_36' title='bbox 1096 395 1285 436; x_wconf 88' lang='lat' dir='ltr'>animum</span> <span class='ocrx_word' id='word_1_37' title='bbox 1323 395 1452 436; x_wconf 80' lang='lat' dir='ltr'>offen-</span> 
     </span>
     <span class='ocr_line' id='line_1_6' title="bbox 73 453 1452 509; baseline -0.001 -13"><span class='ocrx_word' id='word_1_38' title='bbox 73 466 89 491; x_wconf 92' lang='lat'><strong>5</strong></span> <span class='ocrx_word' id='word_1_39' title='bbox 110 455 262 509; x_wconf 88' lang='lat' dir='ltr'>derem,</span> <span class='ocrx_word' id='word_1_40' title='bbox 295 454 367 508; x_wconf 89' lang='lat' dir='ltr'>qui</span> <span class='ocrx_word' id='word_1_41' title='bbox 393 468 417 494; x_wconf 87' lang='lat' dir='ltr'>a</span> <span class='ocrx_word' id='word_1_42' title='bbox 441 468 520 508; x_wconf 86' lang='lat' dir='ltr'>me,</span> <span class='ocrx_word' id='word_1_43' title='bbox 552 457 599 495; x_wconf 90' lang='lat' dir='ltr'>ut</span> <span class='ocrx_word' id='word_1_44' title='bbox 624 456 667 495; x_wconf 90' lang='lat' dir='ltr'>te</span> <span class='ocrx_word' id='word_1_45' title='bbox 692 454 893 508; x_wconf 82' lang='lat' dir='ltr'>imitarer,</span> <span class='ocrx_word' id='word_1_46' title='bbox 923 453 1106 508; x_wconf 83' lang='lat' dir='ltr'>petebat.</span> <span class='ocrx_word' id='word_1_47' title='bbox 1171 453 1249 495; x_wconf 84' lang='lat' dir='ltr'>Oui</span> <span class='ocrx_word' id='word_1_48' title='bbox 1281 454 1452 508; x_wconf 88' lang='lat' dir='ltr'>quidem</span> 
     </span>
     <span class='ocr_line' id='line_1_7' title="bbox 109 512 1453 570; baseline -0.001 -15"><span class='ocrx_word' id='word_1_49' title='bbox 109 528 209 570; x_wconf 85' lang='lat' dir='ltr'>ego,</span> <span class='ocrx_word' id='word_1_50' title='bbox 248 527 342 554; x_wconf 89' lang='lat' dir='ltr'>cum</span> <span class='ocrx_word' id='word_1_51' title='bbox 378 527 446 554; x_wconf 87' lang='lat' dir='ltr'>me</span> <span class='ocrx_word' id='word_1_52' title='bbox 484 515 670 569; x_wconf 80' lang='lat' dir='ltr'>rogaret,</span> <span class='ocrx_word' id='word_1_53' title='bbox 708 515 756 554; x_wconf 89' lang='lat' dir='ltr'>ut</span> <span class='ocrx_word' id='word_1_54' title='bbox 794 513 981 554; x_wconf 84' lang='lat' dir='ltr'>adessem</span> <span class='ocrx_word' id='word_1_55' title='bbox 1019 512 1063 553; x_wconf 90' lang='lat' dir='ltr'>in</span> <span class='ocrx_word' id='word_1_56' title='bbox 1101 515 1266 567; x_wconf 90' lang='lat' dir='ltr'>senatu,</span> <span class='ocrx_word' id='word_1_57' title='bbox 1308 513 1453 554; x_wconf 87' lang='lat' dir='ltr'>eadem</span> 
     </span>
     <span class='ocr_line' id='line_1_8' title="bbox 110 571 1452 626; baseline -0.001 -13"><span class='ocrx_word' id='word_1_58' title='bbox 110 572 268 626; x_wconf 89' lang='lat' dir='ltr'>omnia,</span> <span class='ocrx_word' id='word_1_59' title='bbox 307 586 412 626; x_wconf 85' lang='lat' dir='ltr'>quae</span> <span class='ocrx_word' id='word_1_60' title='bbox 445 587 468 612; x_wconf 88' lang='lat' dir='ltr'>a</span> <span class='ocrx_word' id='word_1_61' title='bbox 498 574 540 613; x_wconf 88' lang='lat' dir='ltr'>te</span> <span class='ocrx_word' id='word_1_62' title='bbox 573 572 623 612; x_wconf 89' lang='lat' dir='ltr'>de</span> <span class='ocrx_word' id='word_1_63' title='bbox 654 586 755 626; x_wconf 88' lang='lat' dir='ltr'>pace</span> <span class='ocrx_word' id='word_1_64' title='bbox 787 574 829 613; x_wconf 91' lang='lat' dir='ltr'>et</span> <span class='ocrx_word' id='word_1_65' title='bbox 861 572 910 612; x_wconf 88' lang='lat' dir='ltr'>de</span> <span class='ocrx_word' id='word_1_66' title='bbox 941 571 1159 625; x_wconf 85' lang='lat' dir='ltr'>Hispaniis</span> <span class='ocrx_word' id='word_1_67' title='bbox 1200 572 1310 612; x_wconf 86' lang='lat' dir='ltr'>dicta</span> <span class='ocrx_word' id='word_1_68' title='bbox 1342 573 1452 625; x_wconf 87' lang='lat' dir='ltr'>sunt,</span> 
     </span>
     <span class='ocr_line' id='line_1_9' title="bbox 110 629 1452 685; baseline -0.001 -13"><span class='ocrx_word' id='word_1_69' title='bbox 110 631 275 673; x_wconf 87' lang='lat' dir='ltr'>ostendi</span> <span class='ocrx_word' id='word_1_70' title='bbox 314 645 381 671; x_wconf 90' lang='lat' dir='ltr'>me</span> <span class='ocrx_word' id='word_1_71' title='bbox 432 644 519 672; x_wconf 89' lang='lat' dir='ltr'>esse</span> <span class='ocrx_word' id='word_1_72' title='bbox 562 631 784 671; x_wconf 86' lang='lat' dir='ltr'>dicturum.</span> <span class='ocrx_word' id='word_1_73' title='bbox 845 629 929 671; x_wconf 82' lang='lat' dir='ltr'>Res</span> <span class='ocrx_word' id='word_1_74' title='bbox 966 630 1083 671; x_wconf 80' lang='lat' dir='ltr'>vides</span> <span class='ocrx_word' id='word_1_75' title='bbox 1122 644 1205 685; x_wconf 90' lang='lat' dir='ltr'>quo</span> <span class='ocrx_word' id='word_1_76' title='bbox 1243 630 1371 671; x_wconf 88' lang='lat' dir='ltr'>modo</span> <span class='ocrx_word' id='word_1_77' title='bbox 1409 644 1452 671; x_wconf 89' lang='lat' dir='ltr'>se</span> 
     </span>
     <span class='ocr_line' id='line_1_10' title="bbox 108 688 1453 744; baseline 0 -14"><span class='ocrx_word' id='word_1_78' title='bbox 108 689 275 744; x_wconf 87' lang='lat' dir='ltr'>habeat,</span> <span class='ocrx_word' id='word_1_79' title='bbox 296 689 442 730; x_wconf 88' lang='lat' dir='ltr'>orbem</span> <span class='ocrx_word' id='word_1_80' title='bbox 462 692 672 730; x_wconf 87' lang='lat' dir='ltr'>terrarum</span> <span class='ocrx_word' id='word_1_81' title='bbox 692 689 881 743; x_wconf 88' lang='lat' dir='ltr'>imperiis</span> <span class='ocrx_word' id='word_1_82' title='bbox 902 689 1141 730; x_wconf 68' lang='lat' dir='ltr'>distributis</span> <span class='ocrx_word' id='word_1_83' title='bbox 1162 689 1307 730; x_wconf 85' lang='lat' dir='ltr'>ardere</span> <span class='ocrx_word' id='word_1_84' title='bbox 1327 688 1453 743; x_wconf 89' lang='lat' dir='ltr'>bello,</span> 
     </span>
     <span class='ocr_line' id='line_1_11' title="bbox 57 747 1455 803; baseline 0.001 -17"><span class='ocrx_word' id='word_1_85' title='bbox 57 761 91 786; x_wconf 74' lang='grc' dir='ltr'>ιο</span> <span class='ocrx_word' id='word_1_86' title='bbox 110 748 260 790; x_wconf 90' lang='lat' dir='ltr'>urbem</span> <span class='ocrx_word' id='word_1_87' title='bbox 279 748 368 789; x_wconf 90' lang='lat' dir='ltr'>sine</span> <span class='ocrx_word' id='word_1_88' title='bbox 387 748 566 803; x_wconf 83' lang='lat' dir='ltr'>legibus,</span> <span class='ocrx_word' id='word_1_89' title='bbox 587 748 676 789; x_wconf 89' lang='lat' dir='ltr'>sine</span> <span class='ocrx_word' id='word_1_90' title='bbox 696 748 875 802; x_wconf 87' lang='lat' dir='ltr'>iudiciis,</span> <span class='ocrx_word' id='word_1_91' title='bbox 896 747 984 789; x_wconf 87' lang='lat' dir='ltr'>sine</span> <span class='ocrx_word' id='word_1_92' title='bbox 1004 748 1106 802; x_wconf 88' lang='lat' dir='ltr'>iure,</span> <span class='ocrx_word' id='word_1_93' title='bbox 1124 747 1213 789; x_wconf 91' lang='lat' dir='ltr'>sine</span> <span class='ocrx_word' id='word_1_94' title='bbox 1233 748 1315 789; x_wconf 89' lang='lat' dir='ltr'>fide</span> <span class='ocrx_word' id='word_1_95' title='bbox 1336 747 1455 788; x_wconf 83' lang='lat' dir='ltr'>relic-</span> 
     </span>
     <span class='ocr_line' id='line_1_12' title="bbox 110 805 1454 861; baseline -0.001 -13"><span class='ocrx_word' id='word_1_96' title='bbox 110 810 198 849; x_wconf 88' lang='lat' dir='ltr'>tam</span> <span class='ocrx_word' id='word_1_97' title='bbox 219 807 448 861; x_wconf 73' lang='lat' dir='ltr'>direptioni</span> <span class='ocrx_word' id='word_1_98' title='bbox 462 809 503 847; x_wconf 88' lang='lat' dir='ltr'>et</span> <span class='ocrx_word' id='word_1_99' title='bbox 518 807 733 848; x_wconf 87' lang='lat' dir='ltr'>incendiis.</span> <span class='ocrx_word' id='word_1_100' title='bbox 765 805 913 860; x_wconf 88' lang='lat' dir='ltr'>Itaque</span> <span class='ocrx_word' id='word_1_101' title='bbox 932 806 1039 847; x_wconf 90' lang='lat' dir='ltr'>mihi</span> <span class='ocrx_word' id='word_1_102' title='bbox 1053 807 1196 848; x_wconf 82' lang='lat' dir='ltr'>venire</span> <span class='ocrx_word' id='word_1_103' title='bbox 1211 807 1255 847; x_wconf 89' lang='lat' dir='ltr'>in</span> <span class='ocrx_word' id='word_1_104' title='bbox 1268 809 1454 848; x_wconf 77' lang='lat' dir='ltr'>mentem</span> 
     </span>
     <span class='ocr_line' id='line_1_13' title="bbox 110 865 1456 920; baseline 0 -14"><span class='ocrx_word' id='word_1_105' title='bbox 110 866 220 907; x_wconf 82' lang='lat' dir='ltr'>nihil</span> <span class='ocrx_word' id='word_1_106' title='bbox 244 867 396 920; x_wconf 87' lang='lat' dir='ltr'>potest,</span> <span class='ocrx_word' id='word_1_107' title='bbox 427 880 513 907; x_wconf 89' lang='lat' dir='ltr'>non</span> <span class='ocrx_word' id='word_1_108' title='bbox 537 866 664 907; x_wconf 87' lang='lat' dir='ltr'>modo</span> <span class='ocrx_word' id='word_1_109' title='bbox 691 866 805 920; x_wconf 87' lang='lat' dir='ltr'>quod</span> <span class='ocrx_word' id='word_1_110' title='bbox 830 879 1005 919; x_wconf 81' lang='lat' dir='ltr'>sperem,</span> <span class='ocrx_word' id='word_1_111' title='bbox 1038 866 1110 906; x_wconf 89' lang='lat' dir='ltr'>sed</span> <span class='ocrx_word' id='word_1_112' title='bbox 1134 865 1206 906; x_wconf 80' lang='lat' dir='ltr'>vix</span> <span class='ocrx_word' id='word_1_113' title='bbox 1231 865 1316 906; x_wconf 90' lang='lat' dir='ltr'>iam</span> <span class='ocrx_word' id='word_1_114' title='bbox 1341 865 1456 920; x_wconf 84' lang='lat' dir='ltr'>quod</span> 
     </span>
     <span class='ocr_line' id='line_1_14' title="bbox 111 923 1455 979; baseline -0.001 -13"><span class='ocrx_word' id='word_1_115' title='bbox 111 925 287 966; x_wconf 82' lang='lat' dir='ltr'>audeam</span> <span class='ocrx_word' id='word_1_116' title='bbox 314 927 469 979; x_wconf 84' lang='lat' dir='ltr'>optare.</span> <span class='ocrx_word' id='word_1_117' title='bbox 533 923 607 965; x_wconf 84' lang='lat' dir='ltr'>Sin</span> <span class='ocrx_word' id='word_1_118' title='bbox 633 927 775 965; x_wconf 87' lang='lat' dir='ltr'>autem</span> <span class='ocrx_word' id='word_1_119' title='bbox 800 924 892 978; x_wconf 89' lang='lat' dir='ltr'>tibi,</span> <span class='ocrx_word' id='word_1_120' title='bbox 923 924 1088 965; x_wconf 85' lang='lat' dir='ltr'>homini</span> <span class='ocrx_word' id='word_1_121' title='bbox 1112 924 1455 978; x_wconf 86' lang='lat' dir='ltr'>prudentissimo,</span> 
     </span>
     <span class='ocr_line' id='line_1_15' title="bbox 111 982 1455 1038; baseline -0.001 -13"><span class='ocrx_word' id='word_1_122' title='bbox 111 984 280 1025; x_wconf 84' lang='lat' dir='ltr'>videtur</span> <span class='ocrx_word' id='word_1_123' title='bbox 320 983 424 1024; x_wconf 89' lang='lat' dir='ltr'>utile</span> <span class='ocrx_word' id='word_1_124' title='bbox 468 997 556 1024; x_wconf 90' lang='lat' dir='ltr'>esse</span> <span class='ocrx_word' id='word_1_125' title='bbox 599 998 677 1024; x_wconf 89' lang='lat' dir='ltr'>nos</span> <span class='ocrx_word' id='word_1_126' title='bbox 721 983 940 1036; x_wconf 77' lang='lat' dir='ltr'>conloqui,</span> <span class='ocrx_word' id='word_1_127' title='bbox 985 997 1241 1037; x_wconf 89' lang='lat' dir='ltr'>quamquam</span> <span class='ocrx_word' id='word_1_128' title='bbox 1284 982 1455 1038; x_wconf 81' lang='lat' dir='ltr'>longius</span> 
     </span>
     <span class='ocr_line' id='line_1_16' title="bbox 60 1041 1456 1098; baseline -0.002 -14"><span class='ocrx_word' id='word_1_129' title='bbox 60 1053 93 1079; x_wconf 87' lang='lat'>15</span> <span class='ocrx_word' id='word_1_130' title='bbox 113 1042 241 1084; x_wconf 89' lang='lat' dir='ltr'>etiam</span> <span class='ocrx_word' id='word_1_131' title='bbox 279 1041 520 1098; x_wconf 80' lang='lat' dir='ltr'>cogitabam</span> <span class='ocrx_word' id='word_1_132' title='bbox 557 1041 609 1083; x_wconf 89' lang='lat' dir='ltr'>ab</span> <span class='ocrx_word' id='word_1_133' title='bbox 648 1042 753 1082; x_wconf 87' lang='lat' dir='ltr'>urbe</span> <span class='ocrx_word' id='word_1_134' title='bbox 792 1042 1019 1096; x_wconf 77' lang='lat' dir='ltr'>discedere,</span> <span class='ocrx_word' id='word_1_135' title='bbox 1062 1041 1180 1082; x_wconf 90' lang='lat' dir='ltr'>cuius</span> <span class='ocrx_word' id='word_1_136' title='bbox 1212 1042 1296 1082; x_wconf 90' lang='lat' dir='ltr'>iam</span> <span class='ocrx_word' id='word_1_137' title='bbox 1328 1042 1456 1082; x_wconf 89' lang='lat' dir='ltr'>etiam</span> 
     </span>
     <span class='ocr_line' id='line_1_17' title="bbox 111 1099 1457 1155; baseline -0.001 -13"><span class='ocrx_word' id='word_1_138' title='bbox 111 1116 267 1143; x_wconf 89' lang='lat' dir='ltr'>nomen</span> <span class='ocrx_word' id='word_1_139' title='bbox 298 1100 456 1141; x_wconf 85' lang='lat' dir='ltr'>invitus</span> <span class='ocrx_word' id='word_1_140' title='bbox 488 1100 631 1155; x_wconf 82' lang='lat' dir='ltr'>audio,</span> <span class='ocrx_word' id='word_1_141' title='bbox 668 1103 810 1141; x_wconf 85' lang='lat' dir='ltr'>tamen</span> <span class='ocrx_word' id='word_1_142' title='bbox 841 1100 1016 1155; x_wconf 86' lang='lat' dir='ltr'>propius</span> <span class='ocrx_word' id='word_1_143' title='bbox 1055 1100 1264 1154; x_wconf 88' lang='lat' dir='ltr'>accedam,</span> <span class='ocrx_word' id='word_1_144' title='bbox 1303 1099 1457 1141; x_wconf 87' lang='lat' dir='ltr'>Treba-</span> 
     </span>
     <span class='ocr_line' id='line_1_18' title="bbox 111 1158 1457 1214; baseline -0.001 -13"><span class='ocrx_word' id='word_1_145' title='bbox 111 1160 258 1214; x_wconf 88' lang='lat' dir='ltr'>tioque</span> <span class='ocrx_word' id='word_1_146' title='bbox 288 1159 497 1214; x_wconf 79' lang='lat' dir='ltr'>mandavi,</span> <span class='ocrx_word' id='word_1_147' title='bbox 529 1161 588 1214; x_wconf 89' lang='lat' dir='ltr'>ut,</span> <span class='ocrx_word' id='word_1_148' title='bbox 620 1159 656 1199; x_wconf 92' lang='lat' dir='ltr'>si</span> <span class='ocrx_word' id='word_1_149' title='bbox 689 1159 791 1213; x_wconf 87' lang='lat' dir='ltr'>quid</span> <span class='ocrx_word' id='word_1_150' title='bbox 821 1161 869 1200; x_wconf 88' lang='lat' dir='ltr'>tu</span> <span class='ocrx_word' id='word_1_151' title='bbox 901 1173 997 1200; x_wconf 90' lang='lat' dir='ltr'>eum</span> <span class='ocrx_word' id='word_1_152' title='bbox 1029 1159 1158 1200; x_wconf 87' lang='lat' dir='ltr'>velles</span> <span class='ocrx_word' id='word_1_153' title='bbox 1184 1159 1236 1199; x_wconf 87' lang='lat' dir='ltr'>ad</span> <span class='ocrx_word' id='word_1_154' title='bbox 1261 1173 1328 1199; x_wconf 90' lang='lat' dir='ltr'>me</span> <span class='ocrx_word' id='word_1_155' title='bbox 1360 1158 1457 1199; x_wconf 88' lang='lat' dir='ltr'>mit-</span> 
     </span>
     <span class='ocr_line' id='line_1_19' title="bbox 113 1217 1456 1273; baseline -0.001 -14"><span class='ocrx_word' id='word_1_156' title='bbox 113 1221 213 1273; x_wconf 88' lang='lat' dir='ltr'>tere,</span> <span class='ocrx_word' id='word_1_157' title='bbox 245 1233 297 1259; x_wconf 89' lang='lat' dir='ltr'>ne</span> <span class='ocrx_word' id='word_1_158' title='bbox 330 1220 559 1273; x_wconf 85' lang='lat' dir='ltr'>recusaret,</span> <span class='ocrx_word' id='word_1_159' title='bbox 592 1217 718 1272; x_wconf 88' lang='lat' dir='ltr'>idque</span> <span class='ocrx_word' id='word_1_160' title='bbox 750 1220 798 1258; x_wconf 92' lang='lat' dir='ltr'>ut</span> <span class='ocrx_word' id='word_1_161' title='bbox 829 1217 958 1258; x_wconf 83' lang='lat' dir='ltr'>facias</span> <span class='ocrx_word' id='word_1_162' title='bbox 983 1217 1112 1258; x_wconf 83' lang='lat' dir='ltr'>velim</span> <span class='ocrx_word' id='word_1_163' title='bbox 1145 1220 1234 1272; x_wconf 90' lang='lat' dir='ltr'>aut,</span> <span class='ocrx_word' id='word_1_164' title='bbox 1269 1217 1303 1257; x_wconf 91' lang='lat' dir='ltr'>si</span> <span class='ocrx_word' id='word_1_165' title='bbox 1330 1231 1456 1271; x_wconf 85' lang='lat' dir='ltr'>quem</span> 
     </span>
     <span class='ocr_line' id='line_1_20' title="bbox 113 1275 1457 1331; baseline -0.001 -13"><span class='ocrx_word' id='word_1_166' title='bbox 113 1279 285 1318; x_wconf 90' lang='lat' dir='ltr'>tuorum</span> <span class='ocrx_word' id='word_1_167' title='bbox 315 1277 505 1318; x_wconf 88' lang='lat' dir='ltr'>fidelium</span> <span class='ocrx_word' id='word_1_168' title='bbox 536 1276 664 1331; x_wconf 85' lang='lat' dir='ltr'>voles,</span> <span class='ocrx_word' id='word_1_169' title='bbox 696 1277 749 1317; x_wconf 86' lang='lat' dir='ltr'>ad</span> <span class='ocrx_word' id='word_1_170' title='bbox 779 1291 846 1317; x_wconf 90' lang='lat' dir='ltr'>me</span> <span class='ocrx_word' id='word_1_171' title='bbox 871 1276 1028 1330; x_wconf 88' lang='lat' dir='ltr'>mittas,</span> <span class='ocrx_word' id='word_1_172' title='bbox 1060 1291 1112 1317; x_wconf 87' lang='lat' dir='ltr'>ne</span> <span class='ocrx_word' id='word_1_173' title='bbox 1138 1278 1210 1317; x_wconf 88' lang='lat' dir='ltr'>aut</span> <span class='ocrx_word' id='word_1_174' title='bbox 1236 1276 1316 1316; x_wconf 88' lang='lat' dir='ltr'>tibi</span> <span class='ocrx_word' id='word_1_175' title='bbox 1343 1275 1457 1316; x_wconf 82' lang='lat' dir='ltr'>exire</span> 
     </span>
     <span class='ocr_line' id='line_1_21' title="bbox 61 1334 1458 1390; baseline 0.001 -17"><span class='ocrx_word' id='word_1_176' title='bbox 61 1348 95 1373; x_wconf 85' lang='lat'>20</span> <span class='ocrx_word' id='word_1_177' title='bbox 116 1350 167 1377; x_wconf 80' lang='lat' dir='ltr'>ex</span> <span class='ocrx_word' id='word_1_178' title='bbox 203 1336 308 1377; x_wconf 89' lang='lat' dir='ltr'>urbe</span> <span class='ocrx_word' id='word_1_179' title='bbox 344 1349 512 1377; x_wconf 89' lang='lat' dir='ltr'>necesse</span> <span class='ocrx_word' id='word_1_180' title='bbox 550 1335 605 1376; x_wconf 89' lang='lat' dir='ltr'>sit</span> <span class='ocrx_word' id='word_1_181' title='bbox 643 1337 716 1376; x_wconf 88' lang='lat' dir='ltr'>aut</span> <span class='ocrx_word' id='word_1_182' title='bbox 752 1335 859 1376; x_wconf 89' lang='lat' dir='ltr'>mihi</span> <span class='ocrx_word' id='word_1_183' title='bbox 897 1335 1102 1376; x_wconf 81' lang='lat' dir='ltr'>accedere.</span> <span class='ocrx_word' id='word_1_184' title='bbox 1164 1334 1259 1390; x_wconf 82' lang='lat' dir='ltr'>Ego</span> <span class='ocrx_word' id='word_1_185' title='bbox 1292 1337 1458 1375; x_wconf 85' lang='lat' dir='ltr'>tantum</span> 
     </span>
     <span class='ocr_line' id='line_1_22' title="bbox 113 1393 1459 1450; baseline -0.002 -14"><span class='ocrx_word' id='word_1_186' title='bbox 113 1395 195 1436; x_wconf 86' lang='lat' dir='ltr'>tibi</span> <span class='ocrx_word' id='word_1_187' title='bbox 226 1394 387 1448; x_wconf 85' lang='lat' dir='ltr'>tribuo,</span> <span class='ocrx_word' id='word_1_188' title='bbox 426 1396 631 1448; x_wconf 88' lang='lat' dir='ltr'>quantum</span> <span class='ocrx_word' id='word_1_189' title='bbox 668 1393 775 1434; x_wconf 89' lang='lat' dir='ltr'>mihi</span> <span class='ocrx_word' id='word_1_190' title='bbox 812 1394 990 1435; x_wconf 85' lang='lat' dir='ltr'>fortasse</span> <span class='ocrx_word' id='word_1_191' title='bbox 1023 1393 1200 1450; x_wconf 81' lang='lat' dir='ltr'>adrogo,</span> <span class='ocrx_word' id='word_1_192' title='bbox 1238 1396 1285 1433; x_wconf 82' lang='lat' dir='ltr'>ut</span> <span class='ocrx_word' id='word_1_193' title='bbox 1318 1393 1459 1448; x_wconf 73' lang='lat' dir='ltr'>explo-</span> 
     </span>
     <span class='ocr_line' id='line_1_23' title="bbox 114 1452 1460 1507; baseline -0.001 -13"><span class='ocrx_word' id='word_1_194' title='bbox 114 1456 254 1494; x_wconf 86' lang='lat' dir='ltr'>ratum</span> <span class='ocrx_word' id='word_1_195' title='bbox 290 1452 487 1507; x_wconf 86' lang='lat' dir='ltr'>habeam,</span> <span class='ocrx_word' id='word_1_196' title='bbox 526 1453 728 1507; x_wconf 87' lang='lat' dir='ltr'>quicquid</span> <span class='ocrx_word' id='word_1_197' title='bbox 764 1467 841 1493; x_wconf 87' lang='lat' dir='ltr'>nos</span> <span class='ocrx_word' id='word_1_198' title='bbox 874 1452 1089 1493; x_wconf 88' lang='lat' dir='ltr'>communi</span> <span class='ocrx_word' id='word_1_199' title='bbox 1129 1452 1338 1493; x_wconf 82' lang='lat' dir='ltr'>sententia</span> <span class='ocrx_word' id='word_1_200' title='bbox 1379 1454 1460 1492; x_wconf 85' lang='lat' dir='ltr'>sta-</span> 
     </span>
     <span class='ocr_line' id='line_1_24' title="bbox 114 1510 1276 1567; baseline -0.002 -14"><span class='ocrx_word' id='word_1_201' title='bbox 114 1512 332 1567; x_wconf 75' lang='lat' dir='ltr'>tuerimus,</span> <span class='ocrx_word' id='word_1_202' title='bbox 364 1511 409 1552; x_wconf 89' lang='lat' dir='ltr'>id</span> <span class='ocrx_word' id='word_1_203' title='bbox 439 1526 584 1553; x_wconf 87' lang='lat' dir='ltr'>omnes</span> <span class='ocrx_word' id='word_1_204' title='bbox 616 1511 809 1552; x_wconf 86' lang='lat' dir='ltr'>homines</span> <span class='ocrx_word' id='word_1_205' title='bbox 840 1511 1108 1566; x_wconf 84' lang='lat' dir='ltr'>probaturos.</span> <span class='ocrx_word' id='word_1_206' title='bbox 1158 1510 1276 1552; x_wconf 87' lang='lat' dir='ltr'>Vale.</span> 
     </span>
    </p>
   </div>
   <div class='ocr_carea' id='block_1_3' title="bbox 64 1662 1300 1787">
    <p class='ocr_par' dir='ltr' id='par_1_3' title="bbox 64 1662 1300 1787">
     <span class='ocr_line' id='line_1_25' title="bbox 756 1662 809 1704; baseline 0 0"><span class='ocrx_word' id='word_1_207' title='bbox 756 1662 809 1704; x_wconf 89' lang='lat' dir='ltr'>H.</span> 
     </span>
     <span class='ocr_line' id='line_1_26' title="bbox 64 1742 1300 1787; baseline 0 -10"><span class='ocrx_word' id='word_1_208' title='bbox 64 1745 98 1772; x_wconf 80' lang='lat'>25</span> <span class='ocrx_word' id='word_1_209' title='bbox 285 1743 358 1778; x_wconf 81' lang='lat' dir='ltr'>Ser.</span> <span class='ocrx_word' id='word_1_210' title='bbox 385 1743 427 1777; x_wconf 75' lang='lat' dir='ltr'>in</span> <span class='ocrx_word' id='word_1_211' title='bbox 453 1743 615 1779; x_wconf 74' lang='lat' dir='ltr'>Cumano</span> <span class='ocrx_word' id='word_1_212' title='bbox 643 1756 677 1779; x_wconf 90' lang='grc' dir='ltr'>α.</span> <span class='ocrx_word' id='word_1_213' title='bbox 704 1745 737 1778; x_wconf 81' lang='lat' dir='ltr'>d.</span> <span class='ocrx_word' id='word_1_214' title='bbox 764 1745 828 1778; x_wconf 89' lang='lat' dir='ltr'>IV</span> <span class='ocrx_word' id='word_1_215' title='bbox 850 1744 897 1779; x_wconf 86' lang='lat' dir='ltr'>K.</span> <span class='ocrx_word' id='word_1_216' title='bbox 925 1742 1020 1779; x_wconf 71' lang='lat' dir='ltr'>Mai.</span> <span class='ocrx_word' id='word_1_217' title='bbox 1048 1756 1080 1778; x_wconf 81' lang='grc' dir='ltr'>α.</span> <span class='ocrx_word' id='word_1_218' title='bbox 1110 1746 1181 1779; x_wconf 84' lang='lat'>705</span> <span class='ocrx_word' id='word_1_219' title='bbox 1210 1746 1300 1787; x_wconf 65' lang='lat'><em>(49).</em></span> 
     </span>
    </p>
   </div>
   <div class='ocr_carea' id='block_1_4' title="bbox 410 1823 1164 1860">
    <p class='ocr_par' dir='ltr' id='par_1_4' title="bbox 410 1823 1164 1860">
     <span class='ocr_line' id='line_1_27' title="bbox 410 1823 1164 1860; baseline 0.003 -2"><span class='ocrx_word' id='word_1_220' title='bbox 410 1823 459 1859; x_wconf 87' lang='lat' dir='ltr'>M.</span> <span class='ocrx_word' id='word_1_221' title='bbox 487 1823 654 1860; x_wconf 84' lang='lat' dir='ltr'>CICERO</span> <span class='ocrx_word' id='word_1_222' title='bbox 683 1825 716 1860; x_wconf 81' lang='lat' dir='ltr'>S.</span> <span class='ocrx_word' id='word_1_223' title='bbox 742 1825 785 1860; x_wconf 89' lang='lat' dir='ltr'>D.</span> <span class='ocrx_word' id='word_1_224' title='bbox 814 1825 911 1860; x_wconf 76' lang='lat' dir='ltr'><strong>SER.</strong></span> <span class='ocrx_word' id='word_1_225' title='bbox 941 1824 1164 1860; x_wconf 87' lang='lat' dir='ltr'>SULPICIO.</span> 
     </span>
    </p>
   </div>
   <div class='ocr_carea' id='block_1_5' title="bbox 64 1919 1463 2384">
    <p class='ocr_par' dir='ltr' id='par_1_5' title="bbox 116 1919 1462 2091">
     <span class='ocr_line' id='line_1_28' title="bbox 205 1919 1461 1973; baseline 0 -13"><span class='ocrx_word' id='word_1_226' title='bbox 205 1919 255 1960; x_wconf 90' lang='lat' dir='ltr'>A.</span> <span class='ocrx_word' id='word_1_227' title='bbox 289 1920 325 1961; x_wconf 89' lang='lat' dir='ltr'>d.</span> <span class='ocrx_word' id='word_1_228' title='bbox 357 1931 409 1960; x_wconf 91' lang='lat'>111</span> <span class='ocrx_word' id='word_1_229' title='bbox 439 1919 490 1960; x_wconf 86' lang='lat' dir='ltr'>K.</span> <span class='ocrx_word' id='word_1_230' title='bbox 530 1919 664 1960; x_wconf 86' lang='lat' dir='ltr'>Maias</span> <span class='ocrx_word' id='word_1_231' title='bbox 698 1934 793 1960; x_wconf 92' lang='lat' dir='ltr'>cum</span> <span class='ocrx_word' id='word_1_232' title='bbox 825 1934 958 1961; x_wconf 90' lang='lat' dir='ltr'>essem</span> <span class='ocrx_word' id='word_1_233' title='bbox 990 1920 1034 1960; x_wconf 87' lang='lat' dir='ltr'>in</span> <span class='ocrx_word' id='word_1_234' title='bbox 1067 1919 1277 1973; x_wconf 84' lang='lat' dir='ltr'>Cumano,</span> <span class='ocrx_word' id='word_1_235' title='bbox 1319 1919 1461 1973; x_wconf 89' lang='lat' dir='ltr'>accepi</span> 
     </span>
     <span class='ocr_line' id='line_1_29' title="bbox 116 1978 1462 2034; baseline -0.001 -15"><span class='ocrx_word' id='word_1_236' title='bbox 116 1981 211 2020; x_wconf 89' lang='lat' dir='ltr'>tuas</span> <span class='ocrx_word' id='word_1_237' title='bbox 235 1979 420 2034; x_wconf 78' lang='lat' dir='ltr'>litteras3</span> <span class='ocrx_word' id='word_1_238' title='bbox 454 1978 608 2032; x_wconf 90' lang='lat' dir='ltr'>quibus</span> <span class='ocrx_word' id='word_1_239' title='bbox 632 1978 753 2019; x_wconf 89' lang='lat' dir='ltr'>lectis</span> <span class='ocrx_word' id='word_1_240' title='bbox 780 1979 960 2034; x_wconf 82' lang='lat' dir='ltr'>cognovi</span> <span class='ocrx_word' id='word_1_241' title='bbox 991 1993 1078 2019; x_wconf 86' lang='lat' dir='ltr'>non</span> <span class='ocrx_word' id='word_1_242' title='bbox 1104 1978 1205 2019; x_wconf 86' lang='lat' dir='ltr'>satis</span> <span class='ocrx_word' id='word_1_243' title='bbox 1231 1978 1462 2032; x_wconf 85' lang='lat' dir='ltr'>prudenter</span> 
     </span>
     <span class='ocr_line' id='line_1_30' title="bbox 116 2036 1461 2091; baseline -0.002 -12"><span class='ocrx_word' id='word_1_244' title='bbox 116 2037 265 2079; x_wconf 82' lang='lat' dir='ltr'>fecisse</span> <span class='ocrx_word' id='word_1_245' title='bbox 295 2037 588 2091; x_wconf 86' lang='lat' dir='ltr'>Philotimum,</span> <span class='ocrx_word' id='word_1_246' title='bbox 622 2036 705 2091; x_wconf 86' lang='lat' dir='ltr'>qui,</span> <span class='ocrx_word' id='word_1_247' title='bbox 739 2051 833 2077; x_wconf 88' lang='lat' dir='ltr'>cum</span> <span class='ocrx_word' id='word_1_248' title='bbox 865 2036 939 2078; x_wconf 89' lang='lat' dir='ltr'>abs</span> <span class='ocrx_word' id='word_1_249' title='bbox 971 2038 1013 2077; x_wconf 90' lang='lat' dir='ltr'>te</span> <span class='ocrx_word' id='word_1_250' title='bbox 1044 2037 1243 2077; x_wconf 88' lang='lat' dir='ltr'>mandata</span> <span class='ocrx_word' id='word_1_251' title='bbox 1274 2036 1461 2091; x_wconf 85' lang='lat' dir='ltr'>haberet,</span> 
     </span>
    </p>

    <p class='ocr_par' dir='ltr' id='par_1_6' title="bbox 64 2095 1463 2384">
     <span class='ocr_line' id='line_1_31' title="bbox 64 2095 1462 2150; baseline -0.001 -13"><span class='ocrx_word' id='word_1_252' title='bbox 64 2107 99 2133; x_wconf 77' lang='lat'>30</span> <span class='ocrx_word' id='word_1_253' title='bbox 118 2098 166 2137; x_wconf 92' lang='lat' dir='ltr'>ut</span> <span class='ocrx_word' id='word_1_254' title='bbox 206 2096 375 2150; x_wconf 86' lang='lat' dir='ltr'>scribis,</span> <span class='ocrx_word' id='word_1_255' title='bbox 421 2096 470 2137; x_wconf 90' lang='lat' dir='ltr'>de</span> <span class='ocrx_word' id='word_1_256' title='bbox 516 2095 713 2136; x_wconf 89' lang='lat' dir='ltr'>omnibus</span> <span class='ocrx_word' id='word_1_257' title='bbox 756 2095 903 2149; x_wconf 90' lang='lat' dir='ltr'>rebus,</span> <span class='ocrx_word' id='word_1_258' title='bbox 948 2095 1037 2149; x_wconf 89' lang='lat' dir='ltr'>ipse</span> <span class='ocrx_word' id='word_1_259' title='bbox 1078 2095 1131 2135; x_wconf 87' lang='lat' dir='ltr'>ad</span> <span class='ocrx_word' id='word_1_260' title='bbox 1167 2109 1234 2136; x_wconf 92' lang='lat' dir='ltr'>me</span> <span class='ocrx_word' id='word_1_261' title='bbox 1270 2109 1358 2135; x_wconf 87' lang='lat' dir='ltr'>non</span> <span class='ocrx_word' id='word_1_262' title='bbox 1394 2109 1462 2135; x_wconf 84' lang='lat' dir='ltr'>ve-</span> 
     </span>
     <span class='ocr_line' id='line_1_32' title="bbox 117 2152 1459 2209; baseline -0.001 -14"><span class='ocrx_word' id='word_1_263' title='bbox 117 2154 266 2209; x_wconf 88' lang='lat' dir='ltr'>nisset,</span> <span class='ocrx_word' id='word_1_264' title='bbox 305 2155 469 2195; x_wconf 85' lang='lat' dir='ltr'>litteras</span> <span class='ocrx_word' id='word_1_265' title='bbox 510 2157 603 2195; x_wconf 84' lang='lat' dir='ltr'>tuas</span> <span class='ocrx_word' id='word_1_266' title='bbox 643 2153 844 2207; x_wconf 88' lang='lat' dir='ltr'>misisset,</span> <span class='ocrx_word' id='word_1_267' title='bbox 886 2167 989 2207; x_wconf 83' lang='lat' dir='ltr'>quas</span> <span class='ocrx_word' id='word_1_268' title='bbox 1021 2153 1213 2194; x_wconf 75' lang='lat' dir='ltr'>inteflexi</span> <span class='ocrx_word' id='word_1_269' title='bbox 1243 2152 1459 2199; x_wconf 83' lang='lat' dir='ltr'>breviores</span> 
     </span>
     <span class='ocr_line' id='line_1_33' title="bbox 117 2210 1461 2268; baseline -0.001 -14"><span class='ocrx_word' id='word_1_270' title='bbox 117 2213 267 2268; x_wconf 81' lang='lat' dir='ltr'>fuisse,</span> <span class='ocrx_word' id='word_1_271' title='bbox 312 2213 426 2267; x_wconf 91' lang='lat' dir='ltr'>quod</span> <span class='ocrx_word' id='word_1_272' title='bbox 465 2228 561 2254; x_wconf 86' lang='lat' dir='ltr'>eum</span> <span class='ocrx_word' id='word_1_273' title='bbox 600 2213 862 2267; x_wconf 85' lang='lat' dir='ltr'>perlaturum</span> <span class='ocrx_word' id='word_1_274' title='bbox 902 2214 1103 2265; x_wconf 87' lang='lat' dir='ltr'>putasses.</span> <span class='ocrx_word' id='word_1_275' title='bbox 1183 2210 1266 2252; x_wconf 81' lang='lat' dir='ltr'>Sed</span> <span class='ocrx_word' id='word_1_276' title='bbox 1308 2214 1461 2266; x_wconf 89' lang='lat' dir='ltr'>tamen,</span> 
     </span>
     <span class='ocr_line' id='line_1_34' title="bbox 117 2270 1462 2326; baseline -0.001 -14"><span class='ocrx_word' id='word_1_277' title='bbox 117 2274 343 2325; x_wconf 85' lang='lat' dir='ltr'>postquam</span> <span class='ocrx_word' id='word_1_278' title='bbox 386 2274 479 2312; x_wconf 84' lang='lat' dir='ltr'>tuas</span> <span class='ocrx_word' id='word_1_279' title='bbox 522 2272 686 2312; x_wconf 89' lang='lat' dir='ltr'>litteras</span> <span class='ocrx_word' id='word_1_280' title='bbox 729 2271 834 2326; x_wconf 79' lang='lat' dir='ltr'>legi,</span> <span class='ocrx_word' id='word_1_281' title='bbox 877 2270 1097 2311; x_wconf 88' lang='lat' dir='ltr'>Postumia</span> <span class='ocrx_word' id='word_1_282' title='bbox 1139 2272 1213 2311; x_wconf 88' lang='lat' dir='ltr'>tua</span> <span class='ocrx_word' id='word_1_283' title='bbox 1255 2284 1322 2311; x_wconf 90' lang='lat' dir='ltr'>me</span> <span class='ocrx_word' id='word_1_284' title='bbox 1367 2284 1462 2312; x_wconf 87' lang='lat' dir='ltr'>con-</span> 
     </span>
     <span class='ocr_line' id='line_1_35' title="bbox 118 2328 1463 2384; baseline -0.001 -14"><span class='ocrx_word' id='word_1_285' title='bbox 118 2330 235 2370; x_wconf 84' lang='lat' dir='ltr'>venit</span> <span class='ocrx_word' id='word_1_286' title='bbox 276 2333 317 2371; x_wconf 88' lang='lat' dir='ltr'>et</span> <span class='ocrx_word' id='word_1_287' title='bbox 359 2328 529 2371; x_wconf 81' lang='lat' dir='ltr'>Servius</span> <span class='ocrx_word' id='word_1_288' title='bbox 569 2332 724 2371; x_wconf 88' lang='lat' dir='ltr'>noster.</span> <span class='ocrx_word' id='word_1_289' title='bbox 786 2329 865 2370; x_wconf 90' lang='lat' dir='ltr'>His</span> <span class='ocrx_word' id='word_1_290' title='bbox 906 2328 1085 2384; x_wconf 90' lang='lat' dir='ltr'>placuit,</span> <span class='ocrx_word' id='word_1_291' title='bbox 1125 2331 1172 2370; x_wconf 90' lang='lat' dir='ltr'>ut</span> <span class='ocrx_word' id='word_1_292' title='bbox 1213 2330 1260 2370; x_wconf 90' lang='lat' dir='ltr'>tu</span> <span class='ocrx_word' id='word_1_293' title='bbox 1298 2329 1343 2369; x_wconf 89' lang='lat' dir='ltr'>in</span> <span class='ocrx_word' id='word_1_294' title='bbox 1382 2328 1463 2369; x_wconf 82' lang='lat' dir='ltr'>Ou-</span> 
     </span>
    </p>
   </div>
   <div class='ocr_carea' id='block_1_6' title="bbox 192 2401 1246 2436">
    <p class='ocr_par' dir='ltr' id='par_1_7' title="bbox 192 2401 1246 2436">
     <span class='ocr_line' id='line_1_36' title="bbox 192 2401 1246 2436; baseline 0.001 -6"><span class='ocrx_word' id='word_1_295' title='bbox 192 2404 345 2430; x_wconf 83' lang='lat' dir='ltr'>Ciceronis</span> <span class='ocrx_word' id='word_1_296' title='bbox 366 2406 453 2436; x_wconf 76' lang='lat' dir='ltr'>epist.</span> <span class='ocrx_word' id='word_1_297' title='bbox 481 2406 503 2430; x_wconf 89' lang='grc' dir='ltr'>Ι.</span> <span class='ocrx_word' id='word_1_298' title='bbox 1227 2401 1246 2431; x_wconf 86' lang='grc'><strong>6</strong></span> 
     </span>
    </p>
   </div>
  </div>
 </body>
</html>
