1659 2552
140 484 158 515 1

148 2244 162 2272 1

188 83 276 125 334
686 84 1027 119 EPISTULARUM

816 225 891 268 III.

289 307 362 344 Ser.
390 308 527 343 Romae
552 309 646 343 inter
678 308 735 343 VI
755 311 786 342 et
812 307 911 352 prid.
939 307 1036 342 Non.
1067 305 1140 342 Oct.
1165 318 1200 342 a.
1228 309 1300 342 710
1326 309 1416 350 (44).

642 387 809 423 CICERO
838 387 999 423 CASSIO
1030 388 1062 423 S.

273 471 418 529 Auget
457 475 555 514 tuus
595 473 754 513 amicus
794 472 981 513 furorem
1019 472 1063 512 in
1102 471 1200 513 dies.
1261 471 1453 513 Primum
1485 472 1529 513 in

186 534 343 586 statua,
382 546 507 586 quam
545 531 687 585 posuit
724 531 768 571 in
807 531 973 584 rostris,
1015 531 1230 585 inscripsit
1267 531 1528 572 τΡΑΒΕΝΤΙ
1566 543 1582 568 5

187 602 390 632 OPTIME
422 590 670 644 MERITO',
703 592 750 630 ut
769 604 855 630 non
874 589 1001 630 modo
1022 590 1174 644 sicarii,
1205 589 1278 630 sed
1297 590 1381 631 iam
1401 589 1528 631 etiam

185 649 419 703 parricidae
452 648 714 703 indicemini,
753 648 856 702 quid
894 648 986 689 dico
1028 648 1344 690 ‘iufficemini'P
1376 648 1530 689 iudice-

186 722 282 748 mur
312 708 475 761 potius3
508 707 637 753 vestri
670 707 782 748 enim
813 707 1090 761 pulcherrimi
1121 707 1222 748 facti
1248 707 1319 748 ille
1345 707 1529 748 furiosus

186 781 253 807 me
291 766 526 820 principem
565 765 668 806 dicit
708 766 848 807 fuisse.
910 765 1087 807 Utinam
1128 766 1298 820 quidem
1338 766 1528 807 fuissem!

186 825 389 866 molestus
419 825 544 866 nobis
575 839 661 865 non
693 827 810 866 esset.
874 823 957 866 Sed
986 824 1068 866 hoc
1092 827 1279 866 vestrum
1305 827 1385 880 est3
1416 824 1530 879 quod
1549 837 1582 862 10

187 883 387 937 quoniam
418 883 649 938 praeteriit,
681 884 844 924 utinam
868 883 1081 938 haberem,
1113 883 1216 938 quid
1240 883 1362 925 vobis
1387 883 1529 924 darem

188 942 372 983 consilii!
405 942 478 983 sed
508 957 560 983 ne
592 942 699 983 mihi
726 942 897 997 quidem
929 942 1010 997 ipsi
1042 943 1206 996 reperio
1239 942 1342 997 quid
1372 942 1530 983 faciun—

189 1001 288 1041 dum
320 1001 385 1042 sit.
449 1000 560 1050 Quid
586 1001 699 1042 enim
725 1004 799 1055 est,
831 1000 946 1055 quod
971 1004 1118 1042 contra
1142 1001 1229 1042 vim
1254 1001 1344 1042 sine
1369 1001 1411 1042 vi
1436 1001 1529 1042 fieri

188 1059 352 1114 possit?
414 1059 650 1101 Consffium
691 1075 815 1101 omne
854 1062 996 1101 autem
1032 1059 1114 1101 hoc
1150 1062 1213 1101 est
1253 1059 1441 1113 illorum,
1481 1062 1530 1101 ut

188 1121 370 1159 mortem
409 1117 598 1160 Caesaris
635 1121 952 1173 persequantur.
1019 1117 1168 1173 Itaque
1205 1121 1302 1160 ante
1340 1118 1450 1159 diem
1481 1130 1529 1159 V1
1549 1131 1581 1156 15

186 1176 297 1218 Non.
325 1176 414 1218 Oct.
451 1177 682 1232 productus
719 1178 762 1218 in
801 1178 1042 1218 contionem
1080 1192 1103 1218 a
1135 1176 1346 1218 Cannutio
1377 1177 1529 1232 turpis-

189 1236 293 1276 sime
324 1236 396 1276 ille
429 1236 599 1290 quidem
632 1236 833 1291 discessit,
864 1236 937 1277 sed
967 1239 1109 1277 tamen
1141 1250 1188 1277 ea
1220 1236 1327 1277 dixit
1359 1235 1408 1276 de
1434 1249 1529 1277 con-

189 1294 476 1336 servatoribus
502 1295 675 1349 patriae,
702 1309 808 1349 quae
829 1295 909 1335 dici
931 1295 1132 1335 deberent
1152 1294 1201 1335 de
1220 1294 1529 1349 proditoribus3

190 1353 239 1394 de
280 1368 347 1394 me
389 1353 559 1407 quidem
599 1367 685 1394 non
727 1353 986 1407 dubitanter,
1027 1353 1130 1407 quin
1168 1353 1309 1394 omnia
1347 1353 1396 1394 de
1433 1367 1528 1394 meo

190 1411 366 1452 consilio
399 1415 440 1452 et
471 1426 545 1452 vos
577 1412 782 1453 fecissetis
813 1415 854 1453 et
887 1411 1120 1452 Cannutius
1151 1412 1317 1453 faceret.
1380 1410 1529 1453 Cetera
1549 1424 1581 1449 20

190 1470 308 1511 cuius
339 1470 456 1511 modi
487 1471 584 1525 sint,
616 1486 667 1511 ex
698 1471 779 1511 hoc
809 1470 964 1524 iudica,
997 1470 1111 1524 quod
1141 1470 1282 1525 legato
1308 1472 1383 1511 tuo
1409 1470 1529 1511 viati-

191 1543 285 1569 cum
318 1529 573 1583 eripuerunt.
610 1528 721 1578 Quid
752 1543 822 1570 eos
854 1529 1124 1583 interpretari
1156 1532 1291 1583 putas,
1323 1543 1418 1569 cum
1448 1529 1530 1570 hoc

190 1587 379 1628 faciunt?
417 1588 470 1628 ad
505 1588 672 1629 hostem
709 1588 870 1629 scilicet
899 1588 1071 1642 portari.
1128 1586 1162 1628 Ο
1195 1602 1283 1628 rem
1314 1587 1529 1628 miseram!

191 1646 409 1687 dominum
441 1647 550 1687 ferre
581 1661 666 1687 non
697 1647 925 1701 potuimus,
961 1660 1162 1687 conservo
1194 1646 1410 1687 servimus.
1472 1645 1530 1687 Et

190 1707 331 1746 tamen
362 1719 428 1745 me
456 1705 626 1759 quidem
658 1706 825 1746 favente
856 1706 992 1761 magis
1018 1719 1144 1759 quam
1176 1707 1370 1759 sperante
1401 1705 1529 1746 etiam
1548 1717 1582 1742 25

190 1778 301 1804 nunc
333 1764 487 1804 residet
518 1778 612 1818 spes
644 1764 688 1804 in
714 1764 871 1805 virtute
897 1767 979 1805 tua.
1026 1763 1108 1805 Sed
1133 1763 1207 1804 ubi
1232 1766 1331 1805 sunt
1357 1763 1529 1818 copiae?

190 1821 253 1863 De
291 1822 454 1876 reliquo
491 1823 604 1864 malo
642 1825 684 1864 te
721 1823 860 1877 ipsum
897 1826 1037 1864 tecum
1073 1823 1192 1877 loqui
1229 1836 1355 1877 quam
1386 1825 1531 1863 nostra

191 1881 303 1922 dicta
329 1895 568 1937 cognosere.
615 1880 732 1923 Vale.

826 1985 900 2028 IV.

503 2067 576 2103 Ser.
604 2068 740 2103 Romae
765 2066 813 2102 K.
842 2066 947 2102 Febr.
975 2079 1008 2101 a.
1036 2069 1103 2100 711
1132 2067 1222 2109 (43).
1549 2080 1582 2105 30

650 2148 817 2183 CICERO
845 2147 1006 2182 CASSIO
1038 2147 1071 2182 S.

281 2231 448 2274 Vellem
491 2231 638 2274 Idibus
687 2232 853 2273 Martiis
896 2246 963 2274 me
1007 2231 1059 2272 ad
1103 2245 1246 2272 cenam
1290 2230 1530 2286 invitasse83

192 2290 467 2345 reliquiarum
504 2292 612 2332 nihil
649 2291 807 2332 fuisset.
868 2289 994 2332 Nunc
1030 2304 1097 2331 me
1134 2288 1336 2343 reliquiae
1368 2291 1529 2330 vestrae
