<?xml version="1.0" encoding="UTF-8"?>
<!DOCTYPE html PUBLIC "-//W3C//DTD XHTML 1.0 Transitional//EN"
    "http://www.w3.org/TR/xhtml1/DTD/xhtml1-transitional.dtd">
<html xmlns="http://www.w3.org/1999/xhtml" xml:lang="en" lang="en">
 <head>
  <title>
</title>
<meta http-equiv="Content-Type" content="text/html;charset=utf-8" />
  <meta name='ocr-system' content='tesseract 3.04.00' />
  <meta name='ocr-capabilities' content='ocr_page ocr_carea ocr_par ocr_line ocrx_word'/>
</head>
<body>
  <div class='ocr_page' id='page_1' title='image "./p1scriptaquaemanse03ciceuoft_0427.png"; bbox 0 0 1659 2552; ppageno 0'>
   <div class='ocr_carea' id='block_1_1' title="bbox 588 121 1457 162">
    <p class='ocr_par' dir='ltr' id='par_1_1' title="bbox 588 121 1457 162">
     <span class='ocr_line' id='line_1_1' title="bbox 588 121 1457 162; baseline -0.002 -6"><span class='ocrx_word' id='word_1_1' title='bbox 588 122 731 156; x_wconf 82' lang='lat' dir='ltr'>L1BER</span> <span class='ocrx_word' id='word_1_2' title='bbox 756 122 806 156; x_wconf 75' lang='lat' dir='ltr'>xi</span> <span class='ocrx_word' id='word_1_3' title='bbox 832 124 981 156; x_wconf 79' lang='lat'>25—27.</span> <span class='ocrx_word' id='word_1_4' title='bbox 1371 121 1457 162; x_wconf 76' lang='lat'>325</span> 
     </span>
    </p>
   </div>
   <div class='ocr_carea' id='block_1_2' title="bbox 122 216 1459 448">
    <p class='ocr_par' dir='ltr' id='par_1_2' title="bbox 122 216 1459 448">
     <span class='ocr_line' id='line_1_2' title="bbox 122 216 1458 271; baseline -0.003 -11"><span class='ocrx_word' id='word_1_5' title='bbox 122 222 186 261; x_wconf 89' lang='lat' dir='ltr'>est</span> <span class='ocrx_word' id='word_1_6' title='bbox 215 218 321 260; x_wconf 87' lang='lat' dir='ltr'>mihi</span> <span class='ocrx_word' id='word_1_7' title='bbox 352 221 394 259; x_wconf 90' lang='lat' dir='ltr'>te</span> <span class='ocrx_word' id='word_1_8' title='bbox 426 218 584 259; x_wconf 77' lang='lat' dir='ltr'>amicus</span> <span class='ocrx_word' id='word_1_9' title='bbox 616 217 840 271; x_wconf 86' lang='lat' dir='ltr'>antiquior.</span> <span class='ocrx_word' id='word_1_10' title='bbox 903 216 986 258; x_wconf 87' lang='lat' dir='ltr'>Sed</span> <span class='ocrx_word' id='word_1_11' title='bbox 1016 218 1202 257; x_wconf 88' lang='lat' dir='ltr'>vetustas</span> <span class='ocrx_word' id='word_1_12' title='bbox 1233 216 1361 257; x_wconf 86' lang='lat' dir='ltr'>habet</span> <span class='ocrx_word' id='word_1_13' title='bbox 1386 217 1458 256; x_wconf 77' lang='lat' dir='ltr'>ali-</span> 
     </span>
     <span class='ocr_line' id='line_1_3' title="bbox 122 274 1458 332; baseline -0.004 -13"><span class='ocrx_word' id='word_1_14' title='bbox 122 277 225 332; x_wconf 89' lang='lat' dir='ltr'>quid</span> <span class='ocrx_word' id='word_1_15' title='bbox 261 291 482 318; x_wconf 78' lang='lat' dir='ltr'>oommune</span> <span class='ocrx_word' id='word_1_16' title='bbox 520 291 615 318; x_wconf 84' lang='lat' dir='ltr'>oum</span> <span class='ocrx_word' id='word_1_17' title='bbox 652 276 814 330; x_wconf 89' lang='lat' dir='ltr'>multis,</span> <span class='ocrx_word' id='word_1_18' title='bbox 853 289 970 317; x_wconf 87' lang='lat' dir='ltr'>amor</span> <span class='ocrx_word' id='word_1_19' title='bbox 1001 289 1086 315; x_wconf 92' lang='lat' dir='ltr'>non</span> <span class='ocrx_word' id='word_1_20' title='bbox 1117 274 1255 315; x_wconf 88' lang='lat' dir='ltr'>habet.</span> <span class='ocrx_word' id='word_1_21' title='bbox 1316 274 1458 314; x_wconf 80' lang='lat' dir='ltr'>Dilexi</span> 
     </span>
     <span class='ocr_line' id='line_1_4' title="bbox 122 332 1457 391; baseline -0.004 -14"><span class='ocrx_word' id='word_1_22' title='bbox 122 339 176 391; x_wconf 87' lang='lat' dir='ltr'>te,</span> <span class='ocrx_word' id='word_1_23' title='bbox 208 351 291 390; x_wconf 91' lang='lat' dir='ltr'>quo</span> <span class='ocrx_word' id='word_1_24' title='bbox 324 335 389 376; x_wconf 89' lang='lat' dir='ltr'>die</span> <span class='ocrx_word' id='word_1_25' title='bbox 422 335 613 391; x_wconf 82' lang='lat' dir='ltr'>cognovi,</span> <span class='ocrx_word' id='word_1_26' title='bbox 644 349 794 389; x_wconf 88' lang='lat' dir='ltr'>meque</span> <span class='ocrx_word' id='word_1_27' title='bbox 827 349 850 374; x_wconf 85' lang='lat' dir='ltr'>a</span> <span class='ocrx_word' id='word_1_28' title='bbox 880 336 922 375; x_wconf 90' lang='lat' dir='ltr'>te</span> <span class='ocrx_word' id='word_1_29' title='bbox 955 333 1077 389; x_wconf 82' lang='lat' dir='ltr'>diligi</span> <span class='ocrx_word' id='word_1_30' title='bbox 1108 332 1300 374; x_wconf 77' lang='lat' dir='ltr'>iudicavi.</span> <span class='ocrx_word' id='word_1_31' title='bbox 1343 332 1457 373; x_wconf 88' lang='lat' dir='ltr'>Tuus</span> 
     </span>
     <span class='ocr_line' id='line_1_5' title="bbox 123 391 1459 448; baseline -0.004 -12"><span class='ocrx_word' id='word_1_32' title='bbox 123 395 272 436; x_wconf 85' lang='lat' dir='ltr'>deinde</span> <span class='ocrx_word' id='word_1_33' title='bbox 314 394 538 448; x_wconf 76' lang='lat' dir='ltr'>discessus,</span> <span class='ocrx_word' id='word_1_34' title='bbox 579 394 697 447; x_wconf 90' lang='lat' dir='ltr'>isque</span> <span class='ocrx_word' id='word_1_35' title='bbox 737 393 977 447; x_wconf 79' lang='lat' dir='ltr'>diuturnus,</span> <span class='ocrx_word' id='word_1_36' title='bbox 1018 391 1194 432; x_wconf 84' lang='lat' dir='ltr'>ambitio</span> <span class='ocrx_word' id='word_1_37' title='bbox 1236 394 1380 432; x_wconf 79' lang='lat' dir='ltr'>nostra</span> <span class='ocrx_word' id='word_1_38' title='bbox 1418 393 1459 431; x_wconf 89' lang='lat' dir='ltr'>et</span> 
     </span>
    </p>
   </div>
   <div class='ocr_carea' id='block_1_3' title="bbox 87 450 1458 505">
    <p class='ocr_par' dir='ltr' id='par_1_3' title="bbox 87 450 1458 505">
     <span class='ocr_line' id='line_1_6' title="bbox 87 450 1458 505; baseline -0.001 -14"><span class='ocrx_word' id='word_1_39' title='bbox 87 467 102 491; x_wconf 84' lang='lat'><strong>5</strong></span> <span class='ocrx_word' id='word_1_40' title='bbox 123 454 234 494; x_wconf 85' lang='lat' dir='ltr'>vitae</span> <span class='ocrx_word' id='word_1_41' title='bbox 278 452 576 493; x_wconf 81' lang='lat' dir='ltr'>dissimilitudo</span> <span class='ocrx_word' id='word_1_42' title='bbox 620 466 706 493; x_wconf 89' lang='lat' dir='ltr'>non</span> <span class='ocrx_word' id='word_1_43' title='bbox 747 454 808 493; x_wconf 91' lang='lat' dir='ltr'>est</span> <span class='ocrx_word' id='word_1_44' title='bbox 851 466 972 505; x_wconf 87' lang='lat' dir='ltr'>passa</span> <span class='ocrx_word' id='word_1_45' title='bbox 1011 450 1250 491; x_wconf 84' lang='lat' dir='ltr'>voluntates</span> <span class='ocrx_word' id='word_1_46' title='bbox 1293 452 1458 490; x_wconf 87' lang='lat' dir='ltr'>nostras</span> 
     </span>
    </p>
   </div>
   <div class='ocr_carea' id='block_1_4' title="bbox 71 759 104 784">
    <p class='ocr_par' dir='ltr' id='par_1_4' title="bbox 71 759 104 784">
     <span class='ocr_line' id='line_1_7' title="bbox 71 759 104 784; baseline 0.03 -1"><span class='ocrx_word' id='word_1_47' title='bbox 71 759 104 784; x_wconf 90' lang='lat'>10</span> 
     </span>
    </p>
   </div>
   <div class='ocr_carea' id='block_1_5' title="bbox 70 1050 103 1075">
    <p class='ocr_par' dir='ltr' id='par_1_5' title="bbox 70 1050 103 1075">
     <span class='ocr_line' id='line_1_8' title="bbox 70 1050 103 1075; baseline 0 0"><span class='ocrx_word' id='word_1_48' title='bbox 70 1050 103 1075; x_wconf 88' lang='lat'>15</span> 
     </span>
    </p>
   </div>
   <div class='ocr_carea' id='block_1_6' title="bbox 72 1343 105 1368">
    <p class='ocr_par' dir='ltr' id='par_1_6' title="bbox 72 1343 105 1368">
     <span class='ocr_line' id='line_1_9' title="bbox 72 1343 105 1368; baseline 0 0"><span class='ocrx_word' id='word_1_49' title='bbox 72 1343 105 1368; x_wconf 81' lang='lat'>20</span> 
     </span>
    </p>
   </div>
   <div class='ocr_carea' id='block_1_7' title="bbox 72 1634 105 1659">
    <p class='ocr_par' dir='ltr' id='par_1_7' title="bbox 72 1634 105 1659">
     <span class='ocr_line' id='line_1_10' title="bbox 72 1634 105 1659; baseline 0 0"><span class='ocrx_word' id='word_1_50' title='bbox 72 1634 105 1659; x_wconf 80' lang='lat'>25</span> 
     </span>
    </p>
   </div>
   <div class='ocr_carea' id='block_1_8' title="bbox 72 1927 106 1952">
    <p class='ocr_par' dir='ltr' id='par_1_8' title="bbox 72 1927 106 1952">
     <span class='ocr_line' id='line_1_11' title="bbox 72 1927 106 1952; baseline 0 0"><span class='ocrx_word' id='word_1_51' title='bbox 72 1927 106 1952; x_wconf 85' lang='lat'>30</span> 
     </span>
    </p>
   </div>
   <div class='ocr_carea' id='block_1_9' title="bbox 72 2217 106 2244">
    <p class='ocr_par' dir='ltr' id='par_1_9' title="bbox 72 2217 106 2244">
     <span class='ocr_line' id='line_1_12' title="bbox 72 2217 106 2244; baseline 0 0"><span class='ocrx_word' id='word_1_52' title='bbox 72 2217 106 2244; x_wconf 83' lang='lat'>35</span> 
     </span>
    </p>
   </div>
   <div class='ocr_carea' id='block_1_10' title="bbox 121 508 1463 2379">
    <p class='ocr_par' dir='ltr' id='par_1_10' title="bbox 121 508 1463 2379">
     <span class='ocr_line' id='line_1_13' title="bbox 123 508 1459 566; baseline -0.004 -13"><span class='ocrx_word' id='word_1_53' title='bbox 123 511 424 553; x_wconf 81' lang='lat' dir='ltr'>consuetudine</span> <span class='ocrx_word' id='word_1_54' title='bbox 462 510 763 566; x_wconf 81' lang='lat' dir='ltr'>conglutinari3</span> <span class='ocrx_word' id='word_1_55' title='bbox 803 512 924 550; x_wconf 88' lang='lat' dir='ltr'>tuum</span> <span class='ocrx_word' id='word_1_56' title='bbox 961 512 1102 550; x_wconf 89' lang='lat' dir='ltr'>tamen</span> <span class='ocrx_word' id='word_1_57' title='bbox 1139 523 1239 563; x_wconf 85' lang='lat' dir='ltr'>erga</span> <span class='ocrx_word' id='word_1_58' title='bbox 1275 522 1342 549; x_wconf 89' lang='lat' dir='ltr'>me</span> <span class='ocrx_word' id='word_1_59' title='bbox 1375 508 1459 547; x_wconf 86' lang='lat' dir='ltr'>ani-</span> 
     </span>
     <span class='ocr_line' id='line_1_14' title="bbox 121 566 1459 626; baseline -0.004 -15"><span class='ocrx_word' id='word_1_60' title='bbox 121 585 239 612; x_wconf 92' lang='lat' dir='ltr'>mum</span> <span class='ocrx_word' id='word_1_61' title='bbox 283 570 465 626; x_wconf 81' lang='lat' dir='ltr'>adgnovi</span> <span class='ocrx_word' id='word_1_62' title='bbox 508 569 654 610; x_wconf 88' lang='lat' dir='ltr'>multis</span> <span class='ocrx_word' id='word_1_63' title='bbox 694 568 814 609; x_wconf 84' lang='lat' dir='ltr'>annis</span> <span class='ocrx_word' id='word_1_64' title='bbox 851 571 946 609; x_wconf 86' lang='lat' dir='ltr'>ante</span> <span class='ocrx_word' id='word_1_65' title='bbox 984 567 1142 608; x_wconf 90' lang='lat' dir='ltr'>bellum</span> <span class='ocrx_word' id='word_1_66' title='bbox 1181 566 1320 621; x_wconf 74' lang='lat' dir='ltr'>civile,</span> <span class='ocrx_word' id='word_1_67' title='bbox 1365 580 1459 606; x_wconf 82' lang='lat' dir='ltr'>eum</span> 
     </span>
     <span class='ocr_line' id='line_1_15' title="bbox 124 624 1459 675; baseline -0.004 -5"><span class='ocrx_word' id='word_1_68' title='bbox 124 628 276 670; x_wconf 86' lang='lat' dir='ltr'>Caesar</span> <span class='ocrx_word' id='word_1_69' title='bbox 319 631 426 670; x_wconf 89' lang='lat' dir='ltr'>esset</span> <span class='ocrx_word' id='word_1_70' title='bbox 466 628 511 668; x_wconf 92' lang='lat' dir='ltr'>in</span> <span class='ocrx_word' id='word_1_71' title='bbox 556 626 702 668; x_wconf 84' lang='lat' dir='ltr'>Gallia.</span> <span class='ocrx_word' id='word_1_72' title='bbox 775 626 897 675; x_wconf 86' lang='lat' dir='ltr'>Quod</span> <span class='ocrx_word' id='word_1_73' title='bbox 943 626 1054 667; x_wconf 92' lang='lat' dir='ltr'>enim</span> <span class='ocrx_word' id='word_1_74' title='bbox 1095 627 1310 666; x_wconf 87' lang='lat' dir='ltr'>vementer</span> <span class='ocrx_word' id='word_1_75' title='bbox 1352 624 1459 665; x_wconf 89' lang='lat' dir='ltr'>mihi</span> 
     </span>
     <span class='ocr_line' id='line_1_16' title="bbox 122 683 1459 741; baseline -0.004 -13"><span class='ocrx_word' id='word_1_76' title='bbox 122 688 227 728; x_wconf 90' lang='lat' dir='ltr'>utile</span> <span class='ocrx_word' id='word_1_77' title='bbox 259 701 347 728; x_wconf 89' lang='lat' dir='ltr'>esse</span> <span class='ocrx_word' id='word_1_78' title='bbox 384 686 563 741; x_wconf 90' lang='lat' dir='ltr'>putabas</span> <span class='ocrx_word' id='word_1_79' title='bbox 599 700 675 727; x_wconf 83' lang='lat' dir='ltr'>nee</span> <span class='ocrx_word' id='word_1_80' title='bbox 712 685 862 726; x_wconf 88' lang='lat' dir='ltr'>inutile</span> <span class='ocrx_word' id='word_1_81' title='bbox 900 685 980 738; x_wconf 85' lang='lat' dir='ltr'>ipsi</span> <span class='ocrx_word' id='word_1_82' title='bbox 1013 683 1196 738; x_wconf 86' lang='lat' dir='ltr'>Caesari,</span> <span class='ocrx_word' id='word_1_83' title='bbox 1233 683 1459 738; x_wconf 78' lang='lat' dir='ltr'>perfecisti,</span> 
     </span>
     <span class='ocr_line' id='line_1_17' title="bbox 123 741 1460 800; baseline -0.004 -14"><span class='ocrx_word' id='word_1_84' title='bbox 123 749 171 787; x_wconf 90' lang='lat' dir='ltr'>ut</span> <span class='ocrx_word' id='word_1_85' title='bbox 202 746 274 786; x_wconf 89' lang='lat' dir='ltr'>ille</span> <span class='ocrx_word' id='word_1_86' title='bbox 304 759 372 786; x_wconf 89' lang='lat' dir='ltr'>me</span> <span class='ocrx_word' id='word_1_87' title='bbox 413 745 628 800; x_wconf 83' lang='lat' dir='ltr'>diligeret,</span> <span class='ocrx_word' id='word_1_88' title='bbox 661 744 836 798; x_wconf 84' lang='lat' dir='ltr'>coleret,</span> <span class='ocrx_word' id='word_1_89' title='bbox 872 743 1048 784; x_wconf 85' lang='lat' dir='ltr'>haberet</span> <span class='ocrx_word' id='word_1_90' title='bbox 1085 743 1128 783; x_wconf 91' lang='lat' dir='ltr'>in</span> <span class='ocrx_word' id='word_1_91' title='bbox 1166 742 1262 783; x_wconf 88' lang='lat' dir='ltr'>suis.</span> <span class='ocrx_word' id='word_1_92' title='bbox 1323 741 1460 782; x_wconf 85' lang='lat' dir='ltr'>Multa</span> 
     </span>
     <span class='ocr_line' id='line_1_18' title="bbox 122 800 1460 859; baseline -0.004 -14"><span class='ocrx_word' id='word_1_93' title='bbox 122 807 359 859; x_wconf 87' lang='lat' dir='ltr'>praetereo,</span> <span class='ocrx_word' id='word_1_94' title='bbox 400 818 505 858; x_wconf 84' lang='lat' dir='ltr'>quae</span> <span class='ocrx_word' id='word_1_95' title='bbox 542 803 805 857; x_wconf 74' lang='lat' dir='ltr'>temporibus</span> <span class='ocrx_word' id='word_1_96' title='bbox 842 802 926 842; x_wconf 86' lang='lat' dir='ltr'>illis</span> <span class='ocrx_word' id='word_1_97' title='bbox 963 802 1074 842; x_wconf 90' lang='lat' dir='ltr'>inter</span> <span class='ocrx_word' id='word_1_98' title='bbox 1109 815 1185 842; x_wconf 93' lang='lat' dir='ltr'>nos</span> <span class='ocrx_word' id='word_1_99' title='bbox 1222 800 1460 840; x_wconf 81' lang='lat' dir='ltr'>familiaris-</span> 
     </span>
     <span class='ocr_line' id='line_1_19' title="bbox 123 858 1460 916; baseline -0.005 -11"><span class='ocrx_word' id='word_1_100' title='bbox 123 864 228 905; x_wconf 85' lang='lat' dir='ltr'>sime</span> <span class='ocrx_word' id='word_1_101' title='bbox 267 862 394 916; x_wconf 80' lang='lat' dir='ltr'>dicta,</span> <span class='ocrx_word' id='word_1_102' title='bbox 433 862 605 916; x_wconf 80' lang='lat' dir='ltr'>scripta,</span> <span class='ocrx_word' id='word_1_103' title='bbox 644 861 951 902; x_wconf 79' lang='lat' dir='ltr'>communicata</span> <span class='ocrx_word' id='word_1_104' title='bbox 982 860 1083 915; x_wconf 72' lang='lat' dir='ltr'>sint,</span> <span class='ocrx_word' id='word_1_105' title='bbox 1120 859 1317 915; x_wconf 83' lang='lat' dir='ltr'>graviora</span> <span class='ocrx_word' id='word_1_106' title='bbox 1348 858 1460 899; x_wconf 89' lang='lat' dir='ltr'>enim</span> 
     </span>
     <span class='ocr_line' id='line_1_20' title="bbox 124 916 1459 963; baseline -0.004 0"><span class='ocrx_word' id='word_1_107' title='bbox 124 923 347 963; x_wconf 81' lang='lat' dir='ltr'>consecuta</span> <span class='ocrx_word' id='word_1_108' title='bbox 372 917 479 962; x_wconf 77' lang='lat' dir='ltr'>sunt.</span> <span class='ocrx_word' id='word_1_109' title='bbox 541 919 597 960; x_wconf 88' lang='lat' dir='ltr'>Et</span> <span class='ocrx_word' id='word_1_110' title='bbox 624 920 745 960; x_wconf 88' lang='lat' dir='ltr'>initio</span> <span class='ocrx_word' id='word_1_111' title='bbox 771 919 872 960; x_wconf 88' lang='lat' dir='ltr'>belli</span> <span class='ocrx_word' id='word_1_112' title='bbox 899 919 1034 959; x_wconf 80' lang='lat' dir='ltr'>civilis</span> <span class='ocrx_word' id='word_1_113' title='bbox 1066 932 1160 959; x_wconf 81' lang='lat' dir='ltr'>oum</span> <span class='ocrx_word' id='word_1_114' title='bbox 1185 916 1459 958; x_wconf 86' lang='lat' dir='ltr'>Brundisium</span> 
     </span>
     <span class='ocr_line' id='line_1_21' title="bbox 122 975 1458 1032; baseline -0.004 -11"><span class='ocrx_word' id='word_1_115' title='bbox 122 994 268 1021; x_wconf 85' lang='lat' dir='ltr'>versus</span> <span class='ocrx_word' id='word_1_116' title='bbox 299 979 381 1020; x_wconf 87' lang='lat' dir='ltr'>ires</span> <span class='ocrx_word' id='word_1_117' title='bbox 412 979 465 1020; x_wconf 89' lang='lat' dir='ltr'>ad</span> <span class='ocrx_word' id='word_1_118' title='bbox 496 977 727 1032; x_wconf 88' lang='lat' dir='ltr'>Caesarem,</span> <span class='ocrx_word' id='word_1_119' title='bbox 758 977 912 1019; x_wconf 82' lang='lat' dir='ltr'>venisti</span> <span class='ocrx_word' id='word_1_120' title='bbox 937 977 989 1017; x_wconf 88' lang='lat' dir='ltr'>ad</span> <span class='ocrx_word' id='word_1_121' title='bbox 1013 991 1080 1018; x_wconf 91' lang='lat' dir='ltr'>me</span> <span class='ocrx_word' id='word_1_122' title='bbox 1105 977 1150 1017; x_wconf 92' lang='lat' dir='ltr'>in</span> <span class='ocrx_word' id='word_1_123' title='bbox 1174 975 1458 1017; x_wconf 83' lang='lat' dir='ltr'>Formianum.</span> 
     </span>
     <span class='ocr_line' id='line_1_22' title="bbox 123 1034 1459 1091; baseline -0.005 -11"><span class='ocrx_word' id='word_1_124' title='bbox 123 1039 315 1080; x_wconf 88' lang='lat' dir='ltr'>Primum</span> <span class='ocrx_word' id='word_1_125' title='bbox 340 1038 422 1079; x_wconf 79' lang='lat' dir='ltr'>hoe</span> <span class='ocrx_word' id='word_1_126' title='bbox 446 1037 585 1091; x_wconf 90' lang='lat' dir='ltr'>ipsum</span> <span class='ocrx_word' id='word_1_127' title='bbox 611 1036 769 1091; x_wconf 87' lang='lat' dir='ltr'>quanti,</span> <span class='ocrx_word' id='word_1_128' title='bbox 794 1035 1041 1090; x_wconf 87' lang='lat' dir='ltr'>praesertim</span> <span class='ocrx_word' id='word_1_129' title='bbox 1066 1034 1329 1089; x_wconf 73' lang='lat' dir='ltr'>temporibus</span> <span class='ocrx_word' id='word_1_130' title='bbox 1355 1034 1459 1074; x_wconf 88' lang='lat' dir='ltr'>illis!</span> 
     </span>
     <span class='ocr_line' id='line_1_23' title="bbox 124 1092 1461 1149; baseline -0.004 -11"><span class='ocrx_word' id='word_1_131' title='bbox 124 1097 274 1138; x_wconf 90' lang='lat' dir='ltr'>deinde</span> <span class='ocrx_word' id='word_1_132' title='bbox 306 1096 488 1138; x_wconf 85' lang='lat' dir='ltr'>oblitum</span> <span class='ocrx_word' id='word_1_133' title='bbox 517 1110 585 1136; x_wconf 92' lang='lat' dir='ltr'>me</span> <span class='ocrx_word' id='word_1_134' title='bbox 615 1098 738 1149; x_wconf 82' lang='lat' dir='ltr'>putas</span> <span class='ocrx_word' id='word_1_135' title='bbox 770 1095 946 1149; x_wconf 83' lang='lat' dir='ltr'>consilii,</span> <span class='ocrx_word' id='word_1_136' title='bbox 977 1094 1193 1147; x_wconf 83' lang='lat' dir='ltr'>sermonis,</span> <span class='ocrx_word' id='word_1_137' title='bbox 1223 1092 1461 1133; x_wconf 86' lang='lat' dir='ltr'>humanita-</span> 
     </span>
     <span class='ocr_line' id='line_1_24' title="bbox 123 1150 1460 1209; baseline -0.005 -12"><span class='ocrx_word' id='word_1_138' title='bbox 123 1156 179 1197; x_wconf 87' lang='lat' dir='ltr'>tis</span> <span class='ocrx_word' id='word_1_139' title='bbox 216 1155 345 1196; x_wconf 71' lang='lat' dir='ltr'>tuae‘?</span> <span class='ocrx_word' id='word_1_140' title='bbox 390 1154 544 1209; x_wconf 90' lang='lat' dir='ltr'>quibus</span> <span class='ocrx_word' id='word_1_141' title='bbox 584 1154 709 1194; x_wconf 91' lang='lat' dir='ltr'>rebus</span> <span class='ocrx_word' id='word_1_142' title='bbox 749 1153 949 1194; x_wconf 85' lang='lat' dir='ltr'>interesse</span> <span class='ocrx_word' id='word_1_143' title='bbox 987 1152 1162 1193; x_wconf 88' lang='lat' dir='ltr'>memini</span> <span class='ocrx_word' id='word_1_144' title='bbox 1201 1150 1460 1192; x_wconf 83' lang='lat' dir='ltr'>Trebatium.</span> 
     </span>
     <span class='ocr_line' id='line_1_25' title="bbox 122 1209 1460 1265; baseline -0.004 -10"><span class='ocrx_word' id='word_1_145' title='bbox 122 1214 214 1256; x_wconf 79' lang='lat' dir='ltr'>Nec</span> <span class='ocrx_word' id='word_1_146' title='bbox 244 1228 344 1255; x_wconf 86' lang='lat' dir='ltr'>vero</span> <span class='ocrx_word' id='word_1_147' title='bbox 375 1227 468 1254; x_wconf 88' lang='lat' dir='ltr'>sum</span> <span class='ocrx_word' id='word_1_148' title='bbox 501 1212 659 1253; x_wconf 90' lang='lat' dir='ltr'>oblitus</span> <span class='ocrx_word' id='word_1_149' title='bbox 688 1212 928 1252; x_wconf 89' lang='lat' dir='ltr'>litterarum</span> <span class='ocrx_word' id='word_1_150' title='bbox 958 1213 1144 1265; x_wconf 90' lang='lat' dir='ltr'>tuarum,</span> <span class='ocrx_word' id='word_1_151' title='bbox 1177 1224 1279 1263; x_wconf 85' lang='lat' dir='ltr'>quas</span> <span class='ocrx_word' id='word_1_152' title='bbox 1311 1209 1363 1250; x_wconf 90' lang='lat' dir='ltr'>ad</span> <span class='ocrx_word' id='word_1_153' title='bbox 1393 1223 1460 1249; x_wconf 91' lang='lat' dir='ltr'>me</span> 
     </span>
     <span class='ocr_line' id='line_1_26' title="bbox 123 1267 1461 1326; baseline -0.005 -12"><span class='ocrx_word' id='word_1_154' title='bbox 123 1272 290 1326; x_wconf 88' lang='lat' dir='ltr'>misisti,</span> <span class='ocrx_word' id='word_1_155' title='bbox 321 1286 417 1312; x_wconf 80' lang='lat' dir='ltr'>eum</span> <span class='ocrx_word' id='word_1_156' title='bbox 449 1270 616 1312; x_wconf 81' lang='lat' dir='ltr'>Caesari</span> <span class='ocrx_word' id='word_1_157' title='bbox 643 1270 812 1311; x_wconf 86' lang='lat' dir='ltr'>obviam</span> <span class='ocrx_word' id='word_1_158' title='bbox 837 1270 1021 1311; x_wconf 84' lang='lat' dir='ltr'>venisses</span> <span class='ocrx_word' id='word_1_159' title='bbox 1052 1270 1096 1309; x_wconf 90' lang='lat' dir='ltr'>in</span> <span class='ocrx_word' id='word_1_160' title='bbox 1127 1282 1242 1324; x_wconf 83' lang='lat' dir='ltr'>agro,</span> <span class='ocrx_word' id='word_1_161' title='bbox 1273 1270 1321 1308; x_wconf 93' lang='lat' dir='ltr'>ut</span> <span class='ocrx_word' id='word_1_162' title='bbox 1352 1267 1461 1308; x_wconf 85' lang='lat' dir='ltr'>arbi-</span> 
     </span>
     <span class='ocr_line' id='line_1_27' title="bbox 123 1328 1459 1385; baseline -0.005 -13"><span class='ocrx_word' id='word_1_163' title='bbox 123 1334 232 1385; x_wconf 76' lang='lat' dir='ltr'>tror,</span> <span class='ocrx_word' id='word_1_164' title='bbox 264 1330 516 1371; x_wconf 80' lang='lat' dir='ltr'>Trebulano.</span> <span class='ocrx_word' id='word_1_165' title='bbox 578 1328 778 1370; x_wconf 81' lang='lat' dir='ltr'>Secutum</span> <span class='ocrx_word' id='word_1_166' title='bbox 815 1328 921 1369; x_wconf 89' lang='lat' dir='ltr'>illud</span> <span class='ocrx_word' id='word_1_167' title='bbox 951 1330 1117 1381; x_wconf 91' lang='lat' dir='ltr'>tempus</span> <span class='ocrx_word' id='word_1_168' title='bbox 1150 1330 1228 1379; x_wconf 90' lang='lat' dir='ltr'>est,</span> <span class='ocrx_word' id='word_1_169' title='bbox 1267 1340 1362 1366; x_wconf 82' lang='lat' dir='ltr'>eum</span> <span class='ocrx_word' id='word_1_170' title='bbox 1392 1340 1459 1366; x_wconf 91' lang='lat' dir='ltr'>me</span> 
     </span>
     <span class='ocr_line' id='line_1_28' title="bbox 123 1384 1461 1444; baseline -0.006 -13"><span class='ocrx_word' id='word_1_171' title='bbox 123 1390 177 1430; x_wconf 90' lang='lat' dir='ltr'>ad</span> <span class='ocrx_word' id='word_1_172' title='bbox 211 1389 463 1444; x_wconf 90' lang='lat' dir='ltr'>Pompeium</span> <span class='ocrx_word' id='word_1_173' title='bbox 499 1387 709 1442; x_wconf 80' lang='lat' dir='ltr'>proficisci</span> <span class='ocrx_word' id='word_1_174' title='bbox 747 1387 834 1427; x_wconf 89' lang='lat' dir='ltr'>sive</span> <span class='ocrx_word' id='word_1_175' title='bbox 871 1387 1007 1440; x_wconf 89' lang='lat' dir='ltr'>pudor</span> <span class='ocrx_word' id='word_1_176' title='bbox 1043 1400 1160 1426; x_wconf 91' lang='lat' dir='ltr'>meus</span> <span class='ocrx_word' id='word_1_177' title='bbox 1198 1385 1336 1439; x_wconf 74' lang='lat' dir='ltr'>coegit</span> <span class='ocrx_word' id='word_1_178' title='bbox 1374 1384 1461 1424; x_wconf 81' lang='lat' dir='ltr'>sive</span> 
     </span>
     <span class='ocr_line' id='line_1_29' title="bbox 124 1443 1462 1497; baseline -0.005 -8"><span class='ocrx_word' id='word_1_179' title='bbox 124 1448 314 1489; x_wconf 81' lang='lat' dir='ltr'>officium</span> <span class='ocrx_word' id='word_1_180' title='bbox 345 1447 432 1489; x_wconf 84' lang='lat' dir='ltr'>sive</span> <span class='ocrx_word' id='word_1_181' title='bbox 463 1447 644 1487; x_wconf 85' lang='lat' dir='ltr'>fortuna.</span> <span class='ocrx_word' id='word_1_182' title='bbox 707 1445 830 1494; x_wconf 84' lang='lat' dir='ltr'>Quod</span> <span class='ocrx_word' id='word_1_183' title='bbox 855 1445 1043 1486; x_wconf 82' lang='lat' dir='ltr'>officium</span> <span class='ocrx_word' id='word_1_184' title='bbox 1067 1447 1201 1497; x_wconf 91' lang='lat' dir='ltr'>tuum,</span> <span class='ocrx_word' id='word_1_185' title='bbox 1234 1443 1347 1497; x_wconf 89' lang='lat' dir='ltr'>quod</span> <span class='ocrx_word' id='word_1_186' title='bbox 1378 1445 1462 1483; x_wconf 90' lang='lat' dir='ltr'>stu—</span> 
     </span>
     <span class='ocr_line' id='line_1_30' title="bbox 125 1501 1462 1557; baseline -0.004 -10"><span class='ocrx_word' id='word_1_187' title='bbox 125 1506 242 1547; x_wconf 90' lang='lat' dir='ltr'>dium</span> <span class='ocrx_word' id='word_1_188' title='bbox 272 1505 340 1547; x_wconf 83' lang='lat' dir='ltr'>vel</span> <span class='ocrx_word' id='word_1_189' title='bbox 376 1505 421 1546; x_wconf 92' lang='lat' dir='ltr'>in</span> <span class='ocrx_word' id='word_1_190' title='bbox 457 1505 674 1546; x_wconf 87' lang='lat' dir='ltr'>absentem</span> <span class='ocrx_word' id='word_1_191' title='bbox 710 1519 777 1545; x_wconf 92' lang='lat' dir='ltr'>me</span> <span class='ocrx_word' id='word_1_192' title='bbox 808 1503 876 1544; x_wconf 81' lang='lat' dir='ltr'>vel</span> <span class='ocrx_word' id='word_1_193' title='bbox 907 1503 950 1543; x_wconf 89' lang='lat' dir='ltr'>in</span> <span class='ocrx_word' id='word_1_194' title='bbox 981 1502 1212 1557; x_wconf 84' lang='lat' dir='ltr'>praesentis</span> <span class='ocrx_word' id='word_1_195' title='bbox 1244 1515 1360 1542; x_wconf 92' lang='lat' dir='ltr'>meos</span> <span class='ocrx_word' id='word_1_196' title='bbox 1396 1501 1462 1541; x_wconf 87' lang='lat' dir='ltr'>de-</span> 
     </span>
     <span class='ocr_line' id='line_1_31' title="bbox 124 1559 1462 1618; baseline -0.004 -13"><span class='ocrx_word' id='word_1_197' title='bbox 124 1565 235 1605; x_wconf 80' lang='lat' dir='ltr'>fuit?</span> <span class='ocrx_word' id='word_1_198' title='bbox 273 1578 398 1618; x_wconf 89' lang='lat' dir='ltr'>quem</span> <span class='ocrx_word' id='word_1_199' title='bbox 434 1577 562 1618; x_wconf 86' lang='lat' dir='ltr'>porro</span> <span class='ocrx_word' id='word_1_200' title='bbox 595 1578 738 1604; x_wconf 87' lang='lat' dir='ltr'>omnes</span> <span class='ocrx_word' id='word_1_201' title='bbox 776 1562 860 1602; x_wconf 88' lang='lat' dir='ltr'>mei</span> <span class='ocrx_word' id='word_1_202' title='bbox 893 1564 934 1602; x_wconf 91' lang='lat' dir='ltr'>et</span> <span class='ocrx_word' id='word_1_203' title='bbox 964 1561 1070 1602; x_wconf 89' lang='lat' dir='ltr'>mihi</span> <span class='ocrx_word' id='word_1_204' title='bbox 1103 1564 1144 1602; x_wconf 90' lang='lat' dir='ltr'>et</span> <span class='ocrx_word' id='word_1_205' title='bbox 1175 1560 1257 1601; x_wconf 90' lang='lat' dir='ltr'>sibi</span> <span class='ocrx_word' id='word_1_206' title='bbox 1288 1562 1330 1600; x_wconf 91' lang='lat' dir='ltr'>te</span> <span class='ocrx_word' id='word_1_207' title='bbox 1362 1559 1462 1599; x_wconf 89' lang='lat' dir='ltr'>ami-</span> 
     </span>
     <span class='ocr_line' id='line_1_32' title="bbox 125 1618 1461 1664; baseline -0.004 -1"><span class='ocrx_word' id='word_1_208' title='bbox 125 1623 282 1664; x_wconf 83' lang='lat' dir='ltr'>ciorem</span> <span class='ocrx_word' id='word_1_209' title='bbox 313 1622 632 1662; x_wconf 80' lang='lat' dir='ltr'>iudicaverunt?</span> <span class='ocrx_word' id='word_1_210' title='bbox 663 1620 774 1661; x_wconf 88' lang='lat' dir='ltr'>Veni</span> <span class='ocrx_word' id='word_1_211' title='bbox 799 1620 1082 1660; x_wconf 88' lang='lat' dir='ltr'>Brundisium.</span> <span class='ocrx_word' id='word_1_212' title='bbox 1123 1618 1369 1660; x_wconf 88' lang='lat' dir='ltr'>Oblitumne</span> <span class='ocrx_word' id='word_1_213' title='bbox 1394 1631 1461 1658; x_wconf 91' lang='lat' dir='ltr'>me</span> 
     </span>
     <span class='ocr_line' id='line_1_33' title="bbox 124 1676 1461 1735; baseline -0.004 -13"><span class='ocrx_word' id='word_1_214' title='bbox 124 1684 260 1735; x_wconf 87' lang='lat' dir='ltr'>putas,</span> <span class='ocrx_word' id='word_1_215' title='bbox 286 1694 368 1734; x_wconf 87' lang='lat' dir='ltr'>qua</span> <span class='ocrx_word' id='word_1_216' title='bbox 387 1680 612 1733; x_wconf 82' lang='lat' dir='ltr'>eeleritate,</span> <span class='ocrx_word' id='word_1_217' title='bbox 637 1682 684 1719; x_wconf 92' lang='lat' dir='ltr'>ut</span> <span class='ocrx_word' id='word_1_218' title='bbox 703 1679 888 1732; x_wconf 89' lang='lat' dir='ltr'>primum</span> <span class='ocrx_word' id='word_1_219' title='bbox 908 1677 1101 1731; x_wconf 90' lang='lat' dir='ltr'>audieris,</span> <span class='ocrx_word' id='word_1_220' title='bbox 1127 1677 1180 1717; x_wconf 89' lang='lat' dir='ltr'>ad</span> <span class='ocrx_word' id='word_1_221' title='bbox 1197 1691 1264 1717; x_wconf 91' lang='lat' dir='ltr'>me</span> <span class='ocrx_word' id='word_1_222' title='bbox 1279 1676 1461 1716; x_wconf 84' lang='lat' dir='ltr'>Tarento</span> 
     </span>
     <span class='ocr_line' id='line_1_34' title="bbox 124 1734 1460 1793; baseline -0.005 -13"><span class='ocrx_word' id='word_1_223' title='bbox 124 1739 345 1793; x_wconf 83' lang='lat' dir='ltr'>advolaris,</span> <span class='ocrx_word' id='word_1_224' title='bbox 377 1752 482 1792; x_wconf 88' lang='lat' dir='ltr'>quae</span> <span class='ocrx_word' id='word_1_225' title='bbox 513 1740 586 1778; x_wconf 90' lang='lat' dir='ltr'>tua</span> <span class='ocrx_word' id='word_1_226' title='bbox 616 1737 746 1777; x_wconf 84' lang='lat' dir='ltr'>fuerit</span> <span class='ocrx_word' id='word_1_227' title='bbox 777 1736 977 1790; x_wconf 87' lang='lat' dir='ltr'>adsessio,</span> <span class='ocrx_word' id='word_1_228' title='bbox 1010 1736 1163 1789; x_wconf 85' lang='lat' dir='ltr'>oratio,</span> <span class='ocrx_word' id='word_1_229' title='bbox 1196 1734 1460 1775; x_wconf 77' lang='lat' dir='ltr'>confirmatio</span> 
     </span>
     <span class='ocr_line' id='line_1_35' title="bbox 125 1791 1459 1838; baseline -0.004 0"><span class='ocrx_word' id='word_1_230' title='bbox 125 1797 255 1838; x_wconf 87' lang='lat' dir='ltr'>animi</span> <span class='ocrx_word' id='word_1_231' title='bbox 285 1797 369 1837; x_wconf 90' lang='lat' dir='ltr'>mei</span> <span class='ocrx_word' id='word_1_232' title='bbox 400 1796 523 1837; x_wconf 79' lang='lat' dir='ltr'>fracti</span> <span class='ocrx_word' id='word_1_233' title='bbox 554 1795 841 1836; x_wconf 77' lang='lat' dir='ltr'>communium</span> <span class='ocrx_word' id='word_1_234' title='bbox 871 1793 1137 1834; x_wconf 84' lang='lat' dir='ltr'>miseriarum</span> <span class='ocrx_word' id='word_1_235' title='bbox 1167 1793 1312 1833; x_wconf 78' lang='lat' dir='ltr'>metu?</span> <span class='ocrx_word' id='word_1_236' title='bbox 1352 1791 1459 1832; x_wconf 86' lang='lat' dir='ltr'>Tan-</span> 
     </span>
     <span class='ocr_line' id='line_1_36' title="bbox 126 1851 1461 1909; baseline -0.005 -12"><span class='ocrx_word' id='word_1_237' title='bbox 126 1856 220 1897; x_wconf 92' lang='lat' dir='ltr'>dem</span> <span class='ocrx_word' id='word_1_238' title='bbox 240 1855 465 1909; x_wconf 86' lang='lat' dir='ltr'>aliquando</span> <span class='ocrx_word' id='word_1_239' title='bbox 483 1853 644 1894; x_wconf 84' lang='lat' dir='ltr'>Romae</span> <span class='ocrx_word' id='word_1_240' title='bbox 658 1868 745 1894; x_wconf 89' lang='lat' dir='ltr'>esse</span> <span class='ocrx_word' id='word_1_241' title='bbox 760 1853 983 1906; x_wconf 81' lang='lat' dir='ltr'>coepimus.</span> <span class='ocrx_word' id='word_1_242' title='bbox 1011 1851 1121 1900; x_wconf 86' lang='lat' dir='ltr'>Quid</span> <span class='ocrx_word' id='word_1_243' title='bbox 1141 1851 1275 1891; x_wconf 85' lang='lat' dir='ltr'>defuit</span> <span class='ocrx_word' id='word_1_244' title='bbox 1293 1853 1461 1891; x_wconf 85' lang='lat' dir='ltr'>nostrae</span> 
     </span>
     <span class='ocr_line' id='line_1_37' title="bbox 125 1909 1461 1964; baseline -0.006 -8"><span class='ocrx_word' id='word_1_245' title='bbox 125 1913 434 1956; x_wconf 82' lang='lat' dir='ltr'>familiaritati?</span> <span class='ocrx_word' id='word_1_246' title='bbox 471 1911 522 1953; x_wconf 88' lang='lat' dir='ltr'>In</span> <span class='ocrx_word' id='word_1_247' title='bbox 540 1911 735 1952; x_wconf 78' lang='lat' dir='ltr'>maximis</span> <span class='ocrx_word' id='word_1_248' title='bbox 760 1911 885 1951; x_wconf 87' lang='lat' dir='ltr'>rebus</span> <span class='ocrx_word' id='word_1_249' title='bbox 912 1924 1095 1964; x_wconf 88' lang='lat' dir='ltr'>quonam</span> <span class='ocrx_word' id='word_1_250' title='bbox 1119 1909 1246 1949; x_wconf 92' lang='lat' dir='ltr'>modo</span> <span class='ocrx_word' id='word_1_251' title='bbox 1271 1922 1461 1964; x_wconf 83' lang='lat' dir='ltr'>gererem</span> 
     </span>
     <span class='ocr_line' id='line_1_38' title="bbox 124 1966 1462 2023; baseline -0.006 -9"><span class='ocrx_word' id='word_1_252' title='bbox 124 1988 192 2014; x_wconf 91' lang='lat' dir='ltr'>me</span> <span class='ocrx_word' id='word_1_253' title='bbox 211 1973 409 2013; x_wconf 86' lang='lat' dir='ltr'>adversus</span> <span class='ocrx_word' id='word_1_254' title='bbox 429 1970 659 2023; x_wconf 86' lang='lat' dir='ltr'>Caesarem,</span> <span class='ocrx_word' id='word_1_255' title='bbox 685 1983 784 2010; x_wconf 90' lang='lat' dir='ltr'>usus</span> <span class='ocrx_word' id='word_1_256' title='bbox 803 1971 877 2009; x_wconf 92' lang='lat' dir='ltr'>tuo</span> <span class='ocrx_word' id='word_1_257' title='bbox 899 1968 1073 2009; x_wconf 79' lang='lat' dir='ltr'>consilio</span> <span class='ocrx_word' id='word_1_258' title='bbox 1094 1982 1197 2020; x_wconf 89' lang='lat' dir='ltr'>sum,</span> <span class='ocrx_word' id='word_1_259' title='bbox 1224 1967 1268 2007; x_wconf 89' lang='lat' dir='ltr'>in</span> <span class='ocrx_word' id='word_1_260' title='bbox 1287 1966 1462 2019; x_wconf 85' lang='lat' dir='ltr'>reliquis</span> 
     </span>
     <span class='ocr_line' id='line_1_39' title="bbox 126 2025 1462 2081; baseline -0.007 -9"><span class='ocrx_word' id='word_1_261' title='bbox 126 2031 279 2072; x_wconf 80' lang='lat' dir='ltr'>officio,</span> <span class='ocrx_word' id='word_1_262' title='bbox 321 2029 400 2071; x_wconf 89' lang='lat' dir='ltr'>Cui</span> <span class='ocrx_word' id='word_1_263' title='bbox 424 2032 472 2070; x_wconf 91' lang='lat' dir='ltr'>tu</span> <span class='ocrx_word' id='word_1_264' title='bbox 496 2028 686 2069; x_wconf 86' lang='lat' dir='ltr'>tribuisti</span> <span class='ocrx_word' id='word_1_265' title='bbox 712 2030 886 2081; x_wconf 80' lang='lat' dir='ltr'>excepto</span> <span class='ocrx_word' id='word_1_266' title='bbox 914 2025 1088 2067; x_wconf 84' lang='lat' dir='ltr'>Caesare</span> <span class='ocrx_word' id='word_1_267' title='bbox 1118 2028 1285 2079; x_wconf 87' lang='lat' dir='ltr'>praeter</span> <span class='ocrx_word' id='word_1_268' title='bbox 1309 2039 1388 2078; x_wconf 87' lang='lat' dir='ltr'>me,</span> <span class='ocrx_word' id='word_1_269' title='bbox 1414 2026 1462 2064; x_wconf 90' lang='lat' dir='ltr'>ut</span> 
     </span>
     <span class='ocr_line' id='line_1_40' title="bbox 125 2083 1462 2140; baseline -0.007 -9"><span class='ocrx_word' id='word_1_270' title='bbox 125 2090 298 2131; x_wconf 89' lang='lat' dir='ltr'>domum</span> <span class='ocrx_word' id='word_1_271' title='bbox 317 2088 546 2130; x_wconf 83' lang='lat' dir='ltr'>ventitares</span> <span class='ocrx_word' id='word_1_272' title='bbox 563 2087 773 2140; x_wconf 88' lang='lat' dir='ltr'>horasque</span> <span class='ocrx_word' id='word_1_273' title='bbox 793 2085 949 2126; x_wconf 90' lang='lat' dir='ltr'>multas</span> <span class='ocrx_word' id='word_1_274' title='bbox 969 2098 1091 2138; x_wconf 88' lang='lat' dir='ltr'>saepe</span> <span class='ocrx_word' id='word_1_275' title='bbox 1111 2083 1359 2124; x_wconf 80' lang='lat' dir='ltr'>suavissimo</span> <span class='ocrx_word' id='word_1_276' title='bbox 1379 2096 1462 2123; x_wconf 90' lang='lat' dir='ltr'>ser-</span> 
     </span>
     <span class='ocr_line' id='line_1_41' title="bbox 124 2141 1463 2199; baseline -0.007 -9"><span class='ocrx_word' id='word_1_277' title='bbox 124 2162 250 2190; x_wconf 88' lang='lat' dir='ltr'>mone</span> <span class='ocrx_word' id='word_1_278' title='bbox 269 2161 546 2199; x_wconf 81' lang='lat' dir='ltr'>consumereS,</span> <span class='ocrx_word' id='word_1_279' title='bbox 570 2147 662 2186; x_wconf 91' lang='lat' dir='ltr'>tum</span> <span class='ocrx_word' id='word_1_280' title='bbox 683 2159 778 2185; x_wconf 83' lang='lat' dir='ltr'>cum</span> <span class='ocrx_word' id='word_1_281' title='bbox 798 2144 936 2196; x_wconf 84' lang='lat' dir='ltr'>etiam,</span> <span class='ocrx_word' id='word_1_282' title='bbox 962 2143 997 2183; x_wconf 91' lang='lat' dir='ltr'>si</span> <span class='ocrx_word' id='word_1_283' title='bbox 1019 2142 1261 2195; x_wconf 89' lang='lat' dir='ltr'>meministi,</span> <span class='ocrx_word' id='word_1_284' title='bbox 1287 2143 1335 2181; x_wconf 91' lang='lat' dir='ltr'>ut</span> <span class='ocrx_word' id='word_1_285' title='bbox 1359 2141 1463 2181; x_wconf 80' lang='lat' dir='ltr'>haee</span> 
     </span>
     <span class='ocr_line' id='line_1_42' title="bbox 125 2198 1463 2260; baseline -0.008 -11"><span class='ocrx_word' id='word_1_286' title='bbox 125 2207 484 2260; x_wconf 78' lang='grc' dir='ltr'><em>φιλοσοφούμενα</em></span> <span class='ocrx_word' id='word_1_287' title='bbox 503 2204 740 2256; x_wconf 80' lang='lat' dir='ltr'>scriberem,</span> <span class='ocrx_word' id='word_1_288' title='bbox 766 2205 814 2243; x_wconf 88' lang='lat' dir='ltr'>tu</span> <span class='ocrx_word' id='word_1_289' title='bbox 833 2216 899 2242; x_wconf 93' lang='lat' dir='ltr'>me</span> <span class='ocrx_word' id='word_1_290' title='bbox 920 2200 1156 2255; x_wconf 79' lang='lat' dir='ltr'>impulisti?</span> <span class='ocrx_word' id='word_1_291' title='bbox 1193 2199 1296 2240; x_wconf 92' lang='lat' dir='ltr'>Post</span> <span class='ocrx_word' id='word_1_292' title='bbox 1318 2198 1463 2239; x_wconf 87' lang='lat' dir='ltr'>Caesa-</span> 
     </span>
     <span class='ocr_line' id='line_1_43' title="bbox 126 2259 1463 2318; baseline -0.007 -12"><span class='ocrx_word' id='word_1_293' title='bbox 126 2265 184 2306; x_wconf 86' lang='lat' dir='ltr'>ris</span> <span class='ocrx_word' id='word_1_294' title='bbox 210 2265 394 2306; x_wconf 84' lang='lat' dir='ltr'>reditum</span> <span class='ocrx_word' id='word_1_295' title='bbox 420 2263 521 2318; x_wconf 89' lang='lat' dir='ltr'>quid</span> <span class='ocrx_word' id='word_1_296' title='bbox 546 2262 627 2303; x_wconf 92' lang='lat' dir='ltr'>tibi</span> <span class='ocrx_word' id='word_1_297' title='bbox 652 2260 803 2302; x_wconf 87' lang='lat' dir='ltr'>maiori</span> <span class='ocrx_word' id='word_1_298' title='bbox 830 2274 952 2301; x_wconf 81' lang='lat' dir='ltr'>curae</span> <span class='ocrx_word' id='word_1_299' title='bbox 978 2259 1071 2313; x_wconf 88' lang='lat' dir='ltr'>fuit,</span> <span class='ocrx_word' id='word_1_300' title='bbox 1105 2273 1231 2312; x_wconf 90' lang='lat' dir='ltr'>quam</span> <span class='ocrx_word' id='word_1_301' title='bbox 1256 2260 1304 2298; x_wconf 90' lang='lat' dir='ltr'>ut</span> <span class='ocrx_word' id='word_1_302' title='bbox 1330 2271 1463 2298; x_wconf 90' lang='lat' dir='ltr'>essem</span> 
     </span>
     <span class='ocr_line' id='line_1_44' title="bbox 125 2317 1252 2379; baseline -0.008 -14"><span class='ocrx_word' id='word_1_303' title='bbox 125 2337 204 2379; x_wconf 84' lang='lat' dir='ltr'>ego</span> <span class='ocrx_word' id='word_1_304' title='bbox 236 2323 299 2364; x_wconf 84' lang='lat' dir='ltr'>illi</span> <span class='ocrx_word' id='word_1_305' title='bbox 331 2337 454 2377; x_wconf 89' lang='lat' dir='ltr'>quam</span> <span class='ocrx_word' id='word_1_306' title='bbox 488 2319 870 2363; x_wconf 78' lang='lat' dir='ltr'>familiarissimus?</span> <span class='ocrx_word' id='word_1_307' title='bbox 903 2318 1015 2372; x_wconf 88' lang='lat' dir='ltr'>quod</span> <span class='ocrx_word' id='word_1_308' title='bbox 1047 2317 1252 2358; x_wconf 87' lang='lat' dir='ltr'>effeceras.</span> 
     </span>
    </p>
   </div>
   <div class='ocr_carea' id='block_1_11' title="bbox 1485 1802 1505 1832">
    <p class='ocr_par' dir='ltr' id='par_1_11' title="bbox 1485 1802 1505 1832">
     <span class='ocr_line' id='line_1_45' title="bbox 1485 1802 1505 1832; textangle 90"><span class='ocrx_word' id='word_1_309' title='bbox 1485 1802 1505 1832; x_wconf 57' lang='lat'>27!</span> 
     </span>
    </p>
   </div>
  </div>
 </body>
</html>
