1659 2552
634 75 775 110 LIBER
801 75 851 110 xi
876 78 978 110 2—4.
1391 74 1476 117 305

140 171 324 226 ticueris,
356 186 441 213 11011
473 171 660 225 potuisse
687 170 901 211 continere
927 169 1185 211 iracundiam
1216 171 1343 223 tuam,
1375 169 1475 223 quin

140 230 265 271 nobis
304 230 353 271 de
393 232 530 271 morte
572 229 760 270 Caesaris
801 229 998 270 obiceres.
1059 227 1171 269 Illud
1210 242 1309 268 vero
1353 242 1476 281 quem
1503 241 1522 270 3

142 289 195 330 ad
225 289 399 330 modum
432 289 655 329 ferundum
688 288 754 341 sit,
785 290 875 328 tute
908 287 1058 342 cogita,
1090 301 1175 327 non
1206 286 1330 326 licere
1361 300 1477 340 prae-

142 347 308 388 toribus
345 348 591 388 concordiae
629 361 676 387 ac
712 346 921 386 libertatis
955 359 1077 386 causa
1107 360 1182 399 per
1213 345 1395 385 edictum
1428 344 1476 384 de

107 418 123 443 5
144 420 219 446 suo
252 405 342 447 iure
369 406 576 460 decedere,
609 406 710 459 quin
737 404 882 445 consul
913 419 1028 444 arma
1053 403 1248 444 minetur.
1290 402 1477 451 Quorum

144 464 297 505 fiducia
334 464 442 505 nihil
480 467 541 505 est
580 464 692 518 quod
729 477 805 503 nos
836 465 1010 517 terreas3
1050 476 1185 516 neque
1217 461 1329 502 enim
1362 461 1478 500 decet

144 525 217 563 aut
254 523 450 563 convenit
486 523 609 563 nobis
652 521 838 576 periculo
882 521 957 561 ulli
999 520 1247 561 submittere
1292 519 1478 560 animum

144 583 348 635 nostrum,
381 595 514 635 neque
547 584 608 621 est
640 581 828 621 Antonio
860 579 1169 633 postulandum,
1201 581 1248 619 ut
1274 578 1325 618 iis
1351 578 1479 631 impe—

146 642 221 695 ret,
254 654 434 693 quorum
467 654 593 693 opera
623 639 731 679 liber
763 640 835 679 est.
896 637 986 678 Nos
1017 638 1051 677 si
1085 637 1166 677 alia
1195 637 1479 688 hortarentur,

93 711 126 736 10
146 701 193 739 ut
225 698 384 739 bellum
416 698 537 738 civile
569 698 769 738 suscitare
801 696 1014 749 vellemus,
1048 696 1213 736 litterae
1244 697 1341 735 tuae
1372 694 1480 734 nihil

143 757 413 811 proficerent,
450 757 565 797 nulla
598 757 708 797 enim
740 755 940 795 minantis
977 754 1205 794 auctoritas
1237 753 1348 807 apud
1379 752 1480 792 libe-

145 829 214 856 ros
246 818 325 870 est,
357 815 429 856 sed
460 815 633 869 pulchre
666 813 876 868 intellegis
895 827 986 853 111011
1018 826 1139 866 posse
1164 826 1240 852 nos
1267 825 1480 865 quoquam

145 874 324 928 impelli,
363 876 403 914 et
435 874 626 914 fortassis
657 887 704 913 ea
736 887 778 912 re
809 871 1030 912 minaciter
1061 871 1167 926 agis,
1199 873 1246 911 ut
1278 869 1480 910 iudicium

144 935 337 974 nostrum
368 935 506 973 metus
537 932 739 972 videatur.
794 929 884 971 Nos
915 930 958 969 111
989 929 1067 969 hac
1093 928 1300 969 sententia
1326 942 1480 981 sumus,
1506 939 1527 969 4

93 1003 126 1029 15
146 994 193 1032 ut
224 993 266 1032 te
300 991 516 1045 cupiamus
553 991 597 1030 in
634 990 767 1030 libera
805 1003 847 1029 re
885 1003 922 1041 p.
954 1002 1156 1043 magnum
1193 988 1317 1040 atque
1354 986 1482 1026 hone-

146 1053 259 1090 stum
285 1064 385 1103 esse,
416 1063 612 1090 vocemus
637 1051 678 1088 te
710 1048 762 1088 ad
792 1046 929 1087 nullas
958 1045 1213 1099 inimicitias,
1244 1045 1317 1085 sed
1341 1048 1482 1085 tamen

145 1108 279 1162 pluris
310 1110 499 1148 nostram
530 1107 770 1148 libertatem
796 1120 922 1159 quam
953 1107 1070 1145 tuam
1102 1104 1331 1144 amicitiam
1362 1103 1482 1143 aesti-

145 1181 319 1207 memus.
386 1166 451 1207 Tu
488 1166 615 1207 etiam
653 1167 779 1218 atque
817 1164 944 1204 etiam
981 1163 1092 1215 vide,
1131 1162 1233 1215 quid
1270 1161 1482 1215 suscipias,

147 1226 249 1279 quid
282 1225 487 1265 sustinere
518 1224 665 1278 possis,
697 1237 843 1276 neque,
876 1236 1002 1275 quam
1035 1221 1106 1261 diu
1137 1220 1291 1261 vixerit
1321 1218 1482 1272 Caesar,

96 1296 129 1322 20
149 1284 238 1338 sed,
276 1298 402 1338 quam
433 1297 519 1323 non
551 1283 622 1323 diu
654 1281 858 1337 regnarit,
890 1280 955 1320 fac
987 1280 1156 1334 cogites.
1218 1278 1330 1318 Deos
1362 1292 1483 1331 quae-

148 1357 310 1396 sumus,
354 1342 529 1383 consilia
570 1343 644 1382 tua
687 1340 747 1381 rei
790 1355 828 1393 p.
866 1338 1066 1379 salutaria
1103 1337 1186 1377 sint
1224 1350 1271 1376 ac
1307 1336 1405 1390 tibi3
1449 1335 1484 1375 si

147 1401 305 1455 minus,
346 1403 394 1441 ut
426 1400 540 1441 salva
571 1401 697 1453 atque
728 1399 904 1439 honesta
942 1411 985 1437 re
1023 1411 1061 1450 p.
1093 1395 1174 1435 tibi
1206 1409 1332 1448 quam
1363 1394 1485 1435 mini-

146 1474 263 1500 mum
294 1461 491 1513 noceant,
524 1461 728 1512 optamus.
790 1456 857 1496 Pr.
888 1454 998 1496 Non.
1032 1454 1144 1495 Sext.

778 1606 851 1647 IV.

96 1705 129 1730 25
245 1690 319 1725 Ser.
346 1692 386 1724 m
413 1689 539 1724 Gallia
564 1689 725 1723 citeriore
755 1687 960 1776 ξφὲίᾳγᾶἑῧᾶ.
987 1697 1030 1720 m.
1062 1684 1134 1720 Oct.
1162 1689 1194 1719 et
1219 1694 1273 1719 ex.
1300 1683 1391 1717 Nov.

693 1746 725 1768 α.
803 1739 825 1767 0
935 1760 941 1766 .

284 1829 326 1863 D.
354 1827 539 1862 BRUTUS
565 1827 659 1861 IMP.
688 1825 782 1860 COS.
809 1824 960 1859 DESIG.
988 1824 1021 1859 S.
1048 1823 1090 1858 D.
1118 1821 1350 1857 CICERONI.

239 1923 284 1965 Si
318 1924 366 1964 de
396 1926 470 1964 tua
502 1923 546 1963 in
576 1936 643 1962 me
675 1921 892 1961 voluntate
926 1919 1180 1972 dubitarem,
1211 1917 1357 1958 multis
1390 1931 1413 1956 a
1444 1918 1486 1957 te
1515 1928 1531 1956 1

151 1983 292 2025 verbis
322 1984 520 2037 peterem,
554 1983 602 2020 ut
635 1980 884 2035 dignitatem
915 1992 1052 2018 meam
1082 1980 1259 2029 tuerere,
1291 1975 1363 2015 sed
1392 1982 1486 2028 pro-

98 2055 132 2080 30
151 2043 261 2083 fecto
303 2043 365 2082 est
405 2041 484 2093 ita,
524 2041 571 2080 ut
608 2038 713 2078 mihi
753 2036 961 2091 persuasi,
1004 2050 1071 2076 me
1108 2034 1188 2075 tibi
1227 2047 1314 2075 esse
1353 2047 1485 2073 curae.

149 2100 404 2156 Progressus
442 2113 534 2139 sum
572 2097 625 2137 ad
660 2095 875 2149 Inalpinos
913 2109 1008 2135 cum
1049 2093 1234 2134 exercitu
1274 2106 1359 2132 non
1399 2094 1486 2131 tam

150 2173 304 2200 nomen
342 2156 660 2211 imperatorium
699 2157 869 2208 captans
907 2167 1033 2206 quam
1071 2151 1241 2205 cupiens
1277 2149 1486 2190 militibus

152 2217 253 2258 satis
284 2217 420 2257 facere
450 2217 678 2267 firmosque
711 2227 780 2253 eos
813 2212 865 2252 ad
895 2211 1071 2251 tuendas
1105 2212 1270 2250 nostras
1302 2222 1367 2249 res
1399 2208 1486 2248 effi-

152 2290 260 2330 cere3
287 2275 400 2329 quod
418 2274 524 2315 mihi
550 2272 695 2313 videor
715 2272 977 2324 consecutus3
1003 2283 1100 2309 nam
1121 2270 1162 2309 et
1186 2266 1485 2308 liberalitatem
1511 2276 1531 2306 2
1587 2320 1590 2323 Ι

223 2349 376 2376 Ciceronis
398 2349 482 2380 epist.
510 2349 533 2373 I.
1227 2338 1271 2369 20
