1659 2552
579 52 723 86 LIBER
747 52 832 86 XIII
857 55 1008 86 43—47.
1394 53 1482 94 403

134 147 216 188 tibi
248 146 496 188 commendo
528 162 614 188 non
640 148 803 188 minore
830 147 982 202 studio,
1015 163 1143 202 quam
1169 148 1204 189 si
1230 163 1319 189 rem
1344 164 1483 190 meam

137 206 485 247 commendarem.
549 205 619 247 Sic
656 207 768 247 enim
807 206 1022 247 existimes
1059 207 1204 261 velim,
1242 207 1348 248 mihi
1387 222 1483 248 cum

136 279 185 306 eo
217 279 302 306 non
339 265 466 306 modo
500 265 756 306 cotidianam
794 265 1140 306 consuetudinem
1182 280 1390 307 summam
1422 267 1483 307 in-

136 323 368 378 tercedere,
410 323 483 364 sed
523 324 651 365 etiam
693 324 834 364 officia
873 339 1028 380 magna
1069 327 1109 365 et
1150 327 1298 365 mutua
1338 327 1484 365 nostra

84 394 100 418 5
137 383 248 423 inter
285 397 362 423 nos
401 396 499 423 esse.
563 382 698 432 Quam
738 382 791 423 ob
830 397 919 423 rem
961 383 1088 424 etiam
1129 386 1255 437 atque
1294 384 1422 424 etiam
1461 398 1484 423 a

137 444 178 482 te
215 444 332 495 peto,
374 444 421 481 ut
460 455 599 496 cures,
640 444 688 482 ut
726 441 946 497 intellegat
983 457 1050 483 me
1088 442 1141 482 ad
1177 445 1219 483 te
1257 442 1359 483 satis
1392 442 1485 482 dili—

136 503 286 556 genter
324 500 557 555 scripsisse,
594 515 692 540 nam
726 500 774 540 de
812 503 886 541 tua
918 515 1017 556 erga
1048 515 1114 541 me
1147 501 1366 542 voluntate
1397 515 1484 542 non

138 558 371 599 dubitabat.
433 557 483 599 Id
519 561 567 599 ut
603 559 749 613 facias,
790 561 832 599 te
870 559 998 600 etiam
1036 562 1161 614 atque
1199 560 1327 601 etiam
1365 574 1482 615 rogo.

136 616 254 658 Vale.

86 735 117 759 10
731 721 882 763 XLVI.

368 803 443 839 Ser.
470 803 606 837 Romae
631 803 705 837 eod.
730 803 804 846 fere
829 814 927 838 anno
954 815 1022 848 quo
1049 815 1100 848 ep.
1130 804 1251 839 XLV.

564 883 732 919 CICERO
759 885 996 920 APPULEIO
1024 885 1057 920 S.

225 967 270 1009 L.
302 967 481 1010 Nostius
518 967 662 1009 Zoilus
700 970 763 1009 est
801 968 973 1010 coheres
1010 984 1146 1024 meus,
1187 970 1310 1011 heres
1342 972 1483 1011 autem

137 1028 307 1082 patroni
340 1028 415 1068 sui.
476 1027 540 1067 Ε6
571 1041 615 1068 16
647 1029 875 1081 utrumque
907 1028 1067 1082 scripsi,
1100 1031 1147 1069 ut
1179 1031 1221 1069 61
1252 1029 1358 1069 mihi
1388 1042 1484 1070 cum

86 1098 118 1122 15
138 1087 212 1127 illo
245 1100 412 1126 causam
444 1086 653 1126 amicitiae
693 1086 820 1126 scires
851 1100 939 1127 esse
971 1089 1014 1128 et
1051 1087 1269 1128 hominem
1300 1087 1484 1141 probum

138 1145 419 1199 existimares,
461 1144 534 1199 qui
572 1144 742 1199 patroni
783 1144 940 1185 iudicio
980 1148 1152 1186 ornatus
1190 1148 1309 1187 esset.
1371 1146 1483 1186 Eum

137 1203 218 1244 tibi
255 1203 389 1259 igitur
429 1203 489 1243 sic
525 1203 773 1243 commendo
814 1206 862 1244 ut
902 1218 1034 1244 unum
1073 1219 1123 1245 ex
1161 1208 1307 1245 nostra
1345 1205 1482 1246 domo.

138 1261 272 1302 Valde
303 1262 410 1302 mihi
441 1264 612 1317 gratum
644 1262 736 1316 erit,
768 1262 804 1302 si
836 1262 1011 1316 curaris,
1043 1265 1091 1303 ut
1123 1263 1344 1319 intellegat
1374 1264 1484 1304 hanc

138 1320 547 1362 commendationem
574 1320 656 1361 sibi
682 1320 793 1375 apud
818 1323 860 1362 16
889 1336 1044 1377 magno
1071 1321 1316 1363 adiumento
1342 1322 1482 1363 fuisse.

87 1484 120 1508 :¹0
721 1472 893 1514 XLVII.

210 1551 298 1596 Ser„
324 1557 364 1587 ut
387 1553 540 1596 videtur,
570 1553 675 1586 Tarsa·
700 1563 752 1587 eoe.
780 1564 813 1587 a.
843 1555 914 1588 703
943 1556 1019 1597 (51)
1051 1558 1116 1589 aut
1140 1556 1192 1589 in.
1221 1557 1292 1589 704
1320 1557 1411 1599 (50).

626 1633 795 1669 CICERO
823 1634 942 1669 SILIO
971 1634 1003 1669 S.

228 1727 339 1776 Quid
365 1742 443 1783 ego
474 1728 555 1768 tibi
581 1729 871 1769 commendem
897 1744 1005 1784 eum,
1038 1745 1163 1785 quem
1194 1734 1241 1771 tu
1274 1731 1363 1785 ipse
1392 1730 1483 1771 dili-

138 1786 234 1842 gis?
268 1785 350 1827 Sed
380 1789 534 1840 tamen,
564 1789 612 1826 ut
644 1787 770 1827 scires
797 1801 893 1828 eum
925 1803 949 1828 a
973 1803 1039 1829 me
1071 1803 1157 1829 non
1185 1789 1306 1844 diligi
1333 1789 1483 1843 solum,

87 1858 120 1882 25
139 1859 287 1886 verum
330 1845 458 1885 etiam
502 1844 650 1898 amari,
695 1845 748 1885 ob
793 1859 885 1886 eam
928 1861 1017 1887 rem
1061 1847 1141 1887 tibi
1183 1847 1288 1887 haec
1331 1847 1482 1887 scribo.

140 1902 340 1945 Omnium
376 1906 549 1944 tuorum
581 1903 836 1958 officiorum,
878 1918 984 1958 quae
1017 1908 1057 1945 61
1088 1905 1223 1945 11111116
1255 1907 1297 1945 61
1327 1920 1484 1960 magna

139 1965 255 2017 sunt,
291 1961 397 2002 mihi
434 1961 724 2017 gratissimum
760 1962 906 2017 fuerit,
947 1963 982 2003 si
1019 1963 1080 2004 ita
1115 1963 1311 2004 tractaris
1341 1963 1483 2019 Egna-

139 2021 259 2075 tium,
290 2023 338 2061 ut
370 2020 524 2060 sentiat
555 2022 597 2060 61
628 2034 670 2060 36
696 2035 719 2060 6
743 2035 810 2061 1116
843 2025 884 2061 61
915 2036 982 2062 me
1010 2036 1033 2062 a
1058 2024 1100 2062 16
1126 2022 1268 2062 amari.
1319 2020 1415 2062 Hoc
1439 2025 1482 2063 te

139 2079 408 2120 vehementer
445 2079 573 2118 6116111
613 2080 738 2132 atque
776 2079 904 2119 etiam
942 2094 1057 2135 rogo.
1118 2079 1199 2121 Illa
1228 2082 1375 2120 nostra
1406 2081 1482 2121 sci-

86 2149 120 2174 30
138 2138 237 2178 licet
275 2137 523 2178 ceciderunt.
584 2135 767 2178 Utamur
803 2137 937 2192 igitur
974 2138 1140 2194 vulgari
1173 2138 1481 2180 consolatione:

140 2195 277 2251 Quid,
309 2196 344 2236 si
374 2195 455 2236 hoc
487 2194 687 2235 melius‘?'
750 2194 832 2235 Sed
856 2196 959 2237 haec
985 2210 1136 2237 coram.
1170 2197 1234 2237 Tu
1258 2197 1335 2251 fac,
1368 2197 1482 2251 quod

138 2255 252 2309 facis,
284 2257 331 2295 ut
362 2268 428 2295 me
461 2267 574 2294 ames
605 2255 730 2307 teque
763 2254 894 2294 amari
927 2269 950 2295 a
981 2270 1047 2295 me
1081 2255 1197 2295 scias.

1195 2323 1263 2357 26*
