1659 2552
157 94 243 135 5:24
658 92 995 127 EPISTULARUM

158 190 380 244 pecuniam
412 190 685 244 suppeditari,
718 192 944 243 utrumque
971 191 1012 229 et
1038 188 1090 229 ab
1117 202 1166 230 eo
1193 192 1234 229 et
1260 204 1283 230 a
1304 187 1498 243 Curione,

158 249 314 290 Bibulo
354 249 586 303 ceterisque
625 249 711 288 suis
751 247 1108 289 obtrectatoribus
1141 248 1398 302 confirmari3
1431 262 1497 289 ve-

156 308 376 349 hementer
401 322 489 348 esse
515 307 835 362 providendum,
866 321 919 347 ne
945 306 1210 360 opprimatur
1235 307 1498 348 contionario

158 367 232 407 illo
275 367 434 421 populo
476 382 498 407 a
539 381 581 406 se
625 380 757 419 prope
801 365 1003 419 alienato,
1047 365 1272 406 nobilitate
1316 366 1498 416 inimica,

158 440 244 467 non
270 440 403 479 aequo
436 429 594 479 senatu,
627 425 845 465 iuventute
878 424 1083 478 improba.
1143 423 1292 478 Itaque
1321 439 1364 466 se
1390 438 1499 466 eom-
1536 436 1552 461 5

157 488 299 539 parat,
339 485 533 525 homines
571 498 621 524 ex
660 483 772 539 agris
805 483 996 537 accersit3
1038 498 1185 537 operas
1225 486 1366 524 autem
1404 497 1499 524 suas

159 543 332 585 Clodius
359 544 596 597 confirmat3
629 557 778 583 manus
804 542 856 582 ad
882 541 1116 591 Quirinalia
1147 545 1330 596 paratur.
1375 540 1424 583 In
1450 556 1499 583 eo

158 603 293 643 multo
315 617 459 642 sumus
479 602 716 656 superiores
742 601 874 655 ipsius
895 601 1044 656 copiis3
1076 601 1148 642 sed
1173 616 1327 657 magna
1351 615 1500 642 manus

159 676 209 702 ex
241 661 395 701 Piceno
429 664 469 702 et
504 660 640 702 Gallia
671 663 954 714 exspectatur,
993 662 1040 700 ut
1071 660 1199 701 etiam
1232 659 1405 701 Catonis
1436 674 1501 701 ro-

158 720 403 775 gationibus
437 720 486 760 de
518 719 677 760 Milone
710 722 751 760 et
781 719 963 760 Lentulo
996 719 1249 760 resistamus.
1521 732 1554 755 10

247 778 297 820 A.
332 779 367 819 d.
402 791 468 819 1111
505 777 605 819 Idus
641 778 762 819 Febr.
797 777 959 819 Sestius
997 777 1049 818 ab
1087 778 1225 819 indice
1263 777 1336 818 Cn.
1368 777 1500 820 Nerio

157 837 340 892 Pupinia
372 839 419 879 de
450 838 614 878 ambitu
643 840 706 878 est
736 837 976 891 postulatus
1008 839 1049 877 et
1080 837 1227 877 eodem
1260 837 1326 877 die
1352 851 1375 877 a
1401 851 1502 891 quo-

160 897 255 937 dam
287 896 342 937 M.
376 896 517 937 Tullio
551 896 600 937 de
631 896 684 937 vi.
746 895 788 937 Is
820 899 908 936 erat
941 910 1075 951 aeger.
1126 895 1324 949 Domum,
1356 899 1403 936 ut
1436 895 1502 936 de-

158 955 347 1010 buimus,
389 956 441 996 ad
479 970 575 996 eum
613 955 757 996 statim
790 955 982 995 venimus
1014 955 1135 1008 eique
1168 969 1244 995 nos
1275 957 1389 995 totos
1420 956 1502 995 tra-

161 1014 344 1055 didimus
388 1014 514 1068 idque
555 1014 732 1055 fecimus
771 1016 939 1068 praeter
981 1013 1205 1054 hominum
1246 1014 1501 1068 opinionem,
1522 1025 1555 1049 15
1612 1026 1623 1070 3

160 1074 233 1127 qui
264 1088 341 1114 nos
374 1074 411 1114 ei
443 1073 534 1114 iure
573 1087 813 1113 suscensere
854 1072 1082 1127 putabant,
1122 1075 1169 1113 ut
1206 1072 1500 1113 humanissimi

158 1133 475 1188 gratissimique
520 1135 560 1172 et
604 1132 685 1186 ipsi
730 1135 771 1172 et
815 1131 1012 1172 omnibus
1056 1131 1314 1185 videremur,
1358 1131 1501 1185 itaque

159 1192 371 1232 faciemus.
435 1190 517 1231 Sed
558 1191 669 1231 idem
708 1190 865 1231 Nerius
908 1190 1035 1231 index
1080 1190 1211 1230 edidit
1255 1190 1308 1231 ad
1350 1190 1501 1246 allega-

158 1252 226 1291 tos
259 1249 331 1291 Cn.
363 1249 593 1290 Lentulum
625 1249 796 1290 Vatiam
835 1252 876 1290 et
915 1248 958 1290 O.
993 1247 1237 1290 Cornelium
1271 1249 1301 1302 †
1338 1249 1419 1289 ista
1451 1249 1499 1289 ei.

159 1308 322 1350 Eodem
355 1309 421 1349 die
454 1311 623 1349 senatus
649 1308 889 1349 consultum
921 1308 1080 1348 factum
1113 1311 1194 1361 est,
1226 1310 1273 1348 ut
1305 1307 1500 1348 sodalita-
1519 1319 1553 1344 20

157 1370 220 1408 tes
248 1367 535 1421 decuriatique
563 1367 840 1419 discederent,
872 1367 1023 1420 lexque
1050 1366 1099 1406 de
1132 1366 1184 1406 iis
1216 1366 1410 1419 ferretur,
1441 1368 1499 1420 ut,

158 1426 231 1480 qui
261 1440 348 1466 11011
380 1426 683 1479 discessissent,
716 1440 764 1465 ea
793 1439 946 1479 poena,
979 1439 1084 1478 quae
1117 1427 1179 1465 est
1211 1424 1260 1465 de
1292 1425 1350 1479 vi,
1388 1427 1500 1466 tene-

157 1487 314 1526 rentur.

245 1542 295 1584 A.
335 1543 371 1583 d.
412 1555 462 1583 111
502 1541 602 1583 Idus
640 1542 762 1584 Febr.
807 1542 894 1583 dixi
937 1557 1014 1595 pro
1055 1541 1198 1583 Bestia
1243 1542 1291 1583 de
1335 1542 1499 1583 ambitu

158 1603 270 1656 apud
300 1605 538 1656 praetorem
572 1600 644 1642 Cn.
672 1601 910 1642 Domitium
942 1601 986 1641 in
1017 1601 1110 1642 foro
1142 1601 1280 1641 medio
1313 1601 1498 1642 maximo
1518 1611 1552 1637 25

158 1663 368 1702 conventu
412 1660 625 1714 incidique
670 1661 712 1700 in
756 1674 851 1700 eum
892 1660 1033 1700 locum
1074 1660 1117 1700 in
1163 1659 1359 1713 dicendo,
1403 1674 1498 1701 cum

159 1719 321 1761 Sestius
358 1720 505 1760 multis
543 1720 587 1760 in
625 1719 785 1772 templo
820 1718 1006 1759 Castoris
1039 1718 1285 1759 vulneribus
1317 1719 1498 1773 acceptis

158 1779 347 1819 subsidio
374 1778 541 1819 Bestiae
568 1781 757 1818 servatus
784 1780 902 1818 esset.
953 1776 1035 1818 Hie
1066 1777 1499 1833 προῳκονομησάμην

157 1838 358 1891 quiddam
391 1838 602 1891 εὐκαίρως
635 1837 683 1877 de
716 1837 779 1890 iis,
812 1851 917 1890 quae
949 1836 993 1877 in
1026 1835 1210 1877 Sestium
1242 1835 1498 1890 adparaban-

156 1900 227 1937 tur
258 1896 452 1950 crimina,
491 1899 531 1936 et
569 1910 664 1936 eum
697 1896 843 1935 ornavi
875 1895 985 1936 veris
1016 1895 1212 1935 laudibus
1242 1909 1398 1950 magno
1429 1895 1497 1936 ad·
1516 1905 1550 1931 30

157 1970 280 1996 sensu
301 1955 501 1996 omnium.
541 1954 625 1995 Res
644 1954 807 1995 homini
828 1954 910 1994 fuit
930 1953 1200 1995 vehementer
1218 1956 1349 2009 grata.
1382 1952 1496 2002 Quae

156 2014 236 2055 tibi
257 2028 306 2055 eo
326 2013 477 2067 scribo,
510 2013 624 2067 quod
642 2027 709 2054 me
731 2013 779 2053 de
806 2012 1025 2053 retinenda
1045 2011 1155 2053 Sesti
1180 2012 1318 2068 gratia
1342 2012 1496 2052 litteris

157 2087 278 2127 saepe
310 2072 524 2113 monuisti.
884 2101 886 2103 -

244 2131 386 2172 Pridie
418 2130 518 2172 Idus
544 2130 665 2171 Febr.
698 2130 800 2171 haec
833 2130 980 2184 scripsi
1013 2132 1109 2170 ante
1141 2129 1287 2170 lucem.
1332 2127 1396 2169 Eo
1429 2128 1495 2169 die

156 2191 267 2244 apud
298 2189 583 2243 Pomponium
615 2190 658 2230 in
691 2189 780 2229 eius
811 2189 972 2242 nuptiis
1004 2203 1117 2229 eram
1144 2190 1375 2229 cenaturus,
1422 2185 1495 2228 Ce—
1514 2197 1547 2223 35

155 2251 245 2289 tera
277 2251 375 2289 sunt
406 2249 451 2289 in
477 2248 602 2289 rebus
627 2247 784 2288 nostris
815 2247 941 2288 huius
972 2247 1099 2301 modi,
1130 2250 1176 2288 ut
1204 2249 1250 2286 tu
1276 2245 1382 2286 mihi
1408 2246 1494 2286 fere

156 2306 365 2348 diffidenti
396 2307 680 2362 praedicabas,
711 2306 835 2360 plena
862 2305 1082 2361 dignitatis
1108 2308 1148 2346 et
1178 2304 1357 2360 gratiae3
1388 2318 1494 2359 quae
1526 2304 1530 2306 ’
