1659 2552
160 101 185 143 8
659 100 999 136 EPISTULARUM

161 198 260 238 sunt
291 211 315 237 a
347 195 522 251 Catone,
562 196 697 250 facile,
727 198 776 237 ut
807 210 948 250 spero,
985 195 1239 238 resistemus.
1301 195 1500 238 Amicum

161 270 213 296 ex
245 255 536 297 consularibus
566 256 778 296 neminem
810 254 890 296 tibi
922 269 1010 296 esse
1041 255 1163 296 video
1194 258 1362 309 praeter
1391 254 1500 296 Hor-

160 314 345 356 tensium
388 317 430 355 et
471 313 714 368 Lucullum3
765 313 892 355 ceteri
935 315 1034 354 sunt
1081 314 1237 367 partim
1281 314 1500 355 obscurius

162 373 316 427 iniqui,
353 373 510 427 partim
547 387 633 414 non
665 372 980 413 dissimulanter
1011 371 1120 413 irati.
1165 371 1229 413 Tu
1260 372 1327 414 fac
1357 372 1498 414 animo

161 431 263 473 forti
302 446 542 485 magnoque
583 432 640 472 sis
680 445 904 486 speresque
944 431 1035 471 fore
1073 433 1122 471 ut
1164 431 1298 472 fracto
1338 431 1499 485 impetu
1534 440 1553 466 ⁵

159 489 365 532 levissimi
389 491 575 531 hominis
595 493 712 531 tuam
731 490 955 544 pristinam
975 489 1227 545 dignitatem
1253 492 1295 531 et
1319 489 1500 546 gloriam

162 563 430 603 consequare.

534 693 538 695 .
796 652 870 695 VI.

329 735 404 770 Ser.
437 735 573 770 Romae
599 739 682 779 post
715 734 796 769 XV
822 734 908 769 Kal.
938 733 1054 769 Mart.
1081 745 1114 769 α.
1142 736 1216 769 698
1243 736 1335 778 (56).

345 817 401 852 M.
431 817 621 852 CICERO
640 816 674 851 S.
696 817 745 851 D.
767 816 808 850 P.
830 816 1087 851 LENTULO
1111 816 1316 852 PROCOS.
1522 816 1555 841 10

253 900 367 950 Quae
403 903 622 956 gerantur,
661 900 838 954 accipies
870 914 922 941 ex
951 899 1162 955 Pollione,
1200 900 1273 954 qui
1305 899 1502 942 omnibus

164 960 348 1015 negotiis
397 974 482 1000 non
525 959 720 1000 interfuit
763 959 920 1013 solum,
970 958 1042 1000 sed
1089 959 1283 1013 praefuit.
1344 958 1414 1000 Me
1456 958 1502 999 in

166 1033 329 1059 summo
363 1018 518 1072 dolore,
551 1032 676 1072 quem
707 1018 752 1058 in
782 1018 867 1059 tuis
898 1017 1024 1059 rebus
1056 1017 1188 1072 capio,
1218 1017 1400 1059 maxime
1425 1017 1503 1058 sci-

164 1077 263 1118 licet
296 1077 538 1118 consolatur
568 1091 679 1131 spes,
718 1076 832 1131 quod
862 1077 982 1118 valde
1021 1077 1211 1131 suspicor
1241 1077 1331 1117 fore
1362 1079 1410 1117 ut
1441 1075 1501 1117 in-

164 1136 377 1191 fringatur
400 1136 623 1176 hominum
648 1135 899 1189 improbitas
927 1138 968 1176 et
994 1135 1180 1176 consiliis
1205 1137 1376 1176 tuorum
1401 1134 1502 1176 ami·
1522 1143 1556 1169 15

167 1208 312 1236 corum
350 1196 391 1235 et
427 1195 520 1249 ipsa
557 1195 641 1248 die,
680 1209 785 1248 quae
817 1194 1011 1235 debilitat
1043 1193 1320 1250 cogitationes
1352 1196 1394 1235 et
1424 1193 1502 1235 ini-

122 1288 138 1296 -
165 1254 373 1294 micorum
405 1256 446 1294 et
476 1253 744 1307 proditorum
774 1255 957 1294 tuorum.
1023 1252 1163 1294 Facile
1195 1253 1376 1294 secundo
1406 1252 1501 1294 loco

165 1326 232 1353 me
264 1311 505 1353 consolatur
535 1311 770 1352 recordatio
801 1326 993 1352 meorum
1024 1314 1280 1366 temporum,
1321 1325 1501 1365 quorum

166 1371 395 1425 imaginem
426 1370 548 1410 video
580 1370 624 1410 in
655 1370 781 1411 rebus
812 1370 917 1425 tuis3
947 1385 1057 1424 nam,
1089 1370 1168 1411 etsi
1198 1370 1361 1411 minore
1387 1370 1432 1410 in
1456 1383 1501 1410 re

165 1429 351 1470 violatur
395 1431 469 1469 tua
515 1428 718 1483 dignitas,
772 1443 897 1482 quam
942 1443 1036 1469 mea
1081 1428 1308 1482 adflictast,
1359 1431 1501 1469 tamen
1520 1436 1555 1462 2⁰

166 1490 229 1528 est
260 1490 377 1528 tanta
409 1487 660 1541 similitudo,
699 1490 746 1527 ut
783 1501 947 1541 sperem
984 1490 1025 1528 te
1062 1487 1168 1527 mihi
1200 1487 1433 1542 ignoscere,
1465 1487 1501 1527 si

166 1561 214 1587 ea
243 1560 330 1587 non
354 1546 581 1600 timuerim,
614 1560 719 1599 quae
744 1560 796 1586 ne
822 1549 868 1586 tu
895 1545 1064 1600 quidem
1090 1560 1291 1599 umquam
1314 1545 1502 1586 timenda

167 1605 335 1646 duxisti.
398 1603 479 1645 Sed
509 1607 675 1658 praesta
706 1607 747 1645 te
779 1618 891 1658 eum,
924 1604 996 1658 qui
1027 1603 1133 1645 mihi
1165 1604 1205 1644 ‘a
1234 1605 1423 1658 teneris',
1454 1607 1503 1645 ut

169 1662 316 1704 Graeci
342 1663 498 1717 dicunt,
525 1663 797 1718 ‘unguiculis’
818 1677 861 1704 es
876 1663 1087 1718 eognitus3
1114 1662 1370 1717 inlustrabit,
1395 1662 1502 1704 mihi

167 1722 307 1776 crede,
347 1724 464 1762 tuam
505 1722 827 1776 amplitudinem
867 1721 1089 1762 hominum
1130 1721 1294 1762 iniuria.
1356 1721 1396 1763 A
1434 1735 1502 1762 me
1521 1729 1556 1755 25

167 1781 308 1821 omnia
351 1794 514 1821 summa
557 1781 600 1821 in
644 1783 685 1821 te
729 1780 868 1821 studia
910 1780 1132 1834 officiaque
1176 1783 1368 1835 expecta3
1415 1794 1502 1821 non

165 1840 311 1881 fallam
343 1839 586 1893 opinionem
617 1841 744 1880 tuam.

786 1942 880 1985 VII.

306 2025 379 2060 Ser.
413 2025 549 2060 Romae
581 2028 728 2060 eaeeunte
763 2035 878 2059 mense
913 2024 1071 2070 Quintili
1101 2036 1134 2059 a.
1169 2026 1242 2058 698
1269 2026 1359 2066 (56).

354 2107 408 2142 Μ.
434 2107 624 2143 CICERO
644 2107 677 2143 S.
699 2107 748 2141 D.
770 2107 812 2142 P.
834 2106 1091 2142 LENTULO
1111 2104 1313 2154 pROCOS.
1522 2104 1557 2129 ³0

256 2190 360 2246 Legi
402 2194 496 2232 tuas
536 2191 716 2245 litteras,
762 2190 916 2244 quibus
955 2189 1008 2230 ad
1043 2203 1111 2229 me
1148 2187 1297 2229 scribis
1333 2188 1503 2242 gratum

168 2248 246 2288 tibi
280 2263 378 2302 esse,
412 2249 525 2303 quod
556 2249 704 2290 crebro
737 2249 892 2290 certior
921 2262 997 2302 per
1026 2261 1093 2288 me
1125 2247 1200 2287 fias
1233 2246 1281 2286 de
1308 2245 1504 2286 omnibus

167 2306 292 2348 rebus
319 2310 360 2347 et
384 2322 521 2348 ineam
553 2322 653 2363 erga
678 2310 720 2348 te
745 2306 1083 2348 benevolentiam
1112 2305 1234 2346 facile
1259 2304 1504 2359 perspicia83
