1659 2552
629 99 771 133 LIBER
795 99 862 134 XV
888 103 918 134 1.
1370 101 1453 141 441

115 192 264 249 Orodi,
301 194 414 250 regis
444 194 719 249 Parthorum,
756 195 910 249 filium,
948 209 1042 236 cum
1079 210 1310 251 permagno
1344 196 1458 251 equi-

115 256 207 294 tatu
244 252 444 294 Parthico
482 254 682 295 transisse
719 253 982 308 Euphratem
1020 257 1062 294 et
1099 257 1235 295 castra
1266 256 1456 309 posuisse

115 311 270 365 Tybae,
302 327 588 367 magnumque
619 313 850 353 tumultum
883 327 970 354 esse
1002 313 1046 353 in
1083 314 1302 368 provincia
1334 313 1457 367 Syria

116 371 357 411 excitatum.
421 371 583 412 Eodem
616 371 681 412 die
714 371 765 411 ab
797 370 1050 426 Iamblicho,
1086 372 1321 426 phylarcho
1352 372 1457 413 Ara—

81 441 96 465 5
115 429 230 484 bum,
263 444 387 483 quem
412 430 605 470 homines
631 430 859 484 opinantur
884 430 990 471 bene
1016 431 1171 472 sentire
1191 431 1456 485 amicumque

116 501 204 528 esse
236 489 297 529 rei
328 503 366 542 p.
399 491 585 542 nostrae,
626 489 793 529 litterae
826 489 875 530 de
907 489 1039 530 isdem
1071 490 1196 530 rebus
1227 490 1334 530 mihi
1367 490 1456 531 red<

117 546 228 587 ditae
260 550 368 587 sunt.
430 547 509 587 His
541 547 666 588 rebus
697 548 847 601 allatis,
879 548 958 588 etsi
989 548 1287 604 intellegebam
1319 549 1456 589 socios

116 605 282 646 infirme
314 606 522 646 animatos
548 620 636 646 esse
668 609 709 646 et
740 620 946 650 novarum
978 621 1118 647 rerum
1143 608 1456 662 exspectatione

117 678 359 718 suspensos,
400 664 620 719 sperabam
657 667 798 705 tamen
837 679 924 719 eos,
966 665 1018 705 ad
1055 680 1160 719 quos
1201 666 1286 706 iam
1323 680 1457 707 acces-

64 737 96 760 10
116 737 263 777 seram,
296 723 452 777 quique
477 726 665 764 nostram
690 724 1057 764 mansuetudinem
1082 724 1455 779 integritatemque

113 784 431 836 perspexerant,
464 781 683 822 amiciores
713 797 752 836 p.
784 781 832 823 R.
867 797 954 823 esse
985 783 1130 837 factos,
1163 783 1355 824 Ciliciam
1387 799 1456 824 au-

114 842 202 881 tem
244 840 476 881 firmiorem
519 841 627 895 fore,
677 840 711 880 si
761 841 986 895 aequitatis
1028 844 1196 882 nostrae
1244 843 1456 896 particeps

115 899 227 939 facta
258 902 376 939 esset.
439 899 495 939 Et
527 899 581 939 ob
614 913 705 940 eam
738 914 922 954 causam,
963 903 1004 940 et
1035 903 1082 940 ut
1115 900 1456 954 opprimerentur

116 957 164 1012 ii,
198 958 271 1011 qui
307 972 357 998 ex
390 956 569 998 Cilicum
601 960 726 1013 gente
758 958 802 998 111
834 959 961 998 armis
993 962 1142 1013 essent,
1175 962 1215 999 et
1247 962 1294 1000 ut
1318 960 1455 1000 hostis

63 1029 95 1054 15
115 1016 168 1070 is,
201 1016 274 1070 qui
300 1018 409 1057 esset
433 1016 479 1056 in
505 1014 638 1070 Syria,
670 1017 795 1057 sciret
821 1017 1051 1058 exercitum
1076 1033 1114 1071 p.
1141 1017 1190 1058 R.
1216 1032 1303 1058 non
1327 1018 1454 1059 modo

114 1089 202 1115 non
233 1074 376 1115 cedere
408 1074 460 1115 iis
490 1075 651 1115 nuntiis
683 1075 838 1129 allatis,
876 1076 949 1116 sed
980 1076 1107 1116 etiam
1137 1077 1312 1130 propius
1344 1091 1455 1117 acce-

118 1134 227 1185 dere,
260 1133 491 1174 exercitum
523 1134 575 1174 ad
606 1133 793 1175 Taurum
823 1134 990 1174 institui
1023 1135 1182 1175 ducere.

205 1191 298 1246 Sed,
329 1192 365 1232 si
397 1192 499 1245 quid
530 1192 642 1245 apud
671 1207 746 1233 vos
778 1193 1006 1233 auctoritas
1036 1208 1130 1234 mea
1160 1193 1359 1247 ponderis
1383 1193 1454 1234 ha—

115 1250 204 1305 bet,
242 1250 286 1290 in
323 1250 375 1291 iis
411 1251 661 1304 praesertim
698 1251 841 1305 rebus,
885 1266 987 1305 quas
1024 1266 1099 1292 vos
1137 1252 1330 1306 audistis,
1375 1267 1453 1308 ego

63 1323 96 1348 20
114 1323 246 1363 paene
279 1322 415 1362 cerno,
446 1323 601 1364 magno
623 1324 748 1363 opere
779 1324 854 1350 vos
886 1313 927 1350 et
958 1310 1108 1351 hortor
1139 1313 1180 1351 et
1210 1325 1375 1366 moneo,
1407 1314 1455 1352 ut

113 1367 181 1408 his
223 1367 454 1421 provinciis
497 1368 630 1408 serius
670 1382 746 1409 vos
783 1369 969 1423 quidem,
1015 1383 1141 1423 quam
1182 1369 1337 1424 decuit,
1383 1369 1455 1410 sed

115 1426 341 1480 aliquando
385 1429 526 1467 tamen
570 1427 808 1468 consulatis.
880 1427 972 1468 Nos
1015 1442 1140 1481 quem
1186 1428 1238 1468 ad
1279 1428 1454 1469 modum

115 1484 344 1525 instructos
382 1487 423 1525 et
461 1485 615 1538 quibus
651 1486 873 1539 praesidiis
909 1486 1096 1527 munitos
1129 1487 1181 1526 ad
1211 1487 1320 1527 tanti
1351 1487 1453 1528 belli

117 1543 359 1596 opinionem
383 1543 602 1597 miseritiS,
632 1558 719 1585 non
745 1544 845 1585 estis
876 1544 1025 1599 ignari.
1070 1544 1192 1594 Quod
1217 1559 1296 1600 ego
1327 1559 1454 1601 nego-

64 1614 96 1638 25
115 1601 224 1641 tium
248 1615 334 1642 non
360 1602 542 1642 stultitia
568 1605 820 1657 occaecatus,
852 1604 924 1643 sed
951 1604 1201 1644 verecundia
1229 1604 1454 1645 deterritus

115 1673 202 1700 non
240 1660 445 1713 recusavi3
482 1674 618 1713 neque
656 1661 768 1701 enim
807 1675 1008 1714 umquam
1045 1662 1180 1702 ullum
1216 1662 1453 1716 periculum

115 1720 283 1758 tantum
307 1718 466 1771 putavi,
499 1719 612 1771 quod
631 1720 923 1774 supterfugere
948 1720 1119 1760 mallem
1139 1735 1265 1773 quam
1291 1723 1453 1770 vestrae

115 1776 359 1817 auctoritati
391 1779 690 1830 optemperare.
751 1776 845 1817 Hoc
876 1780 1016 1817 autem
1046 1780 1236 1831 tempore
1268 1792 1334 1818 res
1366 1793 1453 1819 sese

116 1836 176 1875 sic
205 1834 346 1887 habet,
378 1837 436 1887 ut,
466 1834 549 1875 nisi
581 1835 811 1875 exercitum
842 1838 1020 1889 tantum,
1052 1839 1257 1889 quantum
1286 1836 1339 1876 ad
1368 1851 1453 1877 ma-

63 1908 96 1931 30
115 1893 279 1934 ximum
310 1892 469 1932 bellum
505 1893 674 1933 mittere
705 1893 865 1947 soletis,
903 1896 1066 1934 mature
1098 1895 1141 1934 in
1178 1894 1253 1934 has
1284 1895 1453 1947 provin-

116 1952 200 1992 cias
230 1951 449 2004 miseritis,
487 1965 698 1991 summum
735 1952 969 2005 periculum
1001 1952 1073 2006 sit,
1113 1967 1165 1993 ne
1197 1953 1452 1994 amittendae

115 2011 201 2051 sint
233 2024 376 2050 omnes
403 2023 474 2049 eae
505 2010 758 2064 provinciae,
790 2010 943 2064 quibus
969 2011 1192 2066 vectigalia
1216 2026 1254 2065 p.
1282 2010 1330 2051 R.
1359 2025 1453 2052 con-

114 2069 314 2109 tinentur.
377 2067 512 2116 Quam
545 2068 598 2108 ob
631 2082 720 2108 rem
751 2071 891 2109 autem
922 2069 967 2109 in
997 2069 1078 2110 hoc
1111 2069 1362 2123 provinciali
1394 2069 1453 2110 di-

112 2127 227 2168 lectu
269 2141 386 2180 spem
429 2126 620 2166 habeatis
664 2126 865 2180 aliquam,
909 2141 1032 2168 causa
1074 2129 1242 2168 nullast.
1303 2127 1452 2182 Neque

62 2197 96 2222 35
115 2185 241 2226 multi
278 2188 392 2238 sunt,
431 2187 471 2225 et
505 2184 750 2239 diffugiunt,
788 2186 860 2239 qui
899 2188 1012 2240 sunt,
1050 2189 1167 2227 metu
1199 2186 1361 2240 oblato3
1399 2189 1452 2241 et,

116 2244 230 2297 quod
259 2258 392 2299 genus
422 2243 503 2283 hoc
534 2243 719 2283 militum
751 2243 823 2297 sit,
854 2244 1057 2284 iudicavit
1087 2244 1153 2285 vir
1182 2244 1450 2300 fortissimus,

114 2301 170 2342 M.
202 2301 401 2356 Bibulus,
443 2301 486 2341 in
523 2300 645 2355 Asia,
686 2302 779 2355 qui,
821 2316 915 2342 cum
952 2317 1027 2343 vos
1065 2303 1103 2343 ei
1141 2303 1450 2358 permisissetis,
