1659 2552
178 85 265 127 386
684 86 1025 122 EPISTULARUM

802 228 894 270 XX.

459 308 532 344 Ser.
561 309 715 351 Romae,
742 313 783 344 ut
806 310 961 353 videtur,
987 322 1020 344 a.
1051 313 1123 345 708
1152 313 1241 354 (46).

633 390 801 425 CICERO
835 390 1007 426 SERVIO
1035 392 1068 427 S.

265 473 504 529 Asclapone
536 473 731 515 Patrensi
769 475 934 516 medico
967 478 1065 517 utor
1097 476 1382 532 familiariter,
1423 476 1530 518 eius-

176 548 257 588 que
284 548 379 575 cum
413 533 673 574 consuetudo
705 533 814 575 mihi
845 534 1029 575 iucunda
1060 536 1142 576 fuit
1174 539 1266 576 tum
1295 550 1362 577 ars
1389 536 1528 591 etiam,
1548 548 1564 573 5

177 607 304 647 quam
349 608 442 633 sum
486 595 686 646 expertus
730 592 774 633 in
818 593 1060 635 valetudine
1104 608 1315 650 meorum3
1358 594 1403 635 in
1447 609 1530 649 qua

175 652 282 692 mihi
310 666 405 693 eum
438 651 531 705 ipsa
562 651 740 692 scientia
770 654 863 693 tum
890 653 1018 693 etiam
1048 652 1254 694 fidelitate
1286 653 1529 695 benivolen-

175 711 319 764 tiaque
352 710 453 751 satis
485 710 597 766 feeit.
659 709 786 751 Hunc
817 711 952 767 igitur
982 711 1063 752 tibi
1096 712 1345 753 commendo
1371 715 1412 754 et
1438 727 1462 753 a
1486 715 1529 754 te

174 773 286 824 peto,
318 772 366 810 ut
399 769 470 809 des
502 783 687 824 operam,
727 772 775 810 ut
807 769 1029 827 intellegat
1068 770 1295 827 diligenter
1325 786 1393 812 me
1431 771 1530 812 scri

174 829 308 882 psisse
341 828 390 869 de
424 842 512 869 sese
545 842 768 883 meamque
800 829 1212 871 commendationem
1245 830 1340 871 usui
1371 845 1528 887 magno
1548 842 1582 867 10

175 887 256 928 sibi
289 887 429 928 fuisse.
492 886 590 927 Erit
621 887 667 928 id
695 887 803 928 mihi
829 888 1102 930 vehementer
1132 892 1314 945 gratum.

794 1040 907 1082 XXI.

458 1120 532 1156 Ser.
561 1121 708 1165 Romae,
736 1126 777 1156 ut
802 1123 956 1165 videtur,
981 1134 1014 1157 α.
1046 1125 1118 1157 708
1148 1125 1236 1164 (46).

636 1202 805 1238 CICERO
834 1203 1006 1239 SERVIO
1035 1204 1067 1238 S.

263 1299 319 1340 M.
352 1299 562 1341 Aemilius
593 1299 801 1340 Avianius
840 1299 892 1340 ab
934 1300 1106 1340 ineunte
1144 1299 1429 1341 adulescentia
1459 1314 1527 1342 me
1548 1311 1581 1337 15

177 1358 418 1413 opservavit
451 1372 699 1412 semperque
727 1358 893 1412 dilexit,
925 1358 991 1399 vir
1023 1372 1118 1398 oum
1151 1358 1287 1400 bonus
1318 1361 1410 1399 tum
1435 1373 1527 1413 per-

173 1417 386 1458 humanus
426 1419 468 1457 et
498 1417 543 1458 in
576 1417 692 1457 omni
729 1431 883 1472 genere
916 1416 1047 1457 officii
1080 1416 1329 1472 diligendus.
1392 1416 1527 1466 Quem

176 1476 212 1517 si
256 1476 486 1517 arbitrarer
529 1490 618 1516 esse
663 1474 843 1528 Sicyone
887 1478 930 1516 et
971 1475 1055 1515 nisi
1095 1475 1286 1516 audirem
1326 1476 1388 1517 ibi
1429 1490 1526 1518 eum

176 1535 305 1576 etiam
330 1548 453 1588 nune,
485 1534 560 1575 ubi
592 1548 672 1590 ego
698 1534 864 1588 reliqui,
897 1529 1090 1588 Cibyrae,
1122 1535 1387 1589 commorari,
1418 1535 1528 1576 nihil

178 1597 286 1634 esset
317 1607 484 1634 necesse
515 1593 640 1647 plura
670 1607 737 1633 me
770 1593 823 1633 ad
853 1595 895 1633 te
922 1593 971 1633 de
998 1607 1047 1634 eo
1073 1593 1274 1649 seribere,
1304 1594 1526 1648 perficeret
1546 1605 1580 1631 20

177 1653 290 1694 enim
328 1652 417 1707 ipse
457 1652 650 1706 profecto
692 1651 778 1692 suis
818 1651 1010 1692 moribus
1052 1666 1209 1706 suaque
1249 1652 1526 1708 humanitate,

177 1714 224 1752 ut
250 1711 340 1752 sine
360 1711 608 1765 cuiusquam
630 1710 995 1751 commendatione
1016 1710 1266 1766 diligeretur
1285 1726 1359 1766 aps
1379 1714 1422 1752 te
1440 1725 1527 1753 non

176 1771 317 1811 minus
358 1784 485 1824 quam
526 1773 567 1810 et
608 1784 631 1810 a
670 1784 738 1810 me
779 1772 821 1810 et
861 1784 885 1810 a
925 1769 1075 1811 ceteris
1107 1769 1193 1810 suis
1233 1769 1525 1812 familiaribus.

178 1828 278 1883 Sed,
311 1843 407 1870 eum
438 1828 560 1869 illum
593 1828 738 1869 abesse
769 1830 927 1883 putem,
966 1828 1214 1869 commendo
1246 1829 1327 1869 tibi
1359 1829 1403 1869 in
1440 1844 1526 1870 ma-

177 1888 311 1929 iorem
342 1887 517 1929 modum
550 1887 723 1928 domum
750 1887 850 1941 eius,
884 1901 989 1941 quae
1022 1889 1085 1928 est
1117 1886 1315 1942 Sicyone,
1352 1902 1524 1941 remque
1546 1898 1579 1924 25

176 1947 449 2001 familiarem,
486 1946 669 1987 maxime
704 1945 746 1987 C.
779 1945 1010 1986 Avianium
1040 1945 1363 1999 Hammonium,
1400 1946 1524 1986 liber—

177 2010 270 2047 tum
302 2006 411 2059 eius,
450 2019 576 2059 quem
620 2004 791 2059 quidem
830 2004 910 2045 tibi
943 2004 1071 2045 etiam
1105 2019 1180 2045 suo
1212 2005 1383 2045 nomine
1415 2019 1524 2045 com-

176 2065 341 2106 mendo
402 2063 515 2105 Nam
548 2078 643 2104 eum
674 2065 900 2118 propterea
930 2063 1038 2104 mihi
1070 2066 1133 2104 est
1163 2063 1379 2117 probatus,
1412 2063 1525 2117 quod

178 2126 241 2165 est
281 2123 325 2165 in
365 2125 594 2177 patronum
633 2136 755 2163 suum
795 2122 936 2163 officio
976 2124 1018 2163 et
1055 2122 1137 2162 fide
1170 2122 1391 2177 singulari,
1432 2125 1524 2162 tum

177 2183 306 2223 etiam
337 2182 381 2223 in
412 2196 479 2222 me
505 2181 645 2235 ipsum
671 2195 826 2236 magna
852 2180 992 2221 officia
1018 2180 1199 2222 eontulit
1222 2179 1411 2234 mihique
1437 2195 1524 2222 mo-
1545 2192 1578 2217 ³0

176 2241 416 2282 lestissimis
448 2239 713 2294 temporibus
745 2240 806 2280 ita
836 2239 1019 2280 fideliter
1044 2239 1322 2292 benivoleque
1355 2242 1523 2293 praesto

178 2300 277 2353 fuit,
310 2302 356 2340 ut
388 2299 422 2340 si
455 2314 479 2339 a
509 2313 576 2339 me
608 2298 892 2339 manumissus
925 2300 1043 2339 esset.
1104 2296 1252 2351 Itaque
1284 2300 1383 2350 peto
1416 2313 1440 2338 a
1470 2301 1524 2352 te,
