1659 2552
158 93 185 134 2
659 90 999 126 EPISTULARUM

158 201 235 229 nec
253 187 449 242 precibus
468 187 624 229 nostris
649 202 725 229 nec
745 186 1106 228 admonitionibus
1126 185 1328 240 relinquit
1346 185 1499 240 locum,

159 261 257 287 nam
296 261 390 288 cum
428 247 472 287 in
509 261 700 287 sermone
732 246 944 287 cotidiano
982 247 1074 285 tum
1106 244 1149 285 in
1180 247 1327 286 senatu
1357 244 1498 298 palam

160 306 221 347 sic
263 305 351 361 egit
395 319 562 346 causam
605 308 741 359 tuam,
786 307 833 345 ut
876 318 1012 358 neque
1056 303 1297 357 eloquentia
1338 303 1498 344 maiore

161 364 384 418 quisquam
432 378 508 405 nec
550 364 759 419 gravitate
802 377 878 403 1100
927 361 1067 403 studio
1110 376 1187 402 nec
1229 361 1498 403 contentione

161 436 284 478 agere
315 423 513 477 potuerit,
545 437 639 463 cum
671 437 835 463 summa
860 420 1156 462 testificatione
1180 422 1352 461 tuorum
1381 420 1424 460 in
1455 434 1499 461 se
1517 435 1534 462 5

161 481 400 522 officiorum
441 484 482 522 et
522 481 677 521 amoris
718 496 817 536 erga
857 482 899 520 te
939 479 1015 520 sui.
1081 478 1375 520 Marcellinum
1417 478 1499 520 tibi

161 554 249 581 esse
280 540 435 580 iratum
467 540 563 594 scis3
596 540 630 580 is
661 539 739 580 hac
771 539 887 594 regia
919 552 1042 579 causa
1072 540 1246 592 excepta
1276 537 1424 579 ceteris
1455 537 1500 578 in

161 598 287 639 rebus
313 613 355 639 se
382 599 631 639 acerrimum
657 598 720 638 tui
747 597 1008 638 defensorem
1034 597 1125 638 fore
1151 596 1345 637 ostendit.
1377 595 1500 645 Quod

163 657 250 712 dat,
282 657 536 711 accipimus,
568 657 681 711 quod
717 656 905 696 instituit
940 655 1097 697 referre
1134 655 1184 696 de
1221 655 1427 710 religione
1458 657 1500 696 et

162 730 284 770 saepe
315 716 399 756 iam
430 715 587 769 retulit,
620 715 671 755 ab
704 729 752 756 eo
786 714 933 755 deduci
964 728 1050 755 non
1079 716 1230 768 potest.
1291 713 1376 754 Res
1402 716 1498 755 ante
1518 730 1552 756 ιο

161 773 261 815 Idus
293 777 384 815 acta
409 775 469 815 sic
494 777 556 815 est
587 772 704 829 (nam
728 773 832 814 haec
854 771 1001 814 Idibus
1026 787 1149 814 mane
1174 771 1357 827 scripsi):
1389 771 1499 814 Hor-

162 833 271 874 tensi
312 836 353 874 et
392 847 486 874 mea
525 835 566 874 et
604 832 771 873 Luculli
811 832 1020 873 sententia
1059 831 1170 873 cedit
1210 831 1407 887 religioni
1448 831 1498 872 de

164 891 367 946 exercitu3
409 891 543 933 teneri
587 891 699 932 enim
739 905 805 932 res
845 891 968 932 aliter
1006 904 1093 932 non
1131 892 1289 944 potest3
1332 889 1405 931 sed
1447 904 1498 931 ex

163 951 237 991 illo
282 953 450 991 senatus
494 950 702 1004 consulto,
747 949 860 1004 quod
899 952 942 990 te
982 949 1188 990 referente
1228 949 1386 989 factum
1424 951 1498 1003 est,

162 1009 243 1050 tibi
275 1009 471 1063 decernit,
502 1011 550 1049 ut
581 1023 724 1065 regem
755 1008 939 1062 reducas,
971 1008 1084 1062 quod
1115 1007 1335 1049 commodo
1366 1007 1428 1049 rei
1457 1022 1497 1062 p.
1517 1021 1552 1049 15

163 1068 299 1108 facere
329 1068 481 1122 possis,
513 1070 562 1108 ut
593 1067 824 1109 exercitum
854 1067 1005 1122 religio
1036 1066 1178 1121 tollat,
1210 1069 1251 1107 te
1283 1068 1498 1107 auctorem

163 1128 331 1167 senatus
362 1126 551 1167 retineat.
614 1125 787 1167 Crassus
817 1126 895 1167 tris
925 1126 1088 1181 legatos
1120 1125 1306 1167 decernit
1328 1139 1406 1166 1100
1431 1138 1500 1166 ex-

163 1185 295 1226 cludit
325 1184 593 1239 Pompeium,
635 1188 774 1225 censet
806 1185 918 1226 enim
950 1185 1077 1226 etiam
1109 1199 1160 1226 ex
1190 1184 1259 1238 113,
1297 1184 1370 1238 qui
1402 1197 1497 1224 cum

163 1244 341 1298 imperio
374 1244 475 1299 sint3
513 1243 692 1284 Bibulus
729 1244 806 1284 tris
843 1244 1006 1299 legatos
1043 1257 1095 1284 ex
1130 1243 1199 1296 iis,
1238 1243 1311 1297 qui
1341 1242 1498 1297 privati

163 1306 271 1344 sunt.
341 1301 454 1343 Huic
502 1302 796 1343 adsentiuntur
843 1302 996 1356 reliqui
1046 1302 1284 1343 consulares
1331 1303 1552 1356 praeter2o

164 1360 401 1414 Servilium,
429 1361 501 1414 qui
527 1361 699 1401 omnino
725 1361 868 1401 reduci
891 1363 1019 1416 negat
1045 1363 1250 1415 oportere,
1283 1362 1325 1401 et
1348 1359 1499 1401 Volca-

163 1420 290 1474 cium,
329 1420 402 1473 qui
432 1419 553 1473 Lupo
591 1420 797 1460 referente
828 1418 1032 1473 Pompeio
1065 1419 1266 1473 decernit,
1305 1420 1346 1459 et
1376 1417 1499 1459 Afra-

161 1478 291 1532 nium,
325 1478 397 1532 qui
429 1478 664 1519 adsentitur
691 1477 904 1518 Volcacio.
967 1477 1081 1527 Quae
1112 1491 1178 1518 res
1209 1479 1336 1533 auget
1366 1477 1499 1531 suspi-

162 1537 325 1578 cionem
362 1536 538 1591 Pompei
568 1536 815 1590 voluntatis,
853 1551 951 1577 nam
989 1535 1287 1577 advertebatur
1321 1534 1498 1589 Pompei

161 1595 382 1636 familiaris
418 1595 619 1636 adsentiri
661 1594 872 1636 Volcacio.
932 1590 1171 1636 Laboratur
1211 1594 1552 1650 vehementer325

161 1654 362 1694 inclinata
406 1668 471 1695 res
515 1656 588 1695 est.
655 1653 832 1694 Libonis
876 1655 917 1694 et
959 1653 1147 1708 Hypsaei
1189 1668 1276 1694 non
1320 1653 1499 1694 obscura

162 1712 424 1754 concursatio
466 1715 507 1753 et
545 1713 758 1754 eontentio
797 1712 1070 1767 omniumque
1106 1711 1284 1766 Pompei
1321 1711 1499 1752 familia-

161 1771 272 1812 rium
308 1771 495 1812 studium
533 1771 577 1812 in
615 1786 705 1812 eam
743 1771 987 1825 opinionem
1018 1785 1106 1812 rem
1139 1771 1419 1824 adduxerunt,
1450 1772 1499 1810 ut

159 1829 387 1884 Pompeius
425 1844 576 1884 cupere
606 1829 815 1884 videatur,
855 1830 921 1870 cui
954 1830 1027 1884 qui
1057 1830 1225 1884 nolunt,
1263 1829 1374 1870 idem
1405 1827 1497 1882 tibi,

113 1918 121 1923 -
161 1889 274 1942 quod
305 1903 401 1929 011111
433 1889 609 1942 ornasti,
640 1902 726 1929 non
758 1891 855 1929 sunt
887 1889 1029 1944 amici,
1066 1903 1143 1930 nos
1174 1889 1219 1929 in
1250 1902 1373 1929 causa
1403 1899 1496 1927 auc·
1515 1899 1550 1925 so

159 1948 377 1988 toritatem
418 1961 465 1988 eo
502 1947 710 1988 minorem
746 1947 971 2002 habemus,
1013 1947 1126 2002 quod
1164 1947 1245 1988 tibi
1286 1945 1497 2000 debemus,

159 2007 341 2061 gratiam
379 2008 519 2046 autem
556 2008 746 2047 nostram
787 2006 1020 2062 exstinguit
1050 2006 1271 2047 hominum
1302 2003 1497 2058 suspicio,

161 2065 274 2117 quod
322 2063 525 2119 Pompeio
575 2079 619 2106 se
661 2064 891 2121 gratificari
939 2067 1101 2119 putant.
1170 2063 1231 2105 Ut
1278 2063 1323 2103 in
1371 2062 1497 2103 rebus

160 2123 294 2163 multo
336 2126 451 2177 ante,
494 2138 619 2177 quam
656 2124 871 2178 profectus
909 2137 971 2177 es,
1012 2123 1064 2163 ab
1105 2123 1196 2176 ipso
1234 2135 1333 2177 rege
1371 2123 1412 2162 et
1444 2120 1496 2161 ab

162 2181 322 2221 intimis
355 2196 401 2222 ac
433 2182 673 2223 domesticis
703 2181 880 2236 Pompei
912 2181 1019 2222 clam
1051 2179 1316 2234 exulceratis,
1348 2179 1497 2220 deinde
1517 2190 1550 2217 35

161 2238 299 2291 palam
337 2254 360 2279 a
398 2241 688 2281 consularibus
727 2240 951 2295 exagitatis
989 2242 1030 2280 et
1067 2239 1111 2280 in
1149 2253 1355 2279 summam
1393 2237 1498 2279 invi-

162 2297 273 2337 diam
315 2298 504 2339 adductis
544 2300 603 2340 ita
643 2313 869 2340 versamur.
931 2297 1133 2339 Nostram
1173 2297 1300 2338 fidem
1341 2310 1497 2351 omnes,
