1659 2552
155 2082 174 2111 w

204 98 292 138 ‘224
709 96 1050 132 EPISTULARUM

199 196 341 235 autem
379 208 505 248 quam
543 193 687 234 multa.
739 192 826 233 Hui
858 206 1016 246 vereor,
1049 192 1163 246 quod
1193 192 1301 234 solet
1332 194 1441 248 fieri,
1479 208 1544 248 ne,

200 267 295 293 cum
327 255 368 293 te
400 253 558 305 videro,
591 251 733 293 omnia
766 251 1002 292 obliviscar.
1054 251 1137 292 Sed
1168 253 1310 292 tamen
1342 253 1456 306 quod
1488 253 1543 294 ob

200 311 334 352 scelus
366 311 447 352 iter
478 311 584 352 mihi
616 310 896 351 necessarium
928 312 1042 351 retro
1075 309 1127 350 ad
1152 309 1275 364 Alpis
1306 325 1451 352 versus
1482 312 1543 353 in-

201 370 332 411 cidit?
381 369 501 411 Adeo
541 369 654 423 quod
691 367 895 409 Intimelii
933 368 978 409 in
1015 368 1143 409 armis
1175 371 1293 423 sunt,
1325 383 1461 424 neque
1493 370 1542 412 de

198 444 352 485 magna
384 443 516 469 causa.
579 427 811 481 Bellienus,
843 441 972 468 verna
1003 426 1211 481 Demetri,
1250 427 1323 482 qui
1355 428 1415 469 ibi
1447 443 1542 470 cum
1580 440 1596 465 ⁵

198 487 408 542 praesidio
442 489 547 541 erat,
585 486 824 527 Domitium
857 485 1083 540 quendam,
1114 485 1304 528 nobilem
1335 486 1411 542 illi,
1444 486 1543 529 Cae-

199 546 304 587 saris
341 546 570 600 hospitem,
608 560 632 586 a
670 544 882 586 contraria
917 544 1101 586 factione
1138 545 1323 586 nummis
1361 546 1543 602 acceptis

199 605 449 659 conprendit
489 607 530 645 et
567 603 867 659 strangulavit3
909 603 1056 644 civitas
1095 603 1148 644 ad
1179 618 1295 645 arma
1326 604 1395 659 iit3
1432 619 1481 646 eo
1512 605 1543 659 †

198 678 301 704 num
333 663 579 704 cohortibus
616 663 722 703 mihi
759 677 835 717 per
873 662 992 703 nives
1023 662 1208 704 eundum
1240 665 1313 704 est.
1376 662 1542 718 ‘Usque

200 723 392 776 quaque’,
424 721 581 776 inquis,
615 722 678 762 ‘se
710 721 892 762 Domitii
923 720 1032 762 male
1065 721 1193 762 dant’.
1254 720 1421 763 Vellem
1452 722 1542 778 qui·
1563 735 1595 760 1⁰

200 781 294 822 dem
338 780 502 821 Venere
551 783 786 835 prognatus
835 782 1002 821 tantum
1052 780 1183 821 animi
1230 780 1449 822 habuisset
1498 781 1542 822 in

198 842 338 880 vestro
364 838 577 892 Domitio,
610 842 816 893 quantum
846 839 1023 894 psacade
1049 841 1172 880 natus
1199 839 1244 880 in
1268 839 1350 881 hoc
1380 839 1541 882 habuit.

202 897 395 939 Ciceroni
427 899 453 939 f.
487 912 516 939 s.
551 898 586 939 d.

816 1001 930 1044 XVI.

432 1083 505 1119 Ser.
534 1084 693 1118 Intimili
720 1084 825 1118 XVI
846 1084 893 1119 K.
923 1084 1017 1118 Mai.
1050 1095 1083 1118 a.
1113 1085 1183 1118 705
1211 1085 1301 1127 (49).
1561 1086 1594 1112 15

619 1164 816 1200 CAELIUS
843 1164 1066 1200 CICERONI
1092 1164 1124 1199 S.

288 1249 567 1290 Exanimatus
598 1249 683 1290 tuis
714 1249 881 1302 litteris,
914 1249 1068 1303 quibus
1099 1252 1140 1290 te
1172 1249 1280 1290 nihil
1311 1249 1394 1290 nisi
1419 1249 1541 1291 triste

200 1309 387 1364 cogitare
425 1307 648 1349 ostendisti
684 1321 837 1361 neque,
875 1307 919 1348 id
956 1308 1058 1362 quid
1095 1311 1220 1362 esset,
1257 1308 1542 1363 perscripsisti

198 1381 334 1420 neque
366 1381 451 1408 non
482 1369 641 1420 tamen,
674 1366 796 1420 quale
829 1368 954 1420 esset,
993 1366 1106 1420 quod
1137 1366 1363 1422 cogitares,
1395 1380 1540 1421 aperu-

200 1426 282 1480 isti,
313 1425 389 1466 has
421 1425 474 1466 ad
504 1428 546 1466 te
577 1425 675 1466 ilico
706 1425 870 1465 litteras
901 1424 1061 1478 scripsi.
1099 1424 1180 1466 Per
1211 1425 1402 1466 fortunas
1434 1427 1540 1479 tuas,
1559 1438 1593 1464 20

201 1483 360 1538 Cicero,
391 1498 466 1537 per
496 1483 653 1524 liberos
685 1485 726 1524 te
759 1497 833 1524 oro
866 1485 907 1524 et
940 1483 1125 1537 obsecro,
1158 1497 1209 1525 ne
1236 1484 1339 1538 quid
1368 1484 1540 1540 gravius

201 1543 251 1584 de
282 1542 417 1583 salute
449 1544 489 1583 et
527 1542 819 1583 incolumitate
856 1544 929 1582 tua
961 1542 1170 1597 consulas3
1207 1557 1305 1583 nam
1338 1542 1436 1584 deos
1467 1542 1541 1584 ho-

200 1601 418 1655 minesque
444 1600 757 1655 amicitiamque
782 1602 971 1641 nostram
997 1601 1202 1642 testificor
1225 1615 1293 1642 me
1318 1601 1400 1642 tibi
1424 1615 1541 1656 prae-

201 1659 356 1701 dixisse
375 1674 511 1714 neque
531 1662 688 1700 temere
707 1659 933 1714 monuisse,
959 1659 1041 1714 sed,
1073 1662 1300 1714 postquam
1321 1658 1541 1701 Caesarem

200 1718 469 1760 convenerim
489 1718 825 1772 sententiamque
845 1718 945 1772 eius,
973 1718 1109 1772 qualis
1129 1719 1272 1760 futura
1292 1721 1400 1760 esset
1418 1721 1540 1773 parta
1560 1731 1592 1756 25

200 1777 395 1832 victoria,
428 1777 664 1832 cognorim,
703 1780 745 1818 te
783 1777 1005 1818 certiorem
1042 1777 1200 1818 fecisse.
1254 1775 1300 1818 Si
1325 1777 1540 1818 existimas

202 1836 376 1877 eandem
413 1836 621 1877 rationem
658 1836 748 1877 fore
787 1834 976 1877 Caesaris
1016 1836 1060 1876 in
1098 1836 1360 1877 dimittendis
1397 1835 1540 1877 adver-

201 1895 322 1935 sariis
355 1897 396 1936 et
427 1894 746 1936 condicionibus
778 1895 972 1949 ferendis,
1004 1909 1134 1950 erras,
1165 1895 1274 1936 nihil
1304 1894 1387 1935 nisi
1418 1896 1540 1935 atrox

203 1956 243 1994 et
275 1968 446 1994 saevum
478 1953 637 2009 cogitat
663 1956 789 2007 atque
815 1953 943 1994 etiam
967 1953 1174 2009 loquitur3
1206 1954 1337 1994 iratus
1375 1953 1540 1994 senatui

203 2012 317 2066 exiit,
348 2012 414 2053 his
446 2012 818 2053 intercessionibus
850 2013 974 2066 plane
1004 2012 1203 2053 incitatus
1230 2014 1309 2066 est3
1340 2025 1426 2052 non
1456 2025 1541 2052 me·
1559 2024 1592 2049 30

202 2071 392 2112 hercules
426 2071 506 2111 erit
539 2071 823 2125 deprecationi
854 2072 981 2112 locus.
1045 2070 1198 2125 Quare,
1230 2070 1265 2110 si
1296 2069 1378 2110 tibi
1408 2072 1474 2124 tu,
1505 2069 1540 2111 si

202 2129 314 2170 filius
346 2129 504 2183 unicus,
536 2130 572 2170 si
605 2130 765 2184 domus,
797 2129 832 2170 si
858 2144 950 2184 spes
976 2132 1072 2170 tuae
1098 2129 1283 2183 reliquae
1314 2128 1395 2169 tibi
1422 2142 1540 2170 carae

202 2190 316 2242 sunt,
357 2188 392 2228 si
433 2188 595 2242 aliquid
634 2188 746 2242 apud
782 2191 823 2229 te
860 2202 954 2242 nos,
995 2188 1031 2229 si
1068 2188 1133 2228 vir
1170 2187 1372 2242 optimus,
1411 2201 1541 2243 gener

202 2248 310 2300 tuus,
343 2247 540 2300 valemus,
577 2261 757 2301 quorum
788 2247 1003 2288 fortunam
1034 2260 1119 2287 non
1151 2246 1275 2287 debes
1306 2245 1413 2286 velle
1446 2259 1540 2286 con-

203 2304 384 2359 turbare,
417 2308 463 2346 ut
491 2320 581 2346 eam
608 2319 786 2359 causam,
813 2306 855 2346 in
882 2305 1032 2359 quoius
1058 2304 1234 2346 victoria
1260 2304 1371 2346 salus
1396 2306 1540 2345 nostra
1559 2314 1593 2340 35
