1659 2552
126 1447 145 1476 [Θ

167 104 253 146 216
668 103 1007 139 EPISTULARUM

169 199 430 255 Cornelium,
469 202 510 241 et
547 199 633 241 scio
672 214 767 240 eum
806 201 1001 253 questum
1040 212 1128 239 esse
1167 212 1262 239 cum
1301 197 1509 252 Scipione.

169 258 356 300 Calidius
387 259 431 299 in
464 258 704 299 defensione
737 273 811 299 sua
848 258 930 298 fuit
963 257 1281 311 disertissimus,
1320 257 1362 298 in
1394 271 1511 298 accu-

167 318 329 359 satione
362 317 463 359 satis
495 317 687 373 frigidus.

815 467 863 509 X.

347 549 420 584 Ser.
447 549 584 584 Romae
611 548 747 583 XIIII
768 548 815 582 K.
842 548 1052 583 Decembres
1077 560 1111 583 α.
1139 550 1210 583 703
1237 551 1330 592 (51).

588 629 787 664 CAELHJS
814 628 1038 665 CICERON1
1065 629 1097 665 S.

259 727 366 769 Sane
394 741 520 781 quam
537 726 701 767 >litteris
729 725 771 767 C.
795 725 911 767 Cassi
943 728 984 767 et
1009 725 1201 767 Deiotari
1233 740 1378 767 sumus
1403 740 1514 768 com-

168 787 297 841 moti3
337 800 435 826 nam
477 784 645 826 Cassius
686 785 744 825 cis
784 784 1034 839 Euphraten
1075 785 1216 839 copias
1256 784 1513 826 Parthorum

171 860 258 886 esse
290 844 476 899 scripsit,
516 843 744 885 Deiotarus
775 844 986 898 profectas
1016 858 1093 898 per
1125 842 1438 900 Commagenen
1469 844 1513 885 in

169 904 432 959 provinciam
456 905 656 944 nostram.
719 902 813 958 Ego
840 902 1010 957 quidem
1040 903 1314 957 praecipuum
1339 905 1512 957 metum,

172 963 285 1017 quod
310 962 363 1003 ad
387 965 428 1003 te
455 962 676 1016 attinebat,
707 961 850 1016 habui,
883 962 956 1016 qui
987 961 1149 1016 scirem,
1185 976 1311 1016 quam
1341 964 1514 1016 paratus

172 1022 223 1062 ab
257 1021 443 1062 exercitu
477 1035 597 1075 esses,
628 1035 680 1061 ne
713 1021 827 1075 quod
857 1020 927 1061 hic
957 1021 1166 1061 tumultus
1193 1020 1392 1076 dignitati
1417 1023 1514 1061 tuae

171 1080 407 1135 periculum
440 1080 641 1134 adferret3
677 1094 777 1120 nam
809 1079 858 1120 de
890 1079 996 1134 vita,
1028 1079 1063 1121 si
1093 1080 1283 1133 paratior
1314 1079 1366 1120 ab
1400 1093 1515 1121 exer-

172 1140 258 1180 citu
297 1154 423 1193 esses,
463 1138 721 1193 timuissem3
761 1152 873 1179 nunc
909 1138 1013 1179 haec
1050 1138 1260 1194 exiguitas
1297 1138 1514 1193 copiarum

171 1212 398 1252 recessum,
434 1212 520 1237 non
559 1197 874 1238 dimicationem
911 1197 1019 1238 mihi
1055 1200 1173 1238 tuam
1208 1196 1512 1253 praesagiebat.

171 1256 266 1298 Hoc
304 1271 386 1310 quo
424 1256 551 1297 modo
590 1256 828 1310 acciperent
864 1255 1074 1310 homines,
1117 1270 1242 1310 quam
1279 1255 1514 1310 probabilis

171 1315 397 1356 necessitas
428 1315 572 1355 futura
604 1317 723 1368 esset,
754 1328 903 1355 vereor
934 1313 1062 1355 etiam
1093 1328 1205 1355 nunc
1229 1329 1365 1368 neque
1395 1314 1515 1368 prius

173 1374 360 1415 desinam
392 1373 638 1428 formidare,
677 1387 803 1427 quam
834 1372 1025 1428 tetigisse
1057 1376 1099 1413 te
1129 1372 1297 1413 Italiam
1329 1373 1513 1414 audiero.

175 1432 258 1474 Sed
289 1432 338 1473 de
363 1431 621 1473 Parthorum
652 1431 834 1472 transitu
865 1431 1006 1472 nuntii
1031 1431 1171 1472 varios
1202 1445 1416 1472 sermones
1447 1446 1515 1473 ex-

174 1491 375 1545 citarunt3
417 1490 523 1531 alius
562 1490 674 1531 enim
710 1489 962 1544 Pompeium
1002 1490 1276 1544 mittendum,
1317 1490 1424 1531 alius
1461 1490 1514 1531 ab

173 1550 277 1591 urbe
301 1549 553 1603 Pompeium
577 1563 663 1590 non
689 1549 1002 1603 removendum,
1034 1549 1140 1589 alius
1174 1548 1394 1590 Caesarem
1421 1563 1516 1590 cum

173 1623 248 1650 suo
287 1608 492 1662 exercitu,
531 1608 637 1648 alius
675 1607 884 1661 consules,
921 1622 1046 1648 nemo
1083 1611 1226 1648 tamen
1258 1622 1309 1649 ex
1346 1610 1516 1649 senatus

174 1667 366 1709 consulto
398 1666 598 1721 privatos.
662 1665 864 1707 Consules
897 1669 1058 1720 autem,
1091 1666 1191 1720 quia
1221 1669 1432 1721 verentur,
1462 1681 1516 1707 ne

174 1725 281 1767 illud
323 1728 492 1766 senatus
537 1725 776 1766 consultum
819 1725 893 1765 fiat
904 1759 913 1778 ,
957 1728 1004 1765 ut
1041 1725 1232 1779 paludati
1263 1728 1430 1780 exeant,
1475 1727 1517 1766 et

173 1784 476 1826 contumeliose
502 1786 669 1838 praeter
694 1798 764 1824 eos
790 1783 843 1824 ad
862 1783 992 1824 alium
1018 1798 1083 1825 res
1108 1784 1398 1838 transferatur,
1431 1798 1515 1825 om-

172 1844 274 1884 nino
306 1846 498 1884 senatum
529 1842 677 1883 haberi
708 1842 877 1896 nolunt,
918 1857 1050 1896 usque
1082 1857 1131 1884 eo
1163 1845 1211 1883 ut
1242 1857 1392 1897 parum
1425 1842 1516 1883 dili—

172 1905 320 1958 gentes
369 1902 412 1942 in
463 1916 507 1942 re
556 1901 727 1956 publica
769 1901 1009 1949 xideantun
1059 1901 1132 1942 sed
1179 1901 1372 1955 honeste,
1427 1901 1515 1942 sive

174 1961 443 2017 neglegentia
486 1960 573 2001 sive
623 1960 817 2001 inertiast
860 1960 947 2001 sive
991 1960 1083 2013 ille,
1133 1974 1258 2014 quem
1300 1959 1515 2014 proposui,

174 2023 329 2073 metus,
361 2019 465 2060 latet
497 2019 574 2060 sub
606 2019 686 2059 hac
716 2018 1020 2073 temperantiae
1053 1994 1365 2059 existimatione
1401 2018 1515 2059 nolle

174 2078 447 2133 provinciam.

262 2136 301 2177 A
332 2140 373 2177 te
405 2137 570 2177 litterae
602 2151 687 2177 non
713 2138 930 2190 venerunt,
962 2138 1014 2189 et,
1046 2135 1128 2176 nisi
1153 2134 1345 2175 Deiotari
1375 2134 1516 2176 subse-

175 2198 294 2236 cutae
326 2198 475 2249 essent,
508 2195 551 2235 in
584 2210 675 2236 eam
702 2195 944 2249 opinionem
973 2193 1140 2235 Cassius
1171 2193 1377 2247 veniebat,
1410 2207 1515 2247 quae

177 2253 418 2307 diripuisset
444 2254 544 2307 ipse,
576 2256 623 2294 ut
649 2253 893 2294 viderentur
917 2253 970 2293 ab
996 2253 1119 2293 hoste
1144 2254 1318 2305 vastata,
1343 2252 1515 2293 finxisse

175 2311 333 2352 bellum
355 2315 395 2353 et
409 2311 572 2352 Arabas
592 2312 635 2352 in
656 2311 917 2366 provinciam
938 2311 1146 2352 inmisisse
1167 2324 1319 2364 eosque
1334 2310 1515 2352 Parthos

1533 915 1566 940 10

1535 1208 1568 1234 15

1534 1503 1570 1528 20

1536 1795 1569 1821 25

1535 2089 1570 2114 30
