1659 2552
590 82 732 116 LIBER
757 82 843 116 XIII
868 85 1017 116 39—43.
1386 81 1469 123 401

126 181 290 220 menter
336 179 464 220 etiam
508 181 635 232 atque
679 178 806 218 etiam
843 179 960 232 petO,
1004 178 1052 217 ut
1089 190 1154 231 ea,
1199 192 1303 231 quae
1349 177 1472 218 initio

129 238 365 291 ostendisti,
398 237 594 292 deinceps
625 236 776 290 fecisti,
808 236 861 276 ad
886 236 1048 276 exitum
1080 236 1227 291 augeri
1258 238 1299 276 et
1332 250 1474 277 cumu-

126 296 207 338 lari
232 311 308 352 per
333 299 374 337 te
400 296 515 336 velis.
565 294 616 336 Id
648 297 689 336 et
714 294 893 335 Lucceio
927 296 968 335 et
997 293 1202 348 Pompeio
1234 294 1355 335 valde
1381 310 1474 350 gra-

127 358 219 396 tum
251 356 341 396 fore
374 357 500 409 teque
526 357 628 408 aput
655 368 726 394 eos
756 353 970 408 praeclare
1000 353 1241 408 positurum
1267 354 1472 394 confirmo

91 425 107 451 5
128 417 170 455 et
201 414 399 468 spondeo.

215 473 279 513 De
305 487 349 513 re
374 488 413 526 p.
435 471 568 526 deque
588 471 655 511 his
674 470 859 526 negotiis
880 469 1296 526 cogitationibusque
1314 471 1473 511 nostris

126 531 453 586 perscripseram
485 530 537 571 ad
569 533 609 570 te
643 529 868 585 diligenter
904 529 1049 583 paucis
1081 532 1176 570 ante
1208 529 1356 570 diebus
1389 544 1474 570 eas-

128 605 208 645 que
239 590 404 631 litteras
438 589 633 630 dederam
664 588 807 642 pueris
838 588 934 653 tuis.
995 587 1113 628 Vale.

733 714 862 757 XLII.

76 807 107 832 1ο
128 798 202 834 Ser.
229 798 366 833 Romae
391 801 474 832 ante
499 809 532 831 α.
555 799 629 831 696
652 799 731 840 (53)
758 808 833 832 non
857 797 970 831 mollis
990 797 1168 831 mensibus
1187 801 1271 832 ante
1290 808 1343 842 ep.
1366 797 1473 832 XLI.

328 879 376 915 M.
405 878 574 914 CICERO
602 877 636 912 S.
662 878 705 913 D.
731 877 770 912 L.
799 877 1045 912 CULLEOLO
1073 877 1266 913 PROCOS

215 974 261 1015 L.
293 974 514 1028 Lucceius,
552 988 670 1014 meus
708 973 946 1028 familiaris,
984 973 1113 1014 homo
1153 974 1343 1014 omnium
1380 989 1472 1029 gra-
1502 988 1517 1017 1

127 1034 329 1088 tissimus,
360 1033 561 1073 mirificas
599 1032 680 1072 tibi
718 1032 831 1086 apud
860 1047 927 1073 me
959 1032 1118 1088 gratias
1150 1033 1254 1088 egit,
1287 1046 1383 1073 cum
1415 1033 1474 1073 di-

129 1095 241 1133 celet
285 1092 427 1133 omnia
463 1093 505 1132 te
543 1091 875 1131 cumulatissime
913 1093 954 1131 et
959 1067 1285 1131 Uliberalissime
1325 1106 1474 1145 procu-

76 1163 109 1189 15
130 1151 343 1192 ratoribus
381 1150 468 1191 suis
507 1150 748 1204 pollicitum
786 1163 884 1190 esse.
949 1149 1055 1190 Cum
1097 1150 1232 1190 oratio
1272 1152 1345 1190 tua
1385 1152 1473 1190 tam

130 1210 168 1250 ei
193 1212 315 1265 grata
339 1208 478 1263 fuerIt,
511 1223 638 1262 quam
662 1210 828 1263 gratam
854 1223 943 1248 rem
968 1208 1104 1262 ipsam
1130 1208 1346 1249 existimas
1371 1209 1473 1262 fore,

130 1282 236 1322 cum,
262 1270 311 1309 ut
330 1282 465 1322 spero,
492 1281 597 1321 quae
616 1267 834 1321 pollicitus
854 1281 908 1321 es,
934 1266 1099 1307 feceris!
1133 1265 1316 1308 Omnino
1337 1270 1474 1308 osten-

131 1327 281 1367 derunt
312 1326 531 1367 Bulliones
573 1340 661 1366 sese
696 1325 877 1366 Lucceio
915 1325 1092 1380 Pompei
1130 1326 1339 1366 arbitratu
1371 1326 1474 1366 satis

128 1386 333 1440 facturos3
371 1385 443 1426 sed
480 1386 696 1425 vementer
733 1398 838 1438 opus
870 1386 933 1424 est
969 1384 1094 1425 nobis
1131 1387 1173 1424 et
1209 1384 1473 1425 voluntatem
1499 1396 1519 1426 2

80 1457 114 1482 20
134 1446 175 1485 et
207 1444 503 1485 auctoritatem
542 1445 583 1483 et
618 1443 845 1496 imperium
877 1445 998 1483 tuum
1031 1443 1243 1498 accedere,
1281 1443 1395 1496 quod
1427 1446 1474 1483 ut

130 1502 271 1557 facias,
302 1505 344 1543 te
370 1502 498 1543 etiam
531 1504 656 1555 atque
686 1502 813 1542 etiam
846 1516 961 1556 rogo.
1023 1500 1218 1555 Illudque
1249 1502 1357 1542 mihi
1381 1517 1474 1557 gra-

130 1561 342 1601 tissimum
374 1563 453 1614 est,
492 1561 606 1614 quod
636 1560 697 1600 ita
728 1560 866 1600 sciunt
896 1560 1049 1601 Luccei
1079 1562 1392 1614 procuratores,
1433 1562 1475 1601 et

131 1619 191 1659 ita
221 1619 424 1660 Lucceius
454 1619 544 1672 ipse
577 1633 627 1659 ex
657 1618 813 1659 litteris
843 1618 940 1672 tuis,
973 1633 1076 1672 quas
1103 1619 1156 1659 ad
1181 1633 1277 1659 eum
1308 1618 1474 1672 misisti,

131 1677 359 1731 intellexit,
401 1677 587 1717 hominis
630 1677 788 1716 nullius
832 1679 935 1730 aput
977 1680 1019 1717 te
1065 1678 1361 1717 auctoritatem
1403 1679 1475 1717 aut

79 1749 112 1773 25
131 1736 314 1791 gratiam
339 1735 478 1775 valere
508 1735 604 1788 plus
637 1748 763 1789 quam
794 1749 942 1776 meam.
1004 1734 1054 1775 Id
1080 1738 1126 1775 ut
1152 1750 1196 1775 re
1223 1736 1475 1789 experiatur,

133 1795 288 1835 iterum
321 1796 362 1834 et
393 1793 559 1847 saepius
590 1795 632 1833 te
664 1806 781 1848 rogo.

731 1919 882 1961 XLIII.

132 2002 206 2037 Ser.
227 2001 364 2036 Romae
383 2005 466 2036 ante
484 2012 518 2035 a.
538 2003 611 2035 696
632 2002 712 2042 (53)
732 2011 807 2034 ‘non
825 2001 938 2035 nullis
956 2001 1136 2035 mensibus
1154 2004 1238 2035 ante
1257 2011 1309 2045 ep.
1328 1999 1475 2035 XLIV.

473 2081 522 2117 M.
550 2080 717 2116 CICERO
747 2080 944 2122 QVINTIO
972 2080 1139 2115 GALLO.

81 2179 115 2205 30
222 2166 316 2207 Etsi
347 2165 543 2220 plurimis
568 2164 693 2205 rebus
720 2178 842 2217 spero
869 2164 959 2205 fore
986 2167 1033 2205 ut
1064 2164 1328 2219 perspiciam,
1362 2164 1476 2218 quod
1503 2176 1522 2207 1

134 2227 276 2265 tamen
306 2225 391 2265 iam
421 2224 586 2278 pridem
617 2223 838 2277 perspicio,
870 2237 937 2263 me
970 2237 993 2263 a
1024 2225 1065 2263 te
1098 2223 1246 2275 amari,
1279 2225 1421 2263 tamen
1446 2224 1476 2277 †

134 2297 228 2324 mea
248 2297 371 2324 causa
389 2283 470 2323 tibi
493 2282 626 2336 datur,
652 2281 696 2321 111
717 2295 799 2335 qua
824 2281 946 2322 facile
968 2281 1177 2322 declarare
1204 2281 1340 2335 possis
1359 2284 1478 2322 tuam

207 2356 359 2383 Ciceronis
379 2356 466 2388 epist.
485 2357 508 2381 Ι,
1220 2353 1263 2383 26
