1659 2552
188 99 279 140 202
691 99 1031 132 Ems'rULAnUM

188 194 311 235 mode
342 194 537 249 persequi
570 193 744 247 possint,
777 196 817 232 et
851 207 976 246 quem
1009 193 1061 232 ad
1092 192 1266 233 modum
1293 195 1432 234 actum
1465 192 1532 249 sit,

188 256 230 293 et
257 267 362 307 quae
389 253 645 293 existimatio
679 254 820 292 secuta
852 265 1042 305 quaeque
1069 251 1118 292 de
1145 265 1194 292 eo
1221 266 1314 306 spes
1340 252 1406 306 sit,
1440 251 1531 292 dili-

187 314 338 367 genter
368 311 449 351 tibi
481 311 799 365 perscribemus.
868 309 921 350 Ut
953 324 1065 350 1111116
1097 312 1180 364 est,
1211 310 1328 350 nulla
1358 325 1531 365 magno-

187 385 286 423 pere
319 370 575 424 exspectatio
608 372 680 409 est.
742 368 853 408 Nam
886 371 927 408 et
958 368 1021 408 illi
1054 383 1244 410 rumores
1271 369 1321 410 de
1347 369 1530 410 comitiis

188 428 584 483 Transpadanorum
628 426 856 468 Cumarum
900 430 1022 467 tenus
1067 427 1306 481 caluerunt,
1349 427 1531 469 Romam
1568 440 1584 465 5

189 502 283 528 cum
316 487 540 541 venissem,
578 501 629 527 ne
661 485 952 526 tenuissimam
985 485 1156 539 quidem
1188 486 1448 527 auditionem
1481 486 1530 528 de

189 560 236 586 ea
273 561 316 586 re
355 545 512 600 accepi,
556 547 771 599 praeterea
808 544 1051 599 Marcellus,
1093 545 1206 599 quod
1247 545 1383 586 adhuc
1423 545 1531 586 nihil

188 605 354 645 rettulit
393 605 441 645 de
481 603 740 644 successione
781 603 1096 656 provinciarum
1137 602 1370 644 Galliarum
1408 606 1449 644 et
1487 604 1530 645 in

188 662 238 703 K.
271 662 379 717 Iun,
418 666 463 703 ut
500 662 606 702 mihi
644 662 732 715 ipse
773 662 896 716 dixit,
935 676 1026 702 eam
1065 662 1231 703 distulit
1269 662 1530 718 relationem,

188 736 285 762 sane
319 736 443 775 quam
476 736 546 761 eos
578 734 791 761 sermones
824 721 1041 774 expressit,
1075 721 1147 775 qui
1175 721 1224 762 de
1251 735 1299 762 eo
1325 724 1418 762 tum
1444 721 1530 762 fue-
1551 734 1584 759 10

142 795 148 802 ·
189 784 299 830 rant,
333 794 427 820 611111
460 779 619 820 Romae
651 793 728 820 nos
761 793 955 820 essemus.
1017 779 1082 820 Tu
1113 780 1149 820 si
1179 779 1452 834 Pompeium,
1483 782 1531 821 ut

187 839 373 892 volebas,
414 838 644 891 offendisti,
683 837 755 892 qui
792 837 874 878 tibi
905 838 1019 879 visus
1057 838 1113 879 sit
1144 841 1185 879 et
1218 853 1344 893 quam
1377 838 1530 880 oratio-

187 912 282 937 nem
323 897 519 937 habuerit
563 900 702 937 tecum
743 911 953 951 quamque
995 897 1226 938 ostenderit
1266 897 1530 938 voluntatem

188 956 313 1010 (solet
346 956 457 996 enim
489 955 605 996 aliud.
636 955 792 996 sentire
818 958 859 996 et
885 955 1003 1009 loqui
1034 970 1171 1010 neque
1197 957 1364 997 tantum
1389 956 1529 997 valere

187 1014 375 1069 ingenio,
408 1018 455 1055 ut
486 1029 572 1055 non
604 1017 820 1068 appareat,
854 1014 956 1068 quid
988 1014 1166 1071 cupiat),
1204 1015 1270 1055 fac
1301 1014 1406 1056 mihi
1439 1029 1530 1069 per·
1551 1026 1584 1051 15

139 1102 146 1108 -
187 1073 355 1113 scribas.
419 1072 541 1122 Quod
573 1073 625 1113 ad
657 1072 889 1127 Caesarem,
922 1073 1058 1114 crebri
1085 1076 1126 1114 et
1151 1088 1237 1114 non
1269 1073 1371 1114 belli
1404 1073 1454 1114 de
1480 1087 1529 1114 eo

186 1146 394 1186 rumoreS,
438 1132 511 1172 sed
551 1134 836 1172 susurratores
878 1131 1098 1173 dumtaxat
1146 1132 1332 1173 veniunt.
1406 1131 1530 1173 Alius

186 1190 372 1244 equitem
412 1190 661 1244 perdidisse,
713 1190 843 1244 quod,
889 1190 1057 1245 opinor,
1102 1194 1214 1232 certe
1255 1192 1414 1231 factum
1455 1193 1529 1245 est,

187 1249 293 1289 alius
325 1250 548 1302 septimam
579 1249 791 1304 legionem
822 1249 1052 1303 vapulasse,
1085 1249 1224 1303 ipsum
1256 1249 1368 1304 apud
1392 1248 1530 1290 Bello-

186 1322 310 1348 vacos
354 1307 649 1348 circumsederi
699 1307 974 1348 interclusum
1017 1308 1069 1348 ab
1114 1308 1278 1362 reliquo
1324 1308 1528 1362 exercitu3
1550 1320 1583 1344 20

185 1380 321 1419 neque
359 1366 495 1406 adhuc
533 1366 636 1406 certi
674 1366 900 1419 quicquam
933 1368 1015 1420 est,
1056 1381 1191 1420 neque
1229 1366 1331 1407 haec
1369 1367 1529 1407 incerta

185 1427 327 1464 tamen
352 1424 481 1479 vulgo
508 1424 728 1477 iactantur,
761 1424 833 1465 sed
859 1424 970 1465 inter
994 1439 1161 1479 paucos,
1194 1439 1299 1479 quos
1331 1427 1378 1465 tu
1403 1424 1528 1479 nosti,

184 1483 324 1537 palam
357 1485 517 1523 secreto
549 1485 791 1537 narrantur3
829 1486 881 1523 at*
903 1482 1136 1537 Domitius,
1169 1498 1264 1524 cum
1296 1498 1444 1524 manus
1477 1483 1530 1524 ad

185 1556 231 1582 os
263 1542 469 1595 apposuit.
532 1541 590 1581 Te
623 1556 656 1581 a.
690 1541 725 1581 d.
758 1553 858 1581 vnn
890 1541 939 1582 K.
971 1540 1062 1582 Iun.
1095 1542 1360 1583 subrostrani
1395 1540 1529 1598 (quod

185 1600 357 1640 illorum
389 1600 517 1654 capiti
549 1598 646 1655 siu)
689 1599 942 1653 dissiparant
974 1601 1143 1654 perisse.
1205 1600 1323 1642 Urbe
1356 1615 1403 1641 ac
1434 1601 1528 1642 foro
1549 1613 1582 1638 25

184 1661 276 1699 toto
314 1659 524 1699 maximus
562 1673 707 1699 rumor
744 1659 826 1699 fuit
857 1662 898 1699 te
931 1674 954 1699 a
986 1658 1031 1708 Q.
1064 1658 1269 1713 Pompeio
1302 1659 1346 1700 in
1377 1659 1528 1701 itinere

184 1717 378 1758 occisum.
441 1716 548 1772 Ego,
581 1717 653 1771 qui
685 1717 836 1758 scirem
869 1717 914 1766 Q.
941 1717 1193 1772 Pompeium
1220 1718 1364 1759 Baulis
1390 1719 1420 1772 †
1446 1732 1528 1759 em-

184 1775 446 1817 baeneticam
478 1778 613 1816 facere
646 1778 687 1816 et
720 1790 851 1830 usque
884 1791 950 1830 eo,
982 1779 1030 1817 ut
1062 1791 1141 1832 ego
1173 1777 1396 1818 misererer
1427 1777 1527 1831 eius,

183 1835 361 1888 esurire,
394 1849 478 1875 non
511 1849 604 1875 sum
636 1837 872 1875 commotus
905 1838 963 1889 et,
995 1835 1077 1876 1106
1107 1835 1344 1890 mendacio,
1377 1835 1412 1876 si
1445 1850 1527 1889 qua

181 1893 369 1947 peric-ula
411 1893 492 1933 tibi
537 1893 832 1947 inpenderent,
884 1896 930 1934 ut
975 1893 1320 1950 defungeremur,
1371 1893 1525 1948 optavi.
1547 1905 1580 1931 30

181 1951 361 1992 Plancus
399 1951 569 2006 quidem
606 1954 703 1992 tuus
737 1951 1004 1993 Ravennaest
1039 1955 1081 1993 et
1115 1967 1270 2008 magno
1309 1952 1525 2007 congiario

182 2010 360 2051 donatus
393 2026 415 2050 a
449 2010 623 2051 Caesare
654 2024 731 2051 nec
763 2010 910 2051 beatus
942 2025 1019 2051 nec
1050 2011 1156 2052 bene
1189 2012 1420 2052 instructus
1452 2013 1524 2052 est.

180 2068 261 2109 Tui
293 2069 458 2123 politici
490 2069 590 2110 libri
624 2069 821 2110 omnibus
853 2069 1011 2125 vigent.
