1659 2552
215 101 303 142 430
718 100 1061 135 EPISTULARUM

218 197 251 237 si
286 210 352 237 res
378 211 402 237 a
426 196 550 237 nobis
583 195 752 249 abisset,
784 196 929 236 liberti
961 195 1097 236 nostri
1130 199 1280 250 essent,
1312 196 1347 237 si
1374 196 1565 250 optinere

216 255 474 310 potuissent3
513 255 578 296 sin
616 255 669 295 ad
706 269 784 295 nos
821 255 1100 309 pertinerent,
1139 255 1347 296 servirent
1382 259 1566 310 praeter-

218 329 346 369 quam
378 313 535 368 oppido
567 313 701 367 pauci.
760 312 842 354 Sed
873 313 976 354 haec
1007 314 1173 354 minora
1204 317 1313 355 sunt.

307 372 371 413 Tu
398 372 511 427 quod
536 387 603 413 me
629 372 825 426 hortaris,
858 375 906 413 ut
932 373 1073 413 animo
1100 372 1180 413 sim
1205 387 1361 429 magno
1381 375 1423 414 et
1448 387 1565 428 spem

217 432 398 473 habeam
436 431 744 485 recuperandae
784 431 950 486 salutis,
989 431 1032 472 id
1063 431 1192 472 velim
1230 432 1286 473 sit
1317 432 1407 473 eius
1437 432 1565 487 modj,
1603 443 1620 470 5

219 494 267 531 ut
304 493 416 531 recte
455 505 622 544 sperare
660 490 882 544 possimus.
943 490 1069 532 Nunc
1106 490 1235 531 miser
1266 491 1434 545 quando
1472 493 1567 532 tuas

219 550 304 590 iam
329 550 493 590 litteras
519 549 753 603 accipiam?
786 549 880 603 quis
912 549 965 589 ad
995 564 1062 590 me
1094 550 1310 603 perferet?
1342 549 1454 599 Quas
1486 564 1565 606 ego

220 611 527 662 exspectassem
552 607 772 661 Brundisi,
805 608 840 648 si
867 611 975 649 esset
1000 608 1166 649 licitum
1197 623 1274 663 per
1298 611 1460 663 nautas,
1493 609 1566 663 qui

219 670 517 722 tempestatem
547 667 886 721 praetermittere
919 667 1158 708 noluerunt.
1201 666 1324 716 Quod
1355 668 1566 722 reliquum

220 729 294 780 est,
327 728 517 767 sustenta
547 728 606 780 te,
643 741 738 767 mea
768 725 983 780 Terentia,
1021 729 1068 767 ut
1106 729 1227 780 potes
1258 726 1565 768 honestissime.
1587 740 1620 765 ιο

220 785 436 840 Viximus,
473 785 714 840 floruimus3
755 799 841 826 non
879 785 1032 826 vitium
1069 788 1281 840 nostrum,
1323 785 1396 827 sed
1431 786 1568 827 virtus

219 847 365 885 nostra
402 859 480 885 nos
517 844 701 899 adflixit3
744 847 964 898 peccatum
1003 847 1065 885 est
1101 844 1288 899 nullum,
1330 844 1412 886 nisi
1454 844 1568 899 quod

219 918 306 944 non
337 918 421 944 una
459 903 643 944 animam
676 917 772 944 cum
805 903 1064 944 ornamentis
1102 904 1330 944 amisimus.
1394 902 1494 958 Sed,
1532 903 1567 944 si

219 962 302 1003 hoc
343 962 426 1003 fuit
468 962 616 1003 liberis
659 962 817 1003 nostris
859 962 1044 1018 gratius,
1092 977 1170 1003 nos
1214 963 1375 1017 vivere,
1419 964 1568 1017 cetera,

221 1036 478 1076 quamquam
521 1021 694 1062 ferenda
737 1035 823 1062 non
867 1024 983 1076 sunt,
1027 1021 1222 1062 feramus.
1289 1020 1432 1076 Atque
1476 1035 1568 1077 ego,
1588 1034 1620 1059 15

187 1093 192 1101 ·
223 1081 294 1135 qui
315 1083 356 1122 te
378 1081 595 1134 confirmo,
626 1080 716 1133 ipse
741 1094 809 1122 me
828 1094 914 1121 non
939 1095 1123 1134 possum.
1176 1079 1373 1121 Clodium
1398 1079 1567 1121 Philhe-

221 1142 402 1193 taerum,
445 1139 558 1193 quod
590 1139 831 1180 valetudine
870 1139 1089 1180 oculorum
1127 1139 1456 1194 impediebatur,
1495 1138 1568 1180 ho-

222 1199 379 1239 minem
406 1198 585 1253 fidelem,
617 1198 772 1239 remisi.
836 1197 1046 1239 Salustius
1073 1198 1214 1239 officio
1246 1198 1379 1239 vincit
1411 1212 1567 1239 omnes.

221 1257 477 1298 Pescennius
503 1260 566 1298 est
597 1257 897 1311 perbenivolus
923 1257 1064 1311 nobis,
1097 1271 1222 1310 quem
1254 1271 1419 1311 semper
1445 1270 1567 1311 spero

221 1317 284 1357 tui
322 1317 413 1357 fore
452 1316 758 1356 observantem.
822 1315 941 1356 Sicca
982 1316 1146 1356 dixerat
1183 1330 1226 1356 se
1263 1330 1428 1356 mecum
1465 1316 1568 1370 fore,
1588 1329 1622 1353 ⁴20
1658 1359 1659 1362 Ἴ

222 1375 295 1416 sed
331 1375 560 1415 Brundisio
600 1374 800 1415 discessit.
865 1373 992 1428 Cura,
1031 1374 1145 1428 quod
1175 1377 1314 1428 potes,
1352 1376 1399 1414 ut
1430 1374 1569 1415 valeas

222 1436 264 1474 et
284 1434 343 1474 sic
363 1433 590 1485 existimes,
621 1448 688 1474 me
714 1433 1006 1474 vehementius
1031 1435 1104 1472 tua
1129 1433 1299 1473 miseria
1325 1447 1451 1486 quam
1476 1447 1569 1474 mea

223 1492 491 1533 commoveri.
542 1492 637 1532 Mea
656 1491 865 1545 Terentia,
891 1491 1095 1531 fidissima
1117 1494 1242 1545 atque
1264 1492 1425 1546 optima
1450 1506 1569 1545 uxor,

222 1554 263 1592 et
294 1565 388 1592 mea
415 1551 630 1591 carissima
663 1550 795 1591 filiola
828 1553 869 1590 et
901 1565 995 1604 spes
1028 1550 1190 1604 reliqua
1221 1553 1378 1605 nostra,
1411 1549 1570 1605 Cicero,

222 1610 369 1651 valete.
430 1609 498 1650 Pr.
531 1608 581 1649 K.
614 1608 712 1649 Mai.
746 1608 985 1650 Brundisio.
1590 1620 1624 1646 ‘25

871 1761 922 1803 V.

359 1842 431 1878 Ser.
458 1843 613 1877 Athenis
638 1854 671 1877 a.
699 1843 731 1877 d.
761 1842 888 1876 XVII
909 1842 956 1877 K.
983 1842 1151 1877 Novemb.
1180 1855 1212 1877 α.
1243 1845 1312 1877 704
1339 1844 1429 1885 (50).

496 1923 696 1958 TULLIUS
727 1923 760 1958 S.
787 1924 829 1959 D.
857 1923 1133 1958 TERENTIAE
1161 1923 1293 1959 SUAE.

314 2019 358 2060 Si
390 2022 438 2061 tu
470 2023 512 2061 et
543 2020 700 2074 Tullia,
732 2020 806 2061 lux
837 2023 1000 2073 nostra,
1031 2020 1198 2074 valetis,
1231 2034 1308 2075 ego
1341 2021 1383 2059 et
1414 2019 1570 2060 suavis-

225 2079 356 2120 simus
395 2078 542 2120 Cicero
580 2079 779 2120 valemus.
852 2078 919 2119 Pr.
957 2077 1058 2119 Idus
1096 2077 1185 2119 Oct.
1223 2077 1412 2119 Athenas
1455 2078 1568 2118 veni-
1588 2091 1622 2115 30

224 2152 330 2191 mus,
363 2152 458 2178 cum
490 2152 587 2179 sane
615 2138 800 2178 adversis
826 2138 963 2178 ventis
989 2137 1054 2178 usi
1084 2151 1268 2178 essemus
1299 2135 1501 2190 tardeque
1528 2139 1569 2177 et

225 2196 490 2237 incommode
528 2197 854 2251 navigassemus.
917 2195 980 2237 De
1018 2210 1123 2237 nave
1161 2194 1412 2236 exeuntibus
1444 2195 1570 2235 nobis

225 2255 409 2296 Acustus
442 2270 537 2296 cum
568 2255 723 2296 litteris
760 2257 928 2309 praesto
967 2254 1049 2295 fuit
1080 2268 1164 2295 uno
1197 2256 1238 2294 et
1270 2253 1469 2294 vicesimo
1503 2253 1568 2304 die

227 2329 323 2355 sane
357 2317 534 2355 strenue.
598 2314 753 2368 Accepi
785 2317 880 2354 tuas
910 2313 1086 2367 litteras,
1120 2312 1272 2366 quibus
1306 2311 1494 2353 intellexi
1527 2315 1568 2352 te
