1659 2552
590 107 733 141 LIBER
757 107 790 141 Π
817 109 964 141 10—12.
1390 104 1444 144 41

113 219 291 259 causam,
323 204 437 258 quod
466 204 644 244 mirifice
676 218 768 244 sum
800 202 1018 255 sollicitus,
1051 200 1252 254 quidnam
1279 200 1328 241 de
1354 214 1449 255 pro-

112 263 262 304 vinciis
294 263 550 304 decernatur.
612 262 770 303 Mirum
800 275 867 302 me
899 259 1153 301 desiderium
1178 261 1293 300 tenet
1319 259 1448 314 urbis,

113 322 358 363 incredibile
389 336 580 362 meorum
612 323 737 375 atque
763 320 806 360 in
830 319 980 374 primis
1005 318 1080 373 tui,
1112 318 1282 358 satietas
1308 320 1448 359 autem

112 381 365 436 provinciae,
396 380 463 421 vel
495 380 593 433 quia
624 380 816 420 videmur
846 393 938 419 eam
963 378 1120 418 famam
1145 377 1370 431 consecuti,
1401 379 1449 417 ut

79 452 198 481 ⁵non
234 442 321 480 tam
359 439 538 480 accessio
578 438 814 493 quaerenda
850 451 976 491 quam
1013 436 1185 477 fortuna
1224 435 1450 476 metuenda

113 499 185 553 sit,
216 498 283 539 vel
314 498 413 552 quia
442 500 581 538 totum
612 496 831 552 negotium
861 510 947 537 non
979 497 1041 535 est
1080 494 1256 550 dignum
1287 494 1450 535 viribus

112 556 289 611 nostris,
330 556 403 611 qui
444 556 606 596 maiora
644 570 770 596 onera
807 555 851 595 in
888 569 932 595 re
968 553 1140 608 publica
1171 553 1377 594 sustinere
1409 555 1450 594 et

112 615 271 670 possim
303 618 344 656 et
375 615 550 669 soleam,
590 615 657 655 vel
695 614 794 668 quia
825 613 926 654 belli
956 612 1101 668 magni
1131 612 1261 653 timor
1292 612 1451 666 impen-

114 675 202 729 det,
244 673 358 728 quod
387 674 580 715 videmur
617 674 821 728 effugere,
862 672 897 712 si
935 671 989 711 ad
1027 671 1301 712 constitutam
1340 671 1450 711 diem

62 746 95 770 10
115 732 371 774 decedemus.
902 771 910 782 ,

201 791 265 832 De
305 791 522 845 pantheris
561 805 636 844 per
677 805 767 844 eos,
812 789 884 843 qui
924 788 1068 829 venari
1109 788 1267 842 solent,
1309 788 1451 844 agitur

114 850 315 891 mandatu
345 864 440 890 meo
473 849 715 905 diligenter-3
748 848 820 889 sed
850 848 958 888 mira
983 847 1172 901 paucitas
1198 849 1272 901 est,
1304 849 1346 887 et
1371 862 1451 901 eas,

115 923 221 963 quae
252 911 362 963 sunt,
392 908 512 949 valde
544 908 662 948 aiunt
694 907 824 962 queri,
857 907 971 960 quod
998 905 1106 946 nihil
1132 905 1328 959 cuiquam
1353 905 1452 946 insi-

116 968 279 1008 diarum
310 967 354 1007 in
384 981 478 1008 mea
507 966 725 1021 provincia
755 965 837 1006 nisi
869 965 950 1005 sibi
981 966 1065 1005 fiat.
1126 963 1274 1018 Itaque
1300 964 1452 1005 consti-

63 1038 96 1062 15
115 1026 245 1067 tuisse
271 1025 468 1067 dicuntur
492 1026 535 1066 in
557 1024 723 1066 Cariam
749 1040 800 1065 ex
824 1026 969 1065 nostra
999 1023 1217 1077 provincia
1244 1023 1450 1064 decedere.

116 1083 198 1125 Sed
234 1087 375 1125 tamen
414 1084 558 1125 sedulo
597 1085 646 1124 fit
683 1086 724 1124 et
761 1084 805 1123 in
843 1083 992 1137 primis
1030 1097 1053 1122 a
1089 1081 1268 1122 Patisco.
1331 1081 1452 1131 Quic-

116 1143 219 1197 quid
249 1143 340 1197 erit,
372 1143 453 1184 tibi
479 1143 576 1197 erit,
609 1143 692 1196 sed,
725 1142 827 1196 quid
852 1144 971 1195 esset,
1002 1141 1127 1194 plane
1152 1140 1452 1181 nesciebamus.

115 1201 224 1242 Mihi
262 1202 500 1242 mehercule
537 1216 715 1257 magnae
753 1215 875 1241 curae
908 1202 970 1240 est
1011 1199 1201 1239 aedilitas
1232 1202 1322 1254 tua3
1363 1199 1452 1253 ipse

117 1260 204 1301 dies
235 1275 301 1301 me
333 1260 603 1315 admonebat3
640 1259 789 1314 scripsi
827 1258 939 1299 enim
974 1258 1078 1299 haec
1109 1257 1211 1311 ipsis
1241 1257 1453 1313 Megalen-

64 1330 98 1356 20
117 1319 242 1359 sibus.
305 1318 368 1359 Tu
408 1319 535 1360 velim
573 1318 626 1359 ad
663 1332 730 1359 me
770 1318 819 1358 de
858 1316 973 1358 omni
1014 1316 1074 1357 rei
1114 1315 1308 1370 publicae
1340 1319 1453 1357 statu

117 1392 242 1431 quam
275 1377 596 1432 diligentissime
626 1376 878 1431 perscribas3
911 1390 958 1417 ea
984 1375 1096 1416 enim
1122 1375 1356 1416 certissima
1379 1389 1454 1430 pu-

115 1436 228 1490 tabo,
260 1450 366 1490 quae
398 1450 449 1477 ex
479 1439 521 1476 te
553 1448 750 1491 cognoro.

118 1666 194 1702 Ser.
221 1668 262 1701 in
281 1668 408 1702 castris
432 1668 474 1701 in
493 1667 624 1702 Cilicia
645 1668 760 1711 paulo
785 1671 868 1701 ante
902 1667 959 1701 VI
981 1666 1028 1701 K.
1061 1667 1184 1712 Quint.
1211 1679 1234 1701 α
1261 1669 1333 1701 704
1361 1668 1453 1710 (50).

66 1750 98 1776 25
200 1747 249 1782 M.
277 1747 444 1782 CICERO
475 1748 570 1783 IMP.
599 1748 632 1782 S.
658 1748 701 1783 D.
727 1748 775 1782 M.
804 1747 973 1783 CAELIO
1000 1747 1163 1781 AEDILI
1188 1747 1372 1782 CURULI.

207 1841 423 1883 Sollicitus
461 1842 655 1895 equidem
686 1857 800 1883 eram
832 1843 882 1883 de
913 1843 1039 1884 rebus
1070 1843 1261 1897 urbanis3
1301 1842 1362 1899 ita
1391 1843 1455 1882 tu—

118 1901 354 1942 multuosae
386 1900 619 1954 contiones,
657 1901 716 1940 ita
745 1901 947 1942 molestae
980 1901 1268 1955 Quinquatrus
1300 1900 1457 1940 adfere-

119 1959 274 2000 bantur
299 1959 415 2015 (nam
442 1958 637 1999 citeriora
661 1959 849 1999 nondum
875 1958 1186 2014 audiebamus),
1218 1958 1291 1999 sed
1315 1960 1457 1998 tamen

118 2017 227 2059 m'hil
256 2032 324 2059 me
355 2017 491 2073 magis
529 2017 785 2057 sollicitabat
817 2031 943 2071 quam
974 2018 1018 2057 in
1050 2018 1102 2057 iis
1132 2017 1340 2058 molestiis
1371 2030 1457 2056 non

67 2088 100 2113 30
118 2091 203 2129 me,
241 2077 275 2117 si
308 2091 413 2131 quae
445 2076 619 2116 ridenda
650 2077 804 2128 essent,
846 2075 981 2116 ridere
1018 2078 1177 2129 tecum3
1215 2077 1313 2115 sunt
1345 2075 1457 2115 enim

117 2135 262 2189 multa,
295 2136 367 2176 sed
398 2150 445 2176 ea
476 2149 561 2175 non
593 2134 724 2174 audeo
757 2133 949 2174 scribere.
1010 2132 1123 2174 Illud
1147 2133 1323 2174 moleste
1354 2133 1456 2188 fero,

117 2192 226 2234 nihil
264 2207 331 2234 me
372 2193 508 2234 adhuc
547 2193 614 2233 his
652 2192 701 2232 de
741 2192 866 2232 rebus
904 2191 1060 2233 habere
1097 2194 1267 2232 tuarum
1297 2191 1457 2232 littera-

117 2266 222 2292 rum·
285 2250 434 2306 Quare,
460 2252 550 2306 etsi,
577 2266 671 2292 cum
696 2252 743 2291 tu
769 2250 872 2290 haec
896 2250 1022 2306 leges,
1055 2265 1134 2306 ego
1160 2251 1244 2291 iam
1270 2264 1456 2291 annuum

118 2323 271 2351 munus
303 2311 538 2365 confecero,
580 2313 721 2351 tamen
759 2308 907 2350 obviae
944 2309 1050 2349 mihi
1082 2309 1210 2350 velim
1243 2308 1328 2349 sint
1358 2311 1456 2350 tuae
