1659 2552
671 80 813 114 LissER
838 79 869 114 x
897 83 927 124 τ,
954 84 985 114 s.
1412 81 1494 121 267

163 176 300 217 siones
338 175 390 216 ad
428 175 722 230 opitulandum
760 175 976 229 haberem,
1007 175 1245 229 expeditius
1278 176 1356 215 iter
1389 190 1497 216 com-

162 235 302 275 munis
334 235 481 275 salutis
513 250 638 288 quam
670 248 786 275 meae
818 234 953 274 laudis
979 248 1066 275 esse
1092 234 1217 274 volui.
1268 233 1377 274 Nam
1405 235 1498 288 quis

163 293 206 333 in
238 308 286 334 ea
317 295 503 345 fortuna,
543 308 647 347 quae
679 308 771 333 mea
803 295 882 345 est,
920 295 961 333 et
992 293 1044 334 ab
1077 306 1125 333 ea
1156 293 1258 346 vita,
1297 308 1422 346 quam
1455 294 1497 333 in

162 367 228 392 me
255 352 468 407 cognitam
499 352 744 393 hominibus
769 352 964 405 arbitror,
996 354 1037 392 et
1063 365 1157 391 cum
1184 366 1231 392 ea
1257 366 1340 405 spe,
1373 366 1498 405 quam

127 410 205 451 5in
244 411 439 451 inanibus
475 411 628 461 habeo,
669 413 742 451 aut
778 410 994 451 sordidum
1036 410 1261 463 quicquam
1301 410 1389 463 pati
1427 413 1498 450 aut

161 469 444 522 perniciosum
465 470 756 523 concupiscere
779 470 946 523 potest?
979 468 1061 509 Sed
1086 469 1350 522 aliquantum
1375 468 1498 508 nobis
1525 483 1544 513 3

161 529 365 582 temporis
403 531 443 569 et
484 529 626 583 magni
665 528 830 568 labores
869 530 910 568 et
946 527 1104 568 multae
1142 527 1355 581 impensae
1394 541 1498 580 opus

161 588 343 640 fuerunt,
375 589 433 640 ut,
466 602 571 640 quae
597 587 656 627 rei
683 602 720 640 p.
743 586 948 639 bonisque
969 586 1165 626 omnibus
1190 586 1498 640 polliceremur,

161 645 277 685 exitu
321 648 627 699 praestaremus
671 660 805 698 neque
849 645 900 685 ad
944 645 1148 685 auxilium
1191 644 1352 698 patriae
1396 644 1497 684 nudi

109 710 142 734 10
162 717 256 743 cum
282 703 393 744 bona
418 704 646 757 voluntate,
679 704 749 744 sed
776 718 870 744 cum
895 703 1168 744 facultatibus
1197 703 1496 743 accederemus.

162 760 484 803 Confirmandus
516 765 605 803 erat
636 762 844 802 exercitus
874 762 998 802 nobis
1032 762 1197 817 magnis
1228 776 1350 815 saepe
1381 775 1498 815 prae-

160 820 257 861 miis
298 821 569 874 sollicitatus,
610 823 657 861 ut
695 821 746 861 ab
785 835 828 861 re
866 821 1078 874 p.'p0tius
1117 820 1334 861 moderata
1370 835 1496 874 quam

161 879 213 919 ab
241 894 324 920 uno
357 880 522 920 infinita
555 882 757 933 speraret3
790 879 1099 920 confirmandae
1131 879 1367 932 complures
1399 878 1496 919 civi-

160 940 287 991 tates,
329 952 434 992 quae
475 938 689 991 superiore
730 952 839 978 anno
880 937 1180 993 largitionibus
1221 937 1496 978 concessioni-

109 1003 140 1027 15
161 996 322 1049 busque
362 997 647 1050 praemiorum
687 999 806 1037 erant
846 996 1074 1051 obligatae,
1115 999 1162 1036 ut
1202 999 1243 1037 et
1281 996 1353 1036 illa
1389 1011 1496 1036 vana

158 1058 358 1108 putarent
400 1059 441 1096 et
483 1055 627 1096 eadem
671 1070 693 1095 a
735 1055 983 1095 melioribus
1025 1055 1268 1095 auctoribus
1316 1055 1496 1108 petenda

160 1114 467 1168 existimarent3
511 1114 738 1154 eliciendae
781 1114 908 1154 etiam
946 1113 1185 1154 voluntates
1224 1113 1496 1167 reliquorum,

160 1172 231 1225 qui
264 1172 457 1213 finitimis
494 1172 724 1226 provinciis
755 1172 1092 1225 exercitibusque
1127 1172 1415 1225 praefuerunt,
1448 1175 1495 1212 ut

158 1231 300 1284 potius
333 1245 427 1271 cum
464 1231 658 1284 pluribus
695 1231 938 1271 societatem
972 1230 1254 1271 defendendae
1284 1230 1495 1271 libertatis

108 1296 140 1320 20
159 1289 362 1330 iniremus
400 1304 525 1343 quam
565 1304 659 1330 cum
700 1289 970 1343 paucioribus
1000 1289 1210 1329 funestam
1243 1289 1336 1329 orbi
1367 1292 1495 1329 terra-

159 1362 252 1388 rum
278 1348 499 1388 victoriam
530 1348 795 1401 partiremur.
839 1347 1059 1388 Muniendi
1090 1362 1189 1388 vero
1221 1350 1387 1388 nosmet
1413 1348 1493 1401 ipsi
1520 1358 1541 1388 4

159 1406 316 1447 fuimus
341 1410 464 1447 aucto
491 1407 677 1447 exercitu
703 1406 954 1460 auxiliisque
979 1406 1284 1460 multiplicatis,
1309 1409 1367 1459 ut,
1400 1420 1495 1446 cum

158 1466 464 1518 praeferremus
495 1480 640 1506 sensus
672 1468 831 1519 aperte,
863 1468 955 1505 tum
987 1465 1115 1506 etiam
1146 1465 1292 1505 invitis
1324 1464 1495 1518 quibus-

160 1523 255 1564 dam
286 1524 395 1577 sciri,
427 1524 529 1577 quid
560 1524 771 1564 defensuri
802 1538 1002 1577 essemus,
1034 1538 1120 1564 non
1151 1526 1259 1564 esset
1290 1523 1496 1577 periculo-

108 1590 140 1614 25
161 1596 263 1622 sum.
307 1581 372 1622 Ita
395 1597 625 1636 numquam
646 1582 862 1623 diffitebor
886 1582 1021 1622 multa
1045 1597 1123 1636 1116,
1149 1585 1195 1622 ut
1221 1582 1274 1622 ad
1299 1582 1495 1622 effectum

159 1640 312 1680 horum
351 1641 623 1681 consiliorum
660 1641 941 1694 pervenirem,
979 1643 1020 1681 et
1058 1641 1276 1681 simulasse
1313 1640 1495 1681 invitum

159 1702 199 1739 et
233 1698 514 1739 dissimulasse
547 1714 641 1739 cum
675 1699 834 1753 dolore,
874 1699 1003 1753 quod,
1040 1701 1308 1753 praematura
1340 1699 1496 1739 denun-

158 1757 280 1797 tiatio
321 1757 421 1797 boni
463 1757 565 1798 civis
605 1757 802 1811 imparati
843 1772 969 1810 quam
1006 1758 1242 1811 periculosa
1279 1759 1403 1811 esset,
1445 1772 1496 1797 ex

160 1830 256 1855 casu
289 1815 486 1870 conlegae
518 1815 723 1856 videbam.
786 1815 878 1864 Quo
910 1816 1080 1856 nomine
1111 1816 1239 1856 etiam
1273 1815 1314 1856 C.
1335 1815 1494 1856 Furnio
1521 1826 1541 1856 5

106 1874 316 1929 301egato7
360 1874 452 1914 viro
493 1874 595 1914 forti
635 1877 760 1927 atque
801 1877 990 1928 strenuo,
1034 1874 1155 1928 plura
1195 1874 1323 1914 etiam
1364 1874 1494 1914 verbo

160 1947 286 1986 quam
329 1932 537 1986 scriptura
578 1933 776 1972 mandata
820 1932 1029 1986 dedimus,
1073 1935 1120 1972 ut
1163 1935 1204 1972 et
1247 1932 1400 1972 tectius
1444 1932 1496 1972 ad

159 2005 234 2031 vos
264 1991 571 2044 perferrentur,
612 1994 653 2031 et
684 2005 761 2031 nos
793 2005 976 2031 essemus
1016 1991 1215 2045 tutiores,
1258 1991 1495 2048 quibusque

160 2049 284 2090 rebus
310 2052 351 2090 et
377 2063 642 2090 communem
667 2049 845 2089 salutem
870 2049 1027 2089 muniri
1053 2051 1094 2089 et
1118 2063 1196 2090 nos
1221 2049 1375 2089 armari
1402 2063 1496 2089 con—

160 2108 338 2161 veniret,
378 2108 677 2162 praecepimus.
739 2107 805 2147 Ex
838 2122 921 2161 quo
953 2107 1144 2163 intellegi
1181 2110 1321 2161 potest
1353 2122 1496 2148 curam

107 2175 141 2200 35
161 2167 220 2207 rei
251 2181 289 2220 p.
323 2181 509 2207 summae
543 2166 830 2206 defendundae
862 2166 946 2206 iam
982 2166 1146 2220 pridem
1178 2166 1290 2220 apud
1320 2180 1397 2206 nos
1430 2180 1496 2206 ex-

161 2225 323 2265 cubare.

246 2282 382 2337 Nunc,
422 2297 516 2324 cum
558 2282 681 2323 deum
713 2282 975 2337 benignitate
1016 2283 1068 2323 ab
1112 2283 1227 2323 omni
1267 2297 1311 2323 re
1353 2297 1496 2323 sumus
1524 2294 1576 2333 6,
