1659 2552
182 90 267 133 208
689 89 1030 124 EPISTULARUM

183 186 498 241 perscriberem.
562 184 670 227 Sane
711 189 928 239 tamquam
965 185 1010 225 in
1052 183 1236 238 quodam
1283 183 1402 226 incili
1446 184 1531 225 iam

185 246 327 287 omnia
363 245 653 286 adhaeserunt.
715 244 940 284 Marcellus
979 243 1091 284 idem
1129 242 1236 284 illud
1275 243 1325 284 de
1362 243 1532 298 provin-

185 304 260 345 ciis
292 307 416 359 urget
440 318 577 358 neque
597 303 733 343 adhuc
752 302 1037 356 frequentiam
1064 304 1234 343 senatus
1261 302 1428 343 efficere
1459 316 1532 357 po-

185 363 280 404 tuit.
329 362 425 404 Hoc
461 363 495 403 si
528 362 757 417 praeterito
791 375 900 401 anno
934 360 1063 402 Curio
1094 360 1293 401 tribunus
1331 361 1429 415 erit,
1466 375 1531 402 ea-

187 422 282 463 dem
319 422 429 462 actio
469 421 518 462 de
555 421 784 475 provinciis
823 419 1032 460 introibit.
1094 418 1230 468 Quam
1267 419 1390 461 facile
1421 433 1533 460 nunc
1569 431 1587 457 5

185 481 242 521 sit
268 481 410 521 omnia
435 480 636 534 inpedire,
669 482 709 520 et
737 493 862 533 quam
888 478 970 519 hoc
997 477 1177 532 Caesari,
1209 478 1282 532 qui
1308 492 1383 519 sua
1409 491 1532 519 causa

187 554 276 580 rem
307 554 345 593 p.
378 553 462 579 non
496 541 659 592 curent,
692 539 721 592 †
753 539 934 592 superet,
966 551 1052 578 non
1082 539 1125 578 te
1156 536 1279 578 fallit.

824 687 897 730 VI.

400 770 473 805 Ser.
502 751 638 805 Romae
663 775 746 805 ante
779 781 832 805 θα).
861 781 905 804 m.
936 769 1042 804 Febr.
1069 781 1102 804 α.
1131 771 1201 803 704
1229 771 1320 812 (50).

607 851 805 886 CAELIUS
833 849 1057 885 CICERONI
1085 849 1118 885 S.
1554 856 1587 880 ιο

278 947 377 989 Non
419 947 585 1002 dubito,
631 947 733 1001 quin
770 947 981 1001 perlatum
1023 946 1076 986 ad
1111 948 1153 986 te
1191 945 1247 986 sit
1283 944 1472 1000 Appium
1510 960 1534 987 a

191 1007 414 1048 Dolabella
445 1021 564 1047 reum
599 1006 758 1047 factum
784 1020 882 1046 sane
910 1020 1036 1060 quam
1067 1019 1153 1046 non
1185 1019 1244 1059 ea,
1277 1019 1360 1059 qua
1391 1004 1534 1046 existi-

190 1080 421 1119 maveram,
454 1065 632 1119 invidia3
664 1079 800 1119 neque
833 1064 946 1105 enim
977 1063 1106 1105 stulte
1137 1062 1320 1118 Appius,
1359 1063 1449 1118 qui,
1480 1063 1534 1104 si-

189 1124 407 1178 mulatque
439 1123 662 1165 Dolabella
700 1124 874 1164 accessit
906 1123 959 1164 ad
988 1122 1196 1177 tribunal,
1234 1122 1459 1164 introierat
1488 1122 1533 1163 in

191 1183 339 1224 urbem
365 1182 657 1237 triumphique
688 1182 1020 1236 postulationem
1045 1181 1272 1236 abiecerat3
1305 1195 1388 1235 quo
1419 1181 1533 1222 facto
1553 1194 1587 1219 15

192 1241 370 1283 rettudit
407 1255 621 1282 sermones
657 1241 929 1295 paratiorque
966 1240 1081 1281 visus
1120 1243 1199 1294 est,
1238 1254 1365 1294 quam
1396 1253 1534 1294 spera-

191 1303 309 1341 verat
341 1303 568 1340 accusator.
630 1298 671 1340 Is
702 1314 815 1340 nunc
846 1299 890 1339 in
921 1302 962 1340 te
993 1298 1223 1339 maximam
1249 1313 1367 1352 spem
1392 1297 1532 1339 habet.

193 1358 290 1400 Scio
322 1358 403 1399 tibi
429 1373 525 1399 eum
549 1372 635 1399 non
662 1372 750 1399 esse
777 1358 892 1412 odio,
924 1372 1050 1412 quam
1076 1357 1181 1398 velis
1207 1371 1302 1397 eum
1331 1357 1533 1413 obligare,

193 1418 236 1457 in
268 1420 341 1457 tua
372 1431 499 1457 manu
532 1419 604 1457 est.
669 1415 775 1457 Cum
808 1430 891 1470 quo
922 1417 960 1457 si
990 1416 1183 1456 simultas
1208 1415 1290 1456 tibi
1314 1429 1401 1456 non
1432 1415 1532 1456 fuis-

191 1478 272 1529 set,
309 1475 484 1516 liberius
523 1475 603 1515 tibi
642 1474 691 1515 de
729 1478 821 1516 tota
852 1489 895 1517 re
935 1478 1059 1529 esset,
1097 1488 1225 1528 nunc,
1264 1474 1299 1515 si
1331 1473 1384 1514 ad
1415 1473 1533 1515 illam
1553 1487 1586 1512 20

193 1549 401 1574 summam
432 1534 654 1574 veritatem
685 1533 926 1589 legitimum
958 1533 1023 1574 ius
1055 1533 1262 1588 exegeris,
1301 1533 1532 1574 cavendum

191 1593 272 1633 tibi
305 1593 402 1648 erit,
433 1607 485 1633 ne
516 1607 666 1646 parum
698 1592 948 1646 simpliciter
973 1595 1014 1633 et
1041 1591 1214 1632 candide
1239 1591 1430 1646 posuisse
1455 1591 1533 1632 ini-

191 1651 374 1692 micitias
411 1651 602 1691 videaris.
663 1649 713 1691 In
752 1651 861 1691 hanc
900 1653 1063 1705 partem
1104 1664 1232 1704 porro
1273 1653 1414 1691 tutum
1451 1650 1533 1691 tibi

192 1710 273 1751 erit
316 1711 351 1750 si
389 1710 491 1763 quid
528 1709 712 1750 volueris
749 1709 999 1765 gratificari,
1039 1723 1163 1750 nemo
1203 1709 1314 1750 enim
1357 1709 1534 1750 necessi-

192 1769 338 1809 tudine
371 1771 412 1809 et
444 1768 631 1808 amicitia
662 1771 704 1809 te
737 1768 987 1809 deterritum
1014 1768 1065 1809 ab
1093 1768 1235 1809 officio
1263 1768 1383 1809 dicet.
1553 1780 1586 1805 25

289 1826 401 1867 Illud
426 1827 532 1867 mihi
553 1827 748 1880 occurrit,
777 1827 890 1881 quod
909 1827 1020 1868 inter
1038 1826 1369 1881 postulationem
1395 1829 1436 1867 et
1460 1840 1533 1867 no-

147 1920 164 1928 „
191 1886 318 1926 minis
340 1885 594 1926 delationem
626 1900 734 1927 uxor
759 1900 782 1926 a
808 1885 1031 1927 Dolabella
1051 1885 1252 1927 discessit.
1296 1884 1407 1934 Quid
1426 1884 1533 1925 mihi

193 1945 408 1985 discedens
428 1944 652 1998 mandaris,
672 1945 865 1999 memini,
892 1945 995 1999 quid
1014 1959 1092 2001 ego
1113 1944 1194 1985 tibi
1213 1943 1465 1998 scripserim,
1490 1945 1532 1984 te

192 2018 276 2044 non
303 2003 489 2044 arbitror
514 2003 706 2044 oblitum.
768 2003 810 2044 N
813 2018 867 2044 on
893 2006 956 2044 est
981 2003 1065 2044 iam
1097 2006 1263 2057 tempus
1294 2002 1416 2056 plura
1440 2016 1533 2042 nar-

193 2062 330 2116 randi,
362 2076 494 2102 unum
525 2062 632 2102 illud
662 2076 834 2103 monere
866 2065 907 2103 te
939 2076 1129 2116 possum,
1166 2061 1201 2102 si
1239 2075 1303 2101 res
1335 2060 1415 2101 tibi
1447 2074 1532 2101 non
1553 2073 1587 2098 30

194 2120 445 2174 displicebit,
477 2124 618 2161 tamen
649 2120 730 2161 hoc
767 2124 957 2175 tempore
989 2120 1098 2161 nihil
1130 2119 1179 2161 de
1209 2122 1283 2160 tua
1314 2119 1532 2160 voluntate

194 2179 387 2219 ostendas
427 2182 467 2220 et
506 2182 737 2233 exspectes,
776 2193 901 2233 quem
933 2179 986 2219 ad
1016 2178 1189 2219 modum
1221 2180 1342 2218 exeat
1373 2192 1425 2219 ex
1454 2177 1534 2218 hac

194 2251 326 2277 causa.
382 2238 411 2290 -ξ-
438 2237 630 2292 Denique
651 2237 909 2279 invidiosum
927 2237 1008 2278 tibi
1027 2237 1094 2291 sit,
1119 2236 1155 2277 si
1175 2235 1381 2277 emanarit
1405 2250 1533 2290 porro

194 2295 448 2350 significatio
486 2296 572 2337 ulla
610 2296 862 2350 intercessit,
904 2296 1074 2350 clarius,
1115 2309 1241 2350 quam
1281 2295 1424 2336 deceat
1461 2297 1534 2336 aut
