1659 2552
593 57 736 92 LIBER
761 57 847 92 XIII
873 61 928 102 18,
957 61 1010 92 19.
1392 58 1478 100 385

132 151 206 194 sed
237 167 285 194 ea
317 167 439 193 causa
471 152 598 193 etiam
631 168 727 194 cum
758 153 852 194 aliis
879 153 1180 207 compluribus,
1213 154 1478 195 familiaritas

131 214 250 252 tanta
281 212 399 252 nullo
432 225 527 252 cum
559 212 738 266 hospite,
771 214 812 253 et
838 226 885 253 ea
911 227 1006 253 cum
1033 212 1185 265 officiis
1218 213 1306 253 eius
1332 214 1478 254 multis

131 273 224 311 tum
268 271 395 311 etiam
441 271 742 311 consuetudine
787 271 998 312 cotidiana
1039 271 1099 311 310
1139 273 1201 312 est
1245 274 1387 326 aucta,
1431 275 1479 312 ut

132 329 241 370 nihil
273 329 328 370 sit
360 329 648 370 familiaritate
680 331 825 370 nostra
857 330 1133 371 coniunctius.
1194 328 1236 370 Is
1269 344 1364 371 cum
1395 330 1478 371 Ro-

98 401 225 429 5mae
257 402 414 428 annum
451 402 583 442 prope
620 388 680 429 ita
711 388 876 443 fuisset,
914 391 962 429 ut
992 402 1158 429 mecum
1189 389 1367 443 viveret,
1400 390 1479 430 etsi

133 461 298 488 eramus
331 447 374 487 111
405 461 559 502 magna
591 461 663 500 spe
701 449 742 488 te
773 448 878 488 meis
909 447 1065 488 litteris
1097 447 1479 488 commendatione—

133 520 213 559 que
253 505 576 561 diligentissime
614 507 825 547 facturum
866 506 926 561 id,
966 506 1080 560 quod
1116 507 1271 561 fecisti,
1310 510 1357 547 ut
1389 506 1479 547 eius

133 578 222 604 rem
248 566 289 604 et
315 564 507 605 fortunas
539 565 724 618 apsentis
750 567 926 619 tuerere,
958 567 1112 619 tamen,
1145 565 1259 619 quod
1284 565 1327 605 in
1354 565 1479 606 unius

132 625 342 677 potestate
375 625 494 663 erant
527 623 686 677 omnia,
724 626 765 664 et
798 624 911 678 quod
942 623 1055 677 Lyso
1087 625 1226 665 fuerat
1256 624 1301 664 111
1332 627 1479 665 nostra

82 694 114 719 ιο
134 695 258 722 031133
288 682 528 735 nostrisque
560 682 799 736 praesidiis,
833 682 986 723 cotidie
1019 683 1181 737 aliquid
1211 683 1477 724 timebamus.

133 739 345 781 Effectum
371 743 513 781 tamen
546 743 608 781 est
641 743 681 781 et
714 741 846 795 ipsius
878 741 1100 796 splendore
1133 744 1174 782 et
1204 744 1351 783 nostro
1384 742 1479 782 reli-

134 814 399 854 quorumque
431 799 649 853 hospitum
681 800 833 854 studio,
866 803 912 840 ut
940 799 1092 854 omnia,
1125 815 1231 854 quae
1262 800 1478 854 vellemus,

134 873 157 899 a
184 857 360 899 Caesare
392 858 732 912 impetrarentur,
765 858 879 913 quod
910 859 1131 915 intelleges
1157 874 1207 899 ex
1233 859 1285 899 iis
1310 859 1478 913 litteriS,

134 931 238 971 quas
280 916 432 958 Caesar
472 917 523 957 ad
564 919 604 957 te
647 917 771 957 dedit.
832 917 959 958 Nunc
1001 932 1087 958 non
1129 918 1256 958 modo
1294 932 1380 959 non
1417 932 1478 958 re-

82 987 116 1012 15
133 976 344 1016 mittimus
382 975 463 1016 tibi
500 975 662 1030 aliquid
693 990 744 1016 ex
783 979 928 1016 nostra
960 976 1325 1017 commendatione
1357 977 1477 1030 quasi

135 1034 277 1088 adepti
314 1034 398 1075 iam
431 1035 588 1088 omnia,
629 1034 702 1075 sed
733 1049 782 1075 00
813 1035 1104 1075 vehementius
1136 1050 1159 1075 a
1190 1038 1231 1076 te
1264 1035 1478 1076 contendi-

134 1107 248 1146 mus,
292 1096 340 1133 ut
378 1092 591 1145 Lysonem
632 1093 676 1133 in
715 1093 843 1134 fidem
881 1094 1319 1147 necessitudinemque
1360 1096 1478 1134 tuam

134 1152 329 1206 recipias,
362 1151 479 1192 cuius
512 1151 639 1192 dubia
670 1152 842 1192 fortuna
866 1152 1058 1193 timidius
1083 1155 1223 1193 tecum
1249 1152 1478 1208 agebamus

134 1213 343 1264 verentes,
380 1225 433 1251 ne
472 1210 574 1264 quid
611 1210 817 1251 accideret
854 1211 944 1251 eius
975 1211 1108 1265 modi,
1146 1213 1194 1251 ut
1224 1226 1276 1251 ne
1308 1214 1356 1251 tu
1389 1211 1478 1265 qui-

82 1281 116 1306 20
136 1269 230 1310 (10111
267 1269 426 1309 mederi
462 1283 623 1323 posses,
665 1269 884 1322 explorata
920 1284 1019 1311 vero
1060 1270 1148 1311 eius
1185 1270 1478 1310 incolumitate

136 1327 279 1369 omnia
310 1342 333 1368 a
364 1330 405 1368 te
437 1328 467 1381 ἢ·
499 1327 638 1368 studia
670 1342 835 1369 summo
869 1342 967 1369 cura
998 1331 1109 1382 peto.
1172 1328 1287 1377 Quae
1318 1343 1371 1369 ne
1397 1329 1479 1369 sin-

134 1386 235 1443 gula
266 1400 518 1440 enumerem,
553 1388 688 1427 totam
720 1386 800 1427 tibi
833 1387 1005 1428 domum
1038 1387 1303 1441 commendo,
1336 1387 1380 1427 in
1411 1387 1479 1427 his

135 1445 445 1486 adulescentem
475 1445 613 1486 filium
645 1445 751 1499 eius,
793 1460 919 1499 quem
952 1444 994 1486 C.
1027 1446 1219 1487 Maenius
1253 1445 1479 1500 Gemellus,

136 1504 265 1544 cliens
295 1518 425 1558 meus,
458 1518 553 1544 cum
584 1504 629 1544 in
661 1504 899 1545 calamitate
932 1504 1049 1545 exilii
1081 1505 1147 1545 sui
1177 1504 1393 1545 Patrensis
1426 1504 1480 1545 ci-

83 1573 118 1599 25
136 1563 200 1603 vis
231 1562 367 1603 factus
399 1565 518 1616 esset,
549 1561 817 1603 Patrensium
848 1563 1016 1619 legibus
1048 1564 1278 1618 adoptavit,
1311 1566 1359 1604 ut
1390 1563 1480 1604 eius

137 1621 269 1675 ipsius
299 1620 548 1661 hereditatis
579 1621 644 1661 1113
677 1635 927 1675 causamque
958 1624 1113 1663 tueare.

227 1678 363 1733 Caput
394 1679 500 1719 illud
531 1682 604 1733 est,
637 1682 684 1720 ut
714 1679 936 1745 Lysonem,
969 1695 1095 1734 quem
1127 1695 1205 1736 ego
1237 1680 1377 1720 vilum
1411 1694 1481 1733 op-

136 1738 290 1778 timum
326 1738 699 1803 gratissimumque
732 1739 928 1793 cognovi,
970 1739 1148 1792 recipias
1179 1739 1223 1778 in
1254 1739 1481 1779 necessitu-

139 1797 279 1837 dinem
311 1799 438 1836 tuam
502 1795 624 1844 Quod
655 1796 690 1836 si
722 1797 882 1850 feceris,
914 1773 999 1837 11011
1032 1797 1192 1851 dubito,
1226 1797 1329 1850 quin
1360 1797 1404 1836 in
1430 1810 1479 1837 eo

84 1866 119 1892 30
139 1854 354 1910 diligendo
393 1855 625 1908 ceterisque
661 1857 808 1908 postea
846 1855 1178 1895 commendando
1216 1855 1329 1895 idem
1367 1854 1482 1908 quod

138 1928 217 1969 ego
250 1914 306 1954 sis
337 1913 484 1954 iudicii
509 1915 550 1953 et
576 1913 807 1954 voluntatis
838 1913 1073 1954 habiturus.
1118 1913 1241 1962 Quod
1266 1927 1361 1958 cum
1387 1913 1481 1954 fieri

137 1972 409 2013 vehementer
439 1971 587 2012 studeo
618 1974 710 2012 tum
742 1972 870 2012 etiam
902 1972 1009 2012 illud
1039 1986 1204 2026 vereor,
1236 1986 1306 2025 ne,
1338 1972 1374 2012 si
1403 1971 1481 2012 mi-

137 2045 218 2072 nus
255 2030 465 2072 cumulate
502 2030 699 2070 videbere
737 2030 884 2071 fecisse
921 2031 1083 2084 aliquid
1115 2031 1203 2071 eius
1237 2044 1376 2083 causa,
1412 2044 1481 2071 me

137 2089 210 2130 1110
263 2089 538 2145 neglegenter
592 2089 806 2143 scripsisse
861 2091 1005 2142 putet,
1060 2103 1146 2130 non
1199 2091 1241 2129 te
1298 2089 1481 2130 oblitum

84 2157 120 2184 35
138 2148 232 2188 mei.
295 2147 451 2197 Quanti
492 2147 605 2188 enim
644 2161 711 2187 me
751 2147 929 2201 faceres,
974 2161 1069 2188 cum
1113 2162 1164 2188 ex
1213 2147 1480 2188 sermonibus

139 2206 361 2247 cotidianis
395 2206 499 2247 meis
530 2209 622 2246 tum
654 2219 706 2247 ex
737 2206 928 2260 epistulis
961 2206 1088 2247 etiam
1119 2205 1204 2247 tuis
1240 2206 1382 2260 potuit
1414 2220 1481 2248 co-

137 2278 350 2320 gnoscere.

209 2339 361 2366 Ciceronis
381 2340 467 2371 epist.
488 2341 510 2365 1.
1223 2337 1267 2367 25
