1659 2552
627 80 768 115 LIBER
793 80 808 114 1
837 84 866 125 1,
894 83 924 115 2.
1423 77 1450 118 3

112 193 298 220 amorem
342 178 406 219 tui
450 177 634 219 absentis
677 178 917 231 praesentes
961 175 1024 216 tui
1069 175 1334 230 cognoscent.
1405 171 1451 214 Si

113 240 221 280 esset
251 237 295 278 in
327 237 378 278 iis
410 236 531 292 fides,
564 236 608 277 in
640 236 793 290 quibus
825 249 990 276 summa
1021 248 1110 275 esse
1142 232 1334 287 debebat,
1364 245 1451 273 non

111 296 411 338 laboraremus.

755 396 809 440 II.

77 485 92 510 5
208 481 281 518 Ser.
309 481 446 516 Romae
477 492 509 515 a.
543 481 576 515 d.
605 478 709 514 XVI
729 479 815 513 Kal.
844 477 1069 514 Februarias
1100 490 1132 512 α.
1162 480 1235 512 698
1263 478 1355 520 (56).

283 563 339 598 Μ.
369 561 557 597 CICERO
583 561 617 596 S.
644 561 693 596 D.
722 561 763 596 P.
790 560 1046 596 LENTULO
1072 559 1277 596 PROGOS.

200 646 346 688 Idibus
393 644 601 686 Ianuariis
650 645 694 685 in
737 646 883 686 senatu
931 644 1040 685 nihil
1088 646 1151 685 est
1200 643 1450 696 confectum,

113 709 337 761 propterea
374 704 487 759 quod
524 704 611 745 dies
648 718 802 759 magna
838 718 889 744 ex
925 705 1044 757 parte
1082 704 1356 756 consumptus
1388 676 1451 741 est

114 764 386 806 altercatione
415 763 586 804 Lentuli
618 762 801 803 0011311113
832 765 874 802 61
902 760 1056 803 Canini
1086 764 1136 803 tr.
1168 761 1224 816 pl.
1285 760 1351 801 Eo
1384 759 1451 800 die

62 837 95 862 10
113 838 191 865 nos
223 837 390 878 quoque
430 822 565 863 multa
601 821 730 862 verba
766 820 941 862 fecimus
977 820 1243 874 maximeque
1273 819 1355 860 visi
1385 832 1453 859 su-

114 897 208 924 mus
251 884 442 923 senatum
492 880 892 922 commemoratione
935 882 1031 920 tuae
1075 878 1306 920 voluntatis
1350 891 1451 933 erga

113 942 235 982 illum
279 940 469 982 ordinem
511 953 767 994 permovere.
839 937 988 992 Itaque
1036 937 1241 992 postridie
1290 936 1451 991 placuit

113 1003 162 1041 ut
201 999 387 1041 breviter
425 998 653 1039 sententias
691 997 939 1052 diceremus3
979 996 1202 1038 videbat-ur
1239 996 1352 1036 enim
1388 1008 1451 1035 re-

115 1059 337 1100 conciliata
372 1057 495 1099 nobis
532 1057 727 1098 voluntas
765 1071 853 1097 esse
890 1058 1075 1109 senatus,
1114 1055 1227 1109 quod
1264 1068 1360 1095 cum
1392 1053 1452 1094 di-

63 1129 95 1154 15
116 1117 246 1158 cendo
278 1120 369 1158 tum
406 1116 584 1171 singulis
625 1115 885 1169 appellandis
917 1113 1199 1170 rogandisque
1230 1126 1451 1167 perspexe-

115 1191 216 1217 ram.
276 1174 435 1229 Itaque,
468 1189 563 1215 cum
593 1174 801 1215 sententia
831 1173 969 1227 prima
999 1172 1145 1214 Bibuli
1175 1171 1452 1226 pronuntiata

115 1237 246 1290 esset,
282 1237 330 1275 ut
366 1236 451 1275 tres
487 1233 618 1289 legati
649 1247 792 1288 regem
829 1232 1092 1286 reducerent,
1130 1230 1311 1272 secunda
1340 1229 1452 1271 Hor-

114 1268 246 1348 tensi:
265 1296 313 1334 ut
343 1295 391 1334 tu
422 1292 511 1333 sine
543 1292 728 1333 exercitu
759 1291 998 1346 reduceres,
1029 1290 1155 1331 tertia
1185 1289 1371 1343 Volcaci,
1403 1290 1451 1329 ut

113 1351 341 1406 Pompeius
372 1351 600 1405 reduceret,
629 1350 891 1405 postulatum
923 1352 1001 1404 est,
1033 1351 1081 1390 ut
1111 1348 1256 1389 Bibuli
1288 1349 1451 1389 senten-

62 1423 96 1449 20
114 1411 175 1452 tia
218 1410 486 1452 divideretur.
548 1408 761 1458 Quatenus
805 1409 855 1450 de
898 1408 1104 1464 religione
1148 1407 1333 1461 dicebat,
1383 1405 1451 1447 cui

116 1469 285 1524 quidem
315 1469 377 1510 rei
408 1469 492 1509 iam
524 1468 674 1509 obsisti
703 1482 789 1509 non
818 1469 1002 1522 poteiat,
1039 1466 1195 1507 Bibulo
1227 1465 1450 1506 adsensum

116 1530 195 1583 est3
235 1528 285 1569 de
315 1527 453 1569 tribus
483 1527 635 1583 legatis
666 1527 906 1580 frequentes
937 1526 1077 1567 ierunt
1107 1525 1152 1565 in
1184 1524 1265 1565 alia
1297 1523 1449 1565 omnia,

115 1585 315 1627 Proxima
352 1589 440 1628 ciat
476 1585 679 1627 Hortensi
716 1585 939 1640 sententia,
985 1599 1079 1625 cum
1115 1583 1260 1637 Lupus
1297 1585 1350 1624 tr.
1380 1581 1448 1636 pl.7

117 1644 230 1698 quod
259 1644 348 1698 ipse
380 1645 429 1685 de
459 1643 662 1699 Pompeio
693 1644 916 1699 retulisset,
946 1643 1164 1684 intendere
1189 1641 1328 1696 coepit
1353 1643 1450 1682 ante

64 1714 96 1739 ‘25
117 1717 159 1744 se
192 1705 385 1757 oportere
426 1703 720 1744 discessionem
754 1703 889 1743 facere
924 1716 1050 1756 quam
1085 1700 1287 1742 consules.
1344 1699 1450 1740 Eius

116 1761 299 1802 orationi
328 1761 597 1803 vehementer
628 1762 679 1802 ab
713 1761 908 1802 omnibus
938 1760 1212 1802 reclamatum
1243 1761 1322 1813 est,
1360 1761 1450 1799 erat

115 1820 228 1861 enim
259 1822 300 1860 et
330 1819 476 1873 iniqua
507 1822 548 1861 et
577 1834 697 1861 nova.
760 1819 962 1861 Consules
998 1833 1134 1873 neque
1166 1817 1450 1859 concedebant

114 1893 250 1932 neque
281 1878 401 1919 valde
433 1878 742 1934 repugnabant,
779 1878 890 1918 diem
927 1878 1118 1919 consumi
1148 1876 1365 1930 volebant,
1406 1875 1450 1915 id

116 1937 229 1991 quod
260 1940 322 1977 est
353 1937 532 1991 factum3
565 1936 876 1990 perspiciebant
907 1936 1019 1977 enim
1050 1936 1095 1976 in
1124 1933 1328 1976 Hortensi
1360 1947 1450 1974 sen-

63 2007 97 2033 30
115 1995 291 2037 tentiam
310 1995 456 2036 multis
474 1995 667 2049 partibus
687 1994 829 2048 plures
854 1995 1000 2048 ituros,
1025 2007 1281 2048 quamquam
1306 1994 1449 2045 aperte

115 2053 315 2095 Volcacio
342 2054 662 2096 adsentirentur.
701 2052 827 2093 Multi
853 2052 1125 2107 rogabantur,
1157 2054 1283 2105 atque
1314 2050 1358 2090 id
1388 2050 1450 2104 ip-

115 2127 208 2154 sum
240 2113 482 2154 consulibus
514 2112 674 2166 invitis,
713 2126 810 2151 nam
848 2111 886 2152 ei
916 2110 1061 2151 Bibuli
1098 2108 1350 2151 sententiam
1380 2123 1449 2150 va-

113 2171 200 2212 lere
243 2171 471 2226 cupierant.
543 2170 635 2212 Hac
679 2169 963 2211 controversia
1006 2183 1138 2224 usque
1187 2168 1239 2209 ad
1280 2169 1447 2208 noctem
1473 2178 1494 2208 3

115 2229 240 2271 ducta
281 2233 449 2271 senatus
492 2229 688 2271 dimissus
726 2232 797 2270 est.
859 2227 953 2283 Ego
997 2242 1046 2269 eo
1091 2227 1158 2268 die
1201 2241 1298 2268 casu
1338 2226 1450 2280 apud

60 2299 95 2325 8⁵
112 2287 362 2343 Pompeium
382 2289 526 2330 cenavi
544 2291 774 2342 nactusque
793 2290 960 2341 tempus
983 2286 1065 2328 hoc
1089 2286 1224 2342 magis
1249 2285 1448 2327 idoneum

1167 2355 1211 2388 1*
