1659 2552
124 212 144 242 2

171 105 256 147 332
671 103 1011 139 EPISTULARUM

260 200 376 242 Haec
409 201 550 242 omnia
582 200 703 241 vobis
735 202 834 240 sunt
865 199 1142 254 expedienda,
1178 214 1255 241 nec
1290 200 1372 242 hoc
1402 201 1514 256 cogi-

172 259 359 315 tandum,
392 260 494 301 satis
527 259 609 300 iam
643 259 798 299 habere
830 272 918 299 rem
950 273 988 312 p.
1021 273 1045 299 a
1076 258 1207 299 vobis.
1268 257 1411 300 Habet
1442 259 1516 300 illa

172 319 342 373 quidem
373 321 557 372 tantum,
599 319 804 371 quantum
841 331 1073 370 numquam
1110 317 1216 358 mihj
1254 317 1298 358 in
1327 320 1514 359 mentem

171 377 288 419 venit
320 381 477 432 optare,
510 376 583 417 sed
607 378 805 416 contenta
836 390 921 416 non
948 378 1010 416 est
1042 377 1084 416 et
1113 390 1191 430 pro
1222 376 1516 432 magnitudine

172 439 214 478 et
245 436 377 477 animi
413 439 454 476 et
492 434 685 475 beneficii
725 434 855 475 vestri
892 449 916 475 a
946 434 1068 475 vobis
1104 449 1258 490 magna
1296 434 1515 476 desiderat.
1553 445 1573 472 5

171 494 324 536 Adhuc
354 494 444 535 ulta
482 508 576 534 suas
608 493 784 534 iniurias
815 495 879 534 est
908 507 984 547 per
1014 507 1089 534 vos
1121 493 1296 534 interitu
1327 494 1517 549 tyranni3

172 553 281 594 nihil
319 553 518 607 amplius,
560 554 808 592 ornamenta
843 566 944 593 vero
983 566 1058 593 sua
1095 566 1200 606 quae
1238 551 1517 607 reciperavit?

174 626 226 653 an
265 612 378 666 quod
411 612 448 651 ei
480 613 651 651 mortuo
682 613 815 665 paret,
848 624 973 665 quem
999 611 1143 651 vivum
1175 611 1284 652 ferre
1309 625 1395 652 non
1425 614 1518 666 pot-

174 671 292 712 erat?
344 670 474 711 Cuius
506 684 602 710 aera
634 669 811 725 refigere
847 669 1121 724 debebamus,
1153 669 1242 711 eius
1273 670 1400 711 etiam
1433 670 1518 711 chi-

173 729 385 785 rographa
417 727 710 768 defendimus?
750 726 809 768 At
841 728 953 769 enim
985 728 1046 769 ita
1077 728 1347 770 decrevimus.
1403 728 1519 770 Feci-
1538 741 1573 766 1⁰

173 803 267 829 mus
305 788 348 828 id
387 787 557 841 quidem
595 786 860 841 temporibus
899 786 1109 841 cedentes,
1152 801 1258 841 quae
1294 787 1437 829 valent
1473 788 1518 829 in

173 862 217 887 re
255 862 292 901 p.
331 846 582 900 plurimum,
627 846 699 886 sed
739 845 1017 887 immoderate
1058 846 1230 900 quidam
1271 849 1312 887 et
1352 846 1518 903 ingrate

172 908 318 946 nostra
348 905 552 945 facilitate
579 904 823 945 abutuntur.
880 903 1041 946 Verum
1072 904 1176 946 haec
1205 905 1451 960 propediem
1476 907 1519 946 et

173 964 308 1004 multa
349 964 431 1004 alia
472 977 631 1017 coram3
672 963 844 1004 interim
882 963 1011 1004 velim
1048 963 1107 1004 sic
1144 963 1225 1004 tibi
1256 964 1519 1019 persuadeas,

173 1022 279 1063 mihi
312 1036 406 1063 cum
438 1022 499 1062 rei
529 1037 582 1076 p.,
615 1036 741 1076 quam
772 1037 938 1076 semper
967 1022 1098 1063 habui
1126 1023 1396 1078 carissimam,
1426 1025 1518 1064 tum
1539 1033 1573 1059 15

174 1081 329 1122 amoris
366 1081 502 1122 nostri
540 1094 663 1121 causa
700 1081 909 1122 maximae
948 1094 1071 1122 curae
1109 1095 1197 1123 esse
1234 1084 1352 1122 tuam
1384 1081 1519 1138 digni-

173 1142 315 1181 tatem.
377 1139 443 1180 Da
475 1154 667 1194 operam,
699 1142 747 1180 ut
779 1139 928 1181 valeas.
978 1139 1095 1181 Vale.

817 1290 870 1333 Π.

237 1372 311 1407 Ser.
339 1371 476 1407 Romae
501 1372 596 1407 inter
623 1371 735 1406 XIII
756 1371 802 1405 K.
832 1376 864 1406 et
889 1372 963 1405 III
983 1372 1078 1407 Non.
1111 1372 1182 1408 Oct.
1217 1385 1249 1407 a.
1279 1375 1349 1407 710
1376 1374 1464 1416 (44).

633 1452 803 1488 CICERO
830 1453 991 1488 CASSIO
1018 1453 1051 1488 S.
1538 1468 1571 1494 -20

263 1548 549 1590 Vehementer
585 1548 721 1590 laetor
752 1548 832 1589 tibi
864 1549 1037 1603 probari
1072 1548 1324 1591 sententiam
1356 1552 1398 1591 et
1429 1563 1518 1591 ora-

175 1608 336 1649 tionem
367 1622 516 1648 meam.
579 1606 671 1656 Qua
709 1607 743 1648 si
776 1608 941 1662 saepius
974 1608 1037 1648 uti
1068 1607 1230 1663 liceret,
1270 1608 1378 1650 nihil
1411 1611 1519 1650 esset

174 1666 338 1722 negotii
380 1666 624 1707 libertatem
668 1668 709 1706 et
753 1680 842 1707 rem
884 1681 922 1721 p.
968 1667 1225 1722 reciperare3
1274 1667 1347 1708 sed
1388 1667 1517 1709 homo

175 1739 317 1766 amens
349 1727 391 1766 et
421 1725 611 1779 perditus
648 1725 868 1779 multoque
912 1725 1091 1779 nequior
1134 1740 1260 1780 quam
1303 1725 1374 1767 ille
1417 1726 1518 1792 ipse,

175 1798 300 1838 quem
331 1786 379 1824 tu
410 1784 717 1838 nequissimum
749 1784 933 1825 occisum
966 1798 1054 1825 esse
1087 1784 1242 1838 dixisti,
1275 1784 1411 1826 caedis
1442 1785 1519 1826 ini·
1538 1796 1572 1822 25

173 1843 282 1883 tium
309 1843 473 1897 quaerit
499 1843 743 1897 nullamque
775 1842 900 1883 aliam
933 1843 987 1883 ob
1020 1857 1186 1884 causam
1211 1857 1279 1884 me
1304 1846 1518 1885 auctorem

174 1902 303 1942 fuisse
337 1900 526 1942 Caesaris
565 1901 846 1942 interficiendi
879 1902 1144 1956 criminatur,
1183 1901 1266 1943 nisi
1297 1904 1345 1942 ut
1375 1902 1420 1942 in
1450 1916 1517 1943 me

173 1960 363 2001 veterani
389 1960 637 2015 incitentur3
664 1960 778 2014 quod
803 1974 882 2016 ego
907 1960 1141 2014 periculum
1167 1975 1252 2001 non
1278 1960 1517 2015 extimesco,

173 2019 301 2060 modo
334 2019 464 2060 vestri
496 2019 598 2060 facti
629 2019 811 2074 gloriam
838 2033 933 2060 cum
958 2033 1051 2060 mea
1076 2019 1199 2060 laude
1225 2019 1516 2060 communicet.

173 2076 239 2118 Ita
270 2091 348 2118 nec
376 2076 542 2131 Pisoni,
582 2078 654 2132 qui
687 2078 731 2118 in
764 2091 860 2118 eum
890 2078 1053 2132 primus
1085 2078 1274 2118 invectus
1306 2079 1368 2118 est
1398 2077 1516 2118 nullo
1536 2088 1571 2115 ³0

176 2136 456 2190 adsentiente,
496 2150 573 2177 nec
612 2136 736 2190 mihi,
782 2136 855 2189 qui
893 2136 1003 2177 idem
1042 2136 1284 2177 tricensimo
1321 2139 1418 2190 post
1451 2135 1517 2177 die

175 2195 273 2248 feci,
312 2209 388 2236 nec
424 2194 469 2235 P.
504 2193 703 2249 Servilio,
741 2195 814 2248 qui
851 2209 919 2236 me
951 2197 1013 2235 est
1046 2194 1309 2248 consecutus,
1347 2197 1440 2235 tuto
1472 2195 1517 2235 in

176 2255 368 2294 senatum
400 2253 543 2295 venire
575 2253 685 2294 licet.
750 2252 929 2294 Caedem
961 2253 1073 2294 enim
1111 2253 1321 2309 gladiator
1353 2253 1517 2306 quaerit

177 2310 348 2365 eiusque
381 2312 551 2353 initium
579 2327 612 2352 a.
641 2312 676 2352 d.
702 2323 786 2352 xm
812 2311 862 2352 K.
890 2310 1060 2353 Octobr.
1087 2326 1110 2352 a
1135 2326 1201 2353 me
1233 2326 1275 2352 se
1307 2311 1518 2354 facturum
