1659 2552
93 433 110 459 5

77 728 110 752 10

79 1019 111 1044 15

81 1313 114 1338 20

83 1899 116 1924 30

84 2190 117 2215 35

601 89 743 124 mana
767 89 818 124 111
844 94 904 133 11,
933 94 985 124 1-2.
1417 90 1469 130 77

129 186 305 227 dubium
336 186 434 240 fuit,
474 186 716 227 absolutum
748 200 836 226 esse
867 188 926 240 te,
960 185 1032 226 sed
1063 185 1180 239 illud,
1214 186 1344 240 quod,
1384 200 1468 240 quo

127 245 278 286 melior
316 245 435 299 civis,
474 260 557 299 quo
594 246 660 286 vir
698 245 866 299 clarior,
908 258 991 299 quo
1030 244 1184 285 fortior
1222 245 1380 285 amicus
1413 259 1468 298 es,

128 318 295 358 quoque
326 304 448 358 plura
472 304 656 359 virtutis,
687 303 918 344 industriae
945 305 1190 344 ornamenta
1222 303 1267 344 in
1292 306 1333 344 te
1360 306 1469 357 sunt,

129 377 177 404 eo
208 363 448 403 mirandum
480 366 542 404 est
573 363 709 419 magis
740 362 901 403 nullam
931 376 984 403 ne
1015 362 1059 402 in
1090 361 1271 403 tabellae
1298 362 1469 416 quidem

128 421 290 462 latebra
320 422 449 463 fuisse
481 421 771 462 absconditam
802 420 1159 475 malevolentiam,
1199 435 1305 475 quae
1336 423 1377 461 te
1410 420 1470 460 in-

128 495 317 535 pugnare
349 480 530 521 auderet.
592 480 691 522 Non
722 480 876 521 horum
906 482 1166 533 temporum,
1198 494 1284 520 non
1315 479 1469 520 horum

129 539 350 580 hominum
382 542 508 594 atque
539 554 706 580 morum
738 538 974 595 negotium!
1006 538 1114 578 nihil
1145 538 1229 579 iam
1261 553 1354 579 sum
1386 538 1469 592 pri-

131 598 225 638 dem
250 598 481 639 admiratus
506 599 652 654 magis.
703 598 766 639 De
791 612 858 639 me
885 600 1025 638 autem
1050 597 1214 651 suscipe
1238 597 1470 651 paullisper

129 670 242 697 meas
280 657 413 710 partis
451 659 492 698 et
530 672 625 698 eum
663 659 705 697 te
743 671 830 697 esse
862 657 991 712 finge,
1033 656 1106 709 qui
1144 670 1237 696 sum
1270 670 1359 711 ego.
1423 654 1469 696 Si

130 715 252 756 facile
283 716 505 770 inveneris,
537 716 640 770 quid
672 716 794 769 dicas,
826 715 915 756 noli
946 715 1163 770 ignoscere
1197 714 1469 755 haesitationi

129 788 257 815 meae.
319 774 413 830 Ego
454 789 553 815 vero
594 774 722 815 velim
759 774 866 814 mihi
899 773 1149 828 Tulliaeque
1185 788 1319 828 meae,
1361 773 1469 813 sicut

130 835 178 873 tu
218 833 469 874 amicissime
510 836 551 874 et
591 833 837 874 suavissime
879 835 1018 886 optas,
1061 846 1261 886 prospere
1303 832 1469 873 evenire

131 906 189 945 ea,
223 906 328 945 quae
359 906 426 932 me
457 892 660 933 insciente
691 892 802 932 facta
833 894 930 931 sunt
962 906 986 931 a
1016 891 1141 946 meis3
1173 891 1246 931 sed
1276 891 1336 931 ita
1368 890 1469 931 ceci-

132 949 260 1004 disse,
301 952 348 991 ut
389 953 614 1005 agerentur
654 965 702 991 eo
740 950 947 1004 tempore!
993 948 1124 1003 Spero
1163 949 1335 990 omnino
1375 964 1470 990 cum

133 1008 273 1063 aliqua
304 1009 506 1050 felicitate
538 1012 579 1050 et
611 1012 724 1063 opto,
755 1023 901 1049 verum
932 1011 1074 1049 tamen
1104 1007 1199 1062 plus
1230 1023 1297 1049 me
1323 1009 1367 1049 in
1392 1008 1470 1048 hac

132 1082 204 1122 spe
234 1070 308 1108 tua
338 1067 544 1122 sapientia
575 1071 615 1109 et
646 1068 887 1108 humanitas
919 1067 1160 1108 consolatur
1191 1081 1317 1120 quam
1350 1081 1470 1120 opor-

132 1126 290 1166 tunitas
321 1127 535 1180 temporis.
595 1125 762 1181 Itaque,
801 1140 925 1180 quem
963 1126 1016 1166 ad
1045 1126 1219 1166 modum
1251 1125 1470 1179 expediam

133 1185 294 1225 exitum
324 1185 449 1226 huius
487 1185 705 1226 institutae
738 1185 958 1238 orationis,
998 1198 1084 1225 non
1116 1184 1297 1239 reperio3
1335 1198 1470 1238 neque

133 1243 245 1284 enim
276 1244 440 1284 tristius
472 1244 608 1285 dicere
646 1244 872 1298 quicquam
913 1243 1044 1284 debeo
1083 1257 1130 1283 ea
1162 1243 1211 1283 de
1244 1257 1304 1296 re,
1345 1257 1471 1296 quam

133 1304 180 1343 tu
212 1302 300 1356 ipse
339 1303 551 1343 ominibus
589 1303 760 1356 optimis
798 1301 1082 1357 prosequeris,
1121 1316 1256 1355 neque
1287 1316 1373 1342 non
1404 1316 1471 1342 me

133 1363 274 1402 tamen
304 1362 470 1402 mordet
501 1361 672 1415 aliquid.
732 1360 783 1402 In
820 1375 903 1415 quo
935 1375 1067 1401 unum
1097 1374 1183 1401 non
1214 1374 1378 1414 vereor,
1419 1374 1471 1400 ne

133 1422 180 1460 tu
210 1434 359 1473 parum
390 1420 618 1474 perspicias
650 1435 713 1474 ea,
746 1435 852 1474 quae
883 1423 1002 1475 gesta
1033 1419 1133 1473 sint,
1173 1419 1225 1460 ab
1257 1419 1351 1459 aliis
1384 1432 1472 1459 esse

133 1481 269 1533 gesta3
307 1479 460 1532 quibus
492 1494 570 1535 ego
602 1479 662 1519 ita
698 1479 960 1532 mandaram,
999 1480 1062 1532 ut,
1101 1492 1195 1518 cum
1226 1480 1314 1518 tam
1345 1477 1471 1533 longe

135 1538 326 1577 afuturus
371 1552 520 1592 essem,
565 1538 617 1578 ad
659 1552 726 1578 me
766 1552 818 1578 ne
858 1537 1080 1592 referrent3
1125 1539 1314 1592 agerent,
1359 1536 1474 1590 quod

82 1607 96 1630 2
134 1595 393 1648 probassent.
453 1595 503 1636 In
533 1596 615 1637 hoc
645 1599 786 1637 autem
817 1596 923 1636 mihi
954 1595 1061 1636 illud
1092 1595 1294 1636 occurrit:
1340 1594 1474 1643 <Quid

134 1657 182 1694 tu
212 1653 361 1709 igitur,
399 1655 434 1695 si
465 1655 718 1696 adfuisses?’
762 1654 869 1695 Rem
900 1654 1161 1708 probassem,
1202 1654 1251 1694 de
1282 1656 1473 1707 tempore

135 1712 243 1752 nihil
273 1714 315 1753 te
346 1713 493 1767 invito,
524 1714 632 1754 nihil
663 1714 752 1754 sine
784 1713 960 1754 consilio
988 1713 1167 1768 egissem
1193 1715 1279 1753 tuo.
1342 1711 1473 1752 Vides

136 1771 284 1811 sudare
316 1785 382 1811 me
407 1771 491 1812 iam
518 1772 675 1812 dudum
699 1772 975 1826 laborantem,
1008 1785 1090 1825 quo
1116 1771 1243 1812 modo
1270 1785 1317 1811 ea
1342 1773 1473 1823 tuear,

137 1844 242 1883 quae
267 1829 373 1869 mihi
403 1830 558 1870 tuenda
589 1833 698 1884 sunt,
730 1833 771 1871 et
802 1833 844 1871 te
874 1845 960 1871 non
987 1829 1206 1870 offendam.
1268 1828 1381 1869 Leva
1406 1842 1473 1868 me

136 1888 269 1943 igitur
304 1888 386 1929 hoc
426 1903 568 1942 onere3
612 1903 843 1942 numquam
884 1888 996 1929 enim
1035 1888 1143 1928 mihi
1182 1887 1329 1928 videor
1357 1889 1474 1926 'trac-

135 1949 245 1987 tasse
295 1961 461 1987 causam
507 1947 799 1987 difficiliorem.
875 1945 944 1987 Sic
981 1946 1137 1987 habeto
1169 1948 1328 1985 tamen:
1378 1943 1475 1985 Nisi

135 2005 219 2045 iam
262 2007 363 2046 tunc
408 2005 549 2046 omnia
591 2005 763 2060 negotia
807 2019 902 2045 cum
945 2019 1108 2044 summa
1149 2006 1223 2044 tua
1267 2003 1474 2058 dignitate

137 2063 457 2118 diligentissime
496 2064 784 2117 confecissem,
822 2062 991 2103 tametsi
1030 2062 1138 2102 nihil
1169 2061 1392 2102 videbatur
1423 2061 1476 2101 ad

134 2136 275 2162 meum
313 2137 412 2178 erga
448 2126 489 2163 te
529 2123 757 2177 pristinum
798 2122 985 2162 studium
1023 2121 1119 2160 addi
1155 2134 1295 2174 posse,
1333 2122 1476 2160 tamen

135 2180 214 2220 hac
243 2181 350 2221 mihi
381 2181 597 2222 adfinitate
629 2180 822 2221 nuntiata
852 2194 937 2220 non
974 2179 1134 2220 maiore
1166 2178 1360 2232 equidem
1391 2180 1476 2218 stu-

137 2238 218 2292 dio,
249 2239 321 2280 sed
346 2240 493 2295 acrius,
525 2240 722 2294 apertiUS,
748 2238 1055 2295 significantius
1082 2237 1333 2293 dignitatem
1358 2238 1476 2277 tuam

137 2297 425 2340 defendissem.

1496 608 1515 637 [θ
