1659 2552
181 120 265 162 160
417 121 421 124 ·
685 117 1025 153 EPISTULARUM

178 229 400 257 consumas
432 215 475 256 in
507 215 697 256 virorum
728 213 905 254 fortium
937 212 1060 253 fac-tis
1091 211 1321 252 memoriae
1345 211 1524 266 proden-

178 275 259 330 dis,
298 274 562 316 considerare
604 273 730 313 debes
767 271 875 312 nihil
913 271 993 311 tibi
1032 285 1120 312 esse
1159 270 1523 324 committendum,

178 347 305 388 quam
338 333 392 374 ob
424 347 513 374 rem
546 346 704 386 eorum,
737 344 842 384 quos
874 330 1031 383 laudas,
1066 332 1108 370 te
1139 343 1226 370 non
1257 329 1523 370 simillimum

177 392 390 447 praebeas.
459 390 541 432 Sed
577 390 680 431 haec
718 389 853 429 oratio
894 388 1031 444 magis
1071 390 1180 429 esset
1220 390 1319 442 apta
1359 387 1412 428 ad
1450 387 1525 428 illa

178 454 381 505 tempora,
414 464 520 504 quae
552 449 636 489 iam
662 447 868 503 effugisti3
899 461 1012 488 nunc
1037 461 1138 487 vero
1163 449 1331 487 tantum
1356 449 1398 487 te
1422 461 1525 501 para
1543 457 1560 484 ⁵

178 509 230 550 ad
261 509 364 550 haec
395 508 618 549 nobiscum
650 507 838 560 ferenda,
872 506 1026 560 quibus
1059 520 1138 561 ego
1170 505 1206 546 si
1238 519 1365 560 quam
1395 504 1526 546 medi-

179 569 317 609 cinam
349 567 600 620 invenirem,
638 565 719 606 tibi
752 579 919 619 quoque
952 564 1128 605 eandem
1158 564 1380 605 traderem.
1443 562 1527 605 Sed

179 630 242 668 est
273 641 404 667 unum
435 625 679 681 perfugium
712 624 904 664 doctrina
936 638 983 664 ac
1013 623 1198 678 litterae,
1231 622 1386 677 quibus
1421 637 1526 664 sem-

179 700 255 740 per
274 685 339 726 usi
360 699 515 739 sumus,
543 698 648 738 quae
675 683 869 723 secundis
895 682 1022 723 rebus
1048 682 1372 723 delectationem
1397 681 1524 723 modo

179 744 335 785 habere
366 743 636 796 videbantur,
674 756 787 782 nunc
817 755 918 782 vero
951 741 1079 782 etiam
1111 741 1302 782 salutem.
1365 739 1448 782 Sed
1478 743 1525 782 ut
1546 753 1579 778 ιο

179 802 231 843 ad
263 802 433 843 initium
471 803 675 855 revertar,
715 814 814 841 cave
847 800 1032 855 dubites,
1071 800 1175 854 quin
1208 800 1350 840 omnia
1383 799 1432 840 de
1464 813 1526 840 sa-

178 862 265 902 lute
298 875 346 902 ac
376 861 515 902 reditu
546 863 621 901 tuo
653 860 842 914 perfecta
873 859 968 900 sint.

798 1010 913 1052 ΧΙΠ.

451 1093 525 1128 Ser.
554 1093 691 1128 Romae
716 1093 767 1128 in.
794 1104 838 1127 m.
867 1092 962 1127 Sext.
993 1105 1026 1127 α.
1055 1094 1128 1127 708
1157 1094 1248 1136 (46).

649 1173 818 1208 CICERO
844 1173 1051 1209 LIGARIO.
1548 1185 1581 1212 15

136 1283 151 1312 1
269 1269 364 1310 Etsi
402 1270 478 1310 tali
516 1273 590 1311 tuo
628 1272 819 1324 tempore
857 1284 925 1311 me
963 1273 1035 1310 aut
1074 1269 1320 1311 consolandi
1357 1271 1431 1310 aut
1467 1268 1529 1310 iu-

181 1329 307 1369 vandi
338 1329 402 1369 tui
435 1343 559 1369 causa
591 1329 774 1369 scribere
807 1329 860 1369 ad
890 1331 932 1369 te
965 1329 1127 1383 aliquid
1150 1343 1228 1383 pro
1254 1331 1401 1369 nostra
1427 1328 1528 1368 ami-

183 1387 282 1428 citia
326 1387 570 1441 oportebat,
614 1390 757 1428 tamen
798 1387 935 1427 adhuc
972 1387 1016 1428 id
1055 1402 1141 1428 non
1182 1388 1384 1441 feceram,
1429 1387 1529 1441 quia

180 1460 316 1499 neque
353 1445 485 1486 lenire
517 1445 693 1486 videbar
731 1446 921 1486 oratione
958 1460 1095 1500 neque
1131 1445 1270 1486 levare
1302 1459 1425 1500 posse
1458 1445 1528 1486 do-

180 1505 315 1545 lorem
345 1507 477 1545 tuum.
539 1503 693 1545 Postea
717 1518 818 1546 vero
847 1512 973 1558 quam
1004 1519 1203 1559 magnam
1229 1519 1347 1558 spem
1371 1503 1527 1545 habere
1548 1515 1582 1541 20

183 1563 302 1616 coepi
334 1563 436 1617 fore,
467 1565 515 1603 ut
546 1565 587 1603 te
620 1562 739 1603 brevi
765 1566 956 1617 tempore
982 1563 1238 1604 incolumem
1262 1563 1528 1617 haberemus,

183 1622 318 1662 facere
355 1636 441 1661 non
474 1621 613 1675 potui,
653 1622 755 1675 quin
786 1621 867 1662 tibi
899 1625 941 1662 et
979 1622 1232 1663 sententiam
1264 1625 1305 1663 et
1335 1622 1529 1663 volunta-

183 1683 269 1720 tem
303 1679 558 1720 declararem
589 1694 736 1721 meam.
798 1679 991 1721 Primum
1024 1681 1157 1736 igitur
1188 1681 1382 1735 scribam,
1414 1679 1530 1735 quod

184 1738 386 1793 intellego
420 1741 460 1779 et
492 1739 714 1793 perspicio,
746 1753 832 1779 non
862 1740 953 1780 fore
984 1740 1029 1780 in
1060 1744 1102 1780 te
1135 1738 1356 1781 Caesarem
1389 1739 1527 1780 durio-

181 1812 288 1852 rem,
326 1812 423 1837 nam
456 1800 497 1838 et
530 1812 595 1838 res
627 1812 723 1838 eum
761 1798 915 1838 cotidie
947 1800 989 1839 et
1022 1798 1109 1840 dies
1141 1801 1182 1840 et
1215 1799 1360 1853 opinio
1391 1797 1527 1839 homi·
1548 1810 1581 1835 25

181 1870 284 1896 num
316 1859 374 1909 et,
413 1859 460 1896 ut
491 1856 596 1896 mihi
629 1856 814 1910 videtur,
857 1857 984 1897 etiam
1017 1872 1091 1898 sua
1121 1860 1275 1898 natura
1310 1857 1527 1898 mitiorem

182 1915 300 1969 facit3
338 1914 465 1968 idque
504 1929 598 1955 cum
632 1915 681 1956 de
719 1916 894 1970 reliquis
926 1916 1062 1957 sentio
1100 1918 1194 1957 tum
1233 1916 1282 1957 de
1319 1918 1361 1957 te
1399 1915 1528 1956 etiam

182 1973 307 2013 audio
340 1988 390 2013 ex
422 1973 764 2015 familiarissimis
791 1975 890 2015 eius.
954 1974 1118 2024 Quibus
1150 1989 1229 2031 ego
1261 1989 1312 2016 ex
1344 1987 1393 2015 eo
1424 1976 1530 2015 tem-

181 2046 295 2086 pore,
328 2046 411 2085 quo
443 2032 628 2086 primum
662 2048 712 2074 ex
744 2033 891 2074 Africa
920 2034 1097 2074 nuntius
1127 2033 1255 2087 venit,
1288 2032 1528 2088 supplicare
1624 2023 1636 2062 3

181 2104 264 2130 una
296 2104 390 2130 cum
422 2091 627 2132 fratribus
658 2092 744 2132 tuis
775 2106 862 2133 non
889 2092 1050 2148 destiti3
1082 2106 1264 2147 quorum
1290 2091 1460 2146 quidem
1487 2094 1529 2132 et
1547 2103 1582 2129 30

181 2149 338 2189 virtute
371 2152 411 2189 et
448 2149 605 2203 pietate
638 2153 679 2191 et
717 2165 859 2191 amore
892 2151 935 2192 in
967 2154 1009 2192 te
1047 2150 1254 2207 singulari
1287 2153 1328 2191 et
1360 2150 1529 2191 assidua

183 2209 222 2246 et
254 2210 456 2261 perpetua
489 2222 588 2249 cura
620 2209 768 2250 salutis
799 2213 897 2250 tuae
928 2209 1361 2264 tantum'proficitur,
1393 2211 1442 2250 ut
1466 2209 1528 2250 ni-

182 2263 242 2303 hil
275 2265 346 2319 sit,
385 2266 499 2319 quod
538 2281 623 2308 non
662 2268 801 2321 ipsum
835 2267 1055 2309 Caesarem
1087 2268 1351 2309 tributurum
1384 2267 1527 2309 existi-

137 2332 156 2362 3
182 2336 303 2363 mem.
349 2323 447 2379 Sed,
480 2325 514 2365 si
540 2325 702 2366 tardius
727 2326 787 2380 fit,
821 2341 947 2380 quam
972 2327 1181 2382 volumus,
1212 2327 1380 2383 magnis
1407 2339 1528 2368 occu-

137 1692 156 1721 N>
