1659 2552
85 271 128 301 28

86 824 140 864 10

85 1449 130 1479 30

87 1919 127 1947 31

158 104 246 145 500
649 103 988 137 EPISTULARUM

153 202 328 254 putetur
357 199 616 253 humanitas,
657 202 768 240 certe
800 199 852 239 iis
884 213 975 240 eam
1006 199 1276 253 potissimum
1308 199 1496 240 tribuere

155 259 366 313 debemus,
398 273 422 298 a
448 258 602 312 quibus
627 258 874 311 accepimus.
935 257 1034 299 Non
1064 258 1176 299 enim
1207 272 1274 299 me
1304 257 1386 299 hoc
1411 258 1495 299 iam

155 318 292 358 dicere
329 317 521 371 pudebit,
562 317 811 371 praesertim
849 316 893 357 in
931 331 978 358 ea
1009 317 1096 357 vita
1128 320 1254 371 atque
1286 317 1337 357 iis
1369 316 1496 358 rebus

153 377 296 432 gestis,
327 376 371 416 in
404 376 558 429 quibus
589 390 674 415 non
706 377 846 429 potest
877 375 1059 416 residere
1090 376 1266 416 inertiae
1293 378 1365 416 aut
1395 375 1496 417 levi-

154 435 254 476 tatis
291 434 377 475 ulla
415 435 615 488 suspicio,
653 448 731 474 nos
763 448 827 488 ea,
866 449 971 488 quae
1004 435 1216 475 consecuti
1250 449 1410 489 sumus,
1443 434 1530 475 1135

154 493 307 535 studiis
338 496 379 534 et
411 493 573 533 artibus
605 507 693 533 esse
725 493 916 547 adeptos,
955 507 1060 547 quae
1100 493 1183 534 sint
1214 493 1339 534 nobis
1372 492 1496 534 Grae-

154 553 241 593 ciae
272 552 559 593 monumentis
585 551 902 606 disciplinisque
933 552 1099 592 tradita.
1162 551 1299 601 Quare
1330 555 1498 606 praeter

154 626 421 652 communem
446 611 584 665 fidem,
610 625 716 664 quae
743 610 940 651 omnibus
967 610 1153 665 debetur,
1178 613 1395 665 praeterea
1419 625 1496 652 1103

155 671 226 711 1311
246 670 468 710 11011111111111
487 670 633 725 generi
658 670 882 723 praecipue
904 669 1054 710 debere
1074 670 1278 724 videmur,
1310 673 1368 724 ut,
1396 684 1496 724 quo-

155 744 248 770 rum
286 728 520 782 praeceptis
559 743 702 768 sumus
740 728 912 781 eruditi,
953 728 1065 782 apud
1101 743 1172 769 eos
1209 729 1341 783 1Ρ3ο3,
1383 728 1496 783 quod
1518 744 1550 767 10

155 788 207 829 ab
240 788 291 828 iis
325 787 614 841 didicerimus,
646 787 825 827 velimus
857 802 1113 841 expromere.

244 846 385 900 Atque
429 846 500 886 ille
542 846 712 900 quidem
751 846 947 900 princeps
987 846 1148 902 ingenii
1187 849 1228 887 et
1269 846 1496 900 doctrinae,

154 905 294 959 Plato,
331 908 424 945 tum
462 905 641 959 denique
679 905 770 945 fore
807 905 951 946 beatas
989 919 1053 946 res
1091 905 1282 959 publicas
1318 905 1497 959 putavit,

155 965 189 1005 si
217 968 289 1004 aut
315 964 428 1005 docti
455 967 495 1004 et
521 964 730 1018 sapientes
760 963 954 1005 homines
980 978 1048 1004 eas
1074 979 1219 1020 regere
1251 964 1497 1018 coepissent,

155 1026 227 1064 aut
258 1023 306 1077 ii,
346 1023 418 1077 qui
450 1025 662 1078 regerent,
701 1037 823 1063 omne
856 1037 979 1063 suum
1011 1023 1197 1063 studium
1230 1023 1274 1063 in
1306 1023 1497 1063 doctrina
1519 1037 1550 1061 15

155 1085 195 1123 et
223 1082 429 1136 sapientia
449 1082 748 1122 conlocassent.
789 1080 911 1122 Hanc
937 1082 1277 1122 coniunctionem
1303 1081 1497 1122 videlicet

154 1142 378 1195 potestatis
416 1143 458 1181 et
495 1140 725 1195 sapientiae
763 1141 889 1181 saluti
928 1141 1090 1181 censuit
1127 1140 1372 1181 civitatibus
1409 1154 1498 1181 0330

154 1214 287 1254 posse.
351 1199 473 1248 Quod
504 1200 682 1240 fortasse
709 1199 935 1253 aliquando
962 1200 1180 1240 universae
1212 1199 1272 1240 rei
1304 1199 1499 1253 publicae

155 1262 336 1312 nostrae,
368 1272 480 1298 nunc
512 1259 682 1312 quidem
713 1259 904 1312 profecto
936 1259 1007 1299 isti
1038 1258 1280 1312 provinciae
1306 1258 1498 1313 contigit,

155 1320 202 1358 ut
234 1317 269 1357 13
301 1318 345 1357 111
377 1332 424 1357 ea
455 1331 663 1357 summam
700 1317 1180 1371 potestatem-haberet,
1219 1316 1286 1357 cui
1323 1316 1367 1356 in
1405 1316 1498 1357 doc·
1518 1331 1551 1355 20

155 1376 279 1430 trina,
312 1376 379 1416 cui
410 1376 454 1416 in
481 1376 637 1416 virtute
663 1378 789 1429 atque
820 1375 1083 1416 humanitate
1114 1375 1384 1429 percipienda
1408 1375 1498 1429 plu-

156 1435 311 1475 rimum
353 1449 376 1474 a
415 1434 597 1488 pueritia
641 1434 769 1474 studii
813 1434 961 1474 fuisset
1003 1437 1043 1475 et
1084 1433 1297 1487 temporis.
1361 1433 1498 1482 Quare

157 1508 266 1546 cura,
299 1496 345 1533 ut
370 1493 441 1533 hic
466 1507 611 1546 annus,
638 1493 710 1546 qui
737 1492 789 1532 ad
813 1492 1003 1533 laborem
1028 1495 1150 1533 tuum
1175 1492 1360 1545 accessit,
1386 1492 1498 1533 idem

156 1552 208 1592 ad
240 1552 418 1592 salutem
450 1550 576 1591 Asiae
613 1554 867 1606 prorogatus
905 1565 992 1592 esse
1023 1551 1226 1592 videatur.
1289 1550 1498 1600 Quoniam

157 1611 201 1651 in
232 1613 274 1651 10
307 1610 525 1651 101111011ᾱο
564 1610 645 1650 fuit
682 1609 785 1650 Asia
823 1610 986 1651 felicior
1024 1625 1150 1664 quam
1187 1624 1264 1651 nos
1295 1609 1340 1650 in
1373 1609 1498 1650 dedu·
1517 1623 1549 1649 25

157 1669 299 1723 cendo,
327 1670 490 1723 perfice,
517 1672 564 1709 ut
588 1669 751 1709 laetitia
770 1669 1011 1723 provinciae
1033 1669 1286 1709 desiderium
1305 1671 1500 1709 nostrum

156 1728 349 1769 leniatur.
413 1727 594 1781 Etenim,
627 1728 661 1767 si
694 1728 737 1767 in
769 1728 1060 1781 promerendo,
1095 1731 1141 1768 ut
1174 1727 1254 1768 tibi
1286 1727 1394 1768 tanti
1425 1727 1499 1768 ho-

156 1802 280 1828 nores
318 1787 592 1840 haberentur,
632 1787 779 1840 quanti
817 1786 930 1827 haud
961 1787 1046 1827 scio
1079 1801 1131 1826 an
1162 1786 1339 1840 nemini,
1379 1785 1499 1827 fuisti

158 1846 348 1886 omnium
382 1845 749 1901 diligentissimus,
787 1845 922 1886 multo
961 1845 1164 1886 maiorem
1197 1845 1240 1885 in
1271 1844 1338 1885 his
1368 1844 1500 1885 hono-

158 1905 275 1945 ribus
319 1904 486 1945 tuendis
530 1904 730 1945 adhibere
776 1904 1040 1959 diligentiam
1085 1903 1221 1944 debes.
1289 1902 1499 1956 Equidem
1519 1916 1552 1941 30

158 1964 207 2004 de
246 1964 327 2004 isto
365 1977 518 2019 genere
556 1963 767 2003 honorum
799 1963 901 2016 quid
939 1962 1156 2016 sentirem,
1194 1961 1342 2016 scripsi
1374 1961 1427 2002 ad
1457 1964 1499 2001 te

158 2025 264 2063 ante.
328 2021 503 2076 Semper
535 2035 605 2062 eos
636 2021 800 2075 putavi,
832 2021 867 2062 si
899 2021 1092 2077 volgares
1122 2023 1279 2075 essent,
1310 2019 1432 2073 viles,
1464 2019 1499 2060 si

158 2081 362 2135 temporis
389 2094 511 2121 causa
538 2079 906 2133 constituerentur,
938 2080 1068 2133 leves3
1101 2080 1136 2119 si
1168 2093 1280 2132 vero,
1312 2078 1355 2119 id
1386 2078 1500 2132 quod

160 2140 217 2180 ita
249 2140 408 2180 factum
442 2142 520 2192 est,
554 2139 717 2179 meritis
748 2138 833 2178 tuis
865 2139 1173 2191 tribuerentur,
1205 2136 1499 2178 existimabam

159 2199 337 2239 multam
370 2198 450 2238 tibi
482 2198 526 2238 in
551 2197 617 2237 his
643 2197 878 2238 honoribus
908 2197 1075 2237 tuendis
1108 2211 1278 2250 operam
1309 2209 1397 2236 esse
1428 2209 1501 2249 po-
1520 2207 1554 2233 35

158 2257 349 2297 nendam.
413 2256 561 2309 Quare,
595 2256 795 2310 quoniam
822 2256 864 2296 111
891 2256 983 2296 istis
1011 2255 1188 2296 urbibus
1215 2269 1309 2295 cum
1335 2268 1500 2294 summo
1550 2292 1552 2294 ,

162 2315 338 2369 imperio
372 2318 413 2356 et
449 2317 659 2369 potestate
692 2315 887 2368 versaris,
925 2315 969 2354 in
1007 2314 1160 2368 quibus
1197 2316 1290 2354 tuas
1322 2313 1501 2354 virtutes
