1659 2552
626 126 768 160 LIBER
793 125 843 160 IX
870 130 970 162 1—3.
1387 124 1471 165 229

130 236 175 263 re
206 221 319 277 fugit
350 223 422 274 aut
453 221 615 275 aliquid
648 222 808 277 cogitat
839 224 880 262 et
910 221 1040 262 habet
1070 234 1221 261 navem
1253 220 1471 273 paratam'.

130 280 335 334 Denique,
365 280 576 321 levissime
603 281 675 334 qui
708 280 1002 334 suspicaretur,
1034 282 1075 320 et
1102 279 1175 333 qui
1201 279 1379 319 fortasse
1404 292 1472 318 me

132 339 291 393 optime
331 339 538 392 novisset,
578 342 747 393 putaret
784 353 850 380 me
888 339 1044 379 idcirco
1087 337 1316 391 discedere,
1359 335 1473 390 quod

132 398 336 452 quosdam
367 398 560 438 homines
593 398 704 438 oculi
741 398 825 438 mei
855 398 965 438 ferre
996 411 1081 438 non
1112 398 1295 451 possent.
1357 394 1473 435 Haec

96 468 112 494 5
132 471 211 512 ego
243 456 458 510 suspicans
490 456 626 497 adhuc
657 456 817 497 Romae
848 470 1018 510 maneo,
1050 458 1092 496 et
1122 458 1264 496 tamen
1290 455 1473 506 λεληθό-

132 531 216 564 τως
247 515 505 556 consuetudo
545 515 693 555 diurna
731 515 884 555 callum
922 515 1006 555 iam
1044 513 1223 554 obduxit
1254 511 1472 553 stomacho

132 588 237 615 meo.
269 573 412 614 Habes
439 574 646 614 rationem
671 574 754 614 mei
781 573 956 614 consilii.
995 572 1092 613 Tibi
1118 573 1251 628 igitur
1275 571 1357 612 hoc
1383 585 1472 611 cen-
1499 577 1521 608 4

133 647 222 686 seo,
258 632 475 673 latendum
512 632 719 686 tantisper
757 632 932 686 ibidem,
973 631 1072 672 dum
1104 630 1339 672 effervescit
1369 629 1473 670 haec

133 691 381 747 gratulatio,
421 694 462 732 et
494 691 620 732 simul
653 691 752 731 dum
784 691 1020 745 audiamus,
1058 704 1183 744 quem
1215 688 1268 730 ad
1298 688 1472 729 modum

81 762 114 786 10
134 750 354 805 negotium
380 750 618 790 confectum
643 750 715 803 sit3
748 750 986 790 confectum
1012 749 1124 790 enim
1150 762 1239 789 esse
1265 747 1472 788 existimo.

134 808 281 864 Magni
313 811 454 849 autem
486 809 689 862 intererit,
723 808 796 862 qui
827 809 955 849 fuerit
986 807 1160 848 victoris
1192 806 1368 860 animus,
1401 805 1475 859 qui

135 867 273 909 exitus
311 881 469 921 rerum3
511 882 783 921 quamquam,
825 881 908 921 quo
948 881 1016 907 me
1057 866 1297 907 coniectura
1338 865 1473 918 ducat,

134 926 288 979 habeo,
329 925 402 966 sed
442 928 616 979 expecto
654 929 805 966 tamen.
867 925 926 966 Te
963 939 1062 966 vero
1100 924 1220 978 nolo,
1261 923 1344 964 nisi
1385 923 1474 977 ipse
1500 928 1520 959 5

135 999 281 1025 rumor
317 984 402 1025 iam
441 998 590 1024 raucus
627 984 708 1024 erit
745 986 897 1038 factus,
939 984 992 1024 ad
1028 983 1152 1024 Baias
1189 982 1354 1036 venire3
1396 981 1477 1022 erit

83 1054 116 1079 15
137 1043 250 1084 enim
288 1043 411 1083 nobis
448 1042 683 1097 honestius,
723 1043 850 1084 etiam
888 1057 983 1083 cum
1019 1042 1119 1082 hinc
1152 1041 1477 1094 discesserimus,

136 1101 270 1143 videri
295 1101 458 1142 venisse
491 1101 533 1141 in
565 1101 638 1142 illa
668 1101 761 1142 loca
790 1102 1004 1155 ploratum
1035 1101 1177 1155 potius
1207 1114 1332 1153 quam
1362 1102 1478 1139 nata-

137 1163 239 1201 tum.
285 1159 368 1201 Sed
397 1160 499 1200 haec
532 1162 579 1200 tu
610 1160 778 1214 melius,
810 1160 936 1200 modo
968 1160 1092 1200 nobis
1124 1161 1206 1199 stet
1239 1158 1362 1211 illud,
1393 1172 1478 1198 una

137 1219 278 1260 vivere
309 1219 353 1259 in
385 1218 535 1258 studiis
565 1219 734 1272 nostris,
767 1233 789 1258 a
815 1219 969 1272 quibus
1001 1221 1124 1258 antea
1155 1217 1477 1258 delectationem

137 1277 263 1318 modo
289 1277 547 1331 petebamus,
578 1291 689 1317 nunc
709 1291 808 1318 vero
830 1278 957 1318 etiam
983 1277 1179 1330 salutem3
1211 1290 1297 1316 non
1323 1275 1477 1328 deesse,

85 1347 118 1372 20
138 1337 174 1377 si
206 1335 300 1390 quis
325 1335 525 1376 adhibere
550 1336 675 1389 volet,
700 1350 785 1376 non
810 1336 937 1376 modo
963 1338 1010 1376 ut
1036 1335 1300 1388 architectos,
1330 1347 1479 1374 verum

35 1395 43 1403 '
139 1395 267 1436 etiam
298 1397 345 1435 ut
376 1394 518 1435 fabros
551 1394 603 1434 ad
634 1394 935 1435 aedificandam
966 1408 1055 1435 rem
1088 1393 1303 1448 publicam
1335 1395 1376 1433 et
1406 1406 1479 1446 po-

138 1454 223 1494 tius
260 1453 442 1494 libenter
480 1466 712 1507 accurrere3
750 1453 786 1493 si
823 1468 946 1494 nemo
979 1455 1124 1493 utetur
1156 1466 1299 1505 opera,
1336 1454 1480 1492 tamen

140 1515 182 1552 et
218 1511 401 1552 scribere
438 1513 479 1552 et
516 1511 657 1566 legere
693 1514 912 1561 πολιτείας
949 1514 1008 1565 et,
1049 1511 1086 1551 si
1116 1511 1256 1551 minus
1288 1510 1332 1550 in
1364 1509 1481 1550 curia

141 1572 267 1623 atque
307 1569 350 1610 in
390 1570 501 1623 foro,
542 1572 585 1610 at
626 1570 669 1610 in
708 1569 864 1611 litteris
902 1573 943 1610 et
979 1570 1120 1624 libris,
1161 1572 1209 1610 ut
1247 1567 1478 1609 doctissimi

89 1638 122 1663 25
142 1631 304 1669 veteres
346 1628 552 1681 fecerunt,
592 1628 622 1681 ’ἱ-
647 1643 823 1683 gravare
854 1643 943 1669 rem
974 1644 1012 1682 p.
1047 1631 1088 1669 et
1120 1628 1170 1669 de
1200 1628 1392 1668 moribus
1436 1640 1484 1667 ac

141 1686 308 1742 legibus
339 1700 548 1740 quaerere.
599 1686 707 1727 Mihi
738 1687 841 1727 haec
871 1687 1087 1741 videntur,
1117 1689 1165 1727 tu
1197 1686 1300 1740 quid
1331 1686 1389 1726 sis
1420 1699 1484 1725 ac-

142 1749 280 1798 turus,
318 1747 360 1784 et
391 1744 493 1798 quid
523 1744 604 1785 tibi
635 1745 815 1799 placeat,
852 1748 1100 1800 pergratum
1131 1744 1228 1799 erit,
1266 1744 1302 1785 si
1334 1744 1386 1784 ad
1416 1757 1484 1784 me

144 1816 371 1857 scripseris.

778 1906 853 1948 HI.

94 2000 127 2025 30
501 1986 573 2021 Ser.
606 1986 743 2021 Romae
769 1988 882 2031 paulo
909 1990 991 2021 ante
1016 1997 1068 2031 ep.
1095 1988 1130 2021 2.

600 2067 766 2102 CICERO
800 2066 1029 2102 VARRONI.

235 2151 341 2206 Etsi,
373 2152 475 2206 quid
506 2150 745 2204 scriberem,
776 2165 861 2192 non
892 2150 1112 2204 habebam,
1145 2154 1286 2191 tamen
1308 2149 1486 2191 Caninio
1517 2164 1534 2194 1

149 2210 201 2250 ad
230 2213 272 2250 te
310 2211 427 2251 eunti
458 2224 543 2250 non
580 2209 702 2263 potui
732 2209 841 2250 nihil
874 2210 980 2250 dare.
1044 2208 1154 2258 Quid
1185 2224 1286 2265 ergo
1319 2209 1488 2263 potissi-

148 2283 264 2309 mum
296 2269 506 2309 scribam?
539 2267 660 2317 Quod
691 2268 798 2308 velle
830 2270 871 2308 te
902 2270 1019 2321 puto,
1052 2268 1134 2308 cito
1161 2282 1228 2308 me
1255 2268 1307 2308 ad
1331 2270 1373 2308 te
1400 2282 1489 2309 esse

96 2336 130 2362 35
149 2329 390 2383 venturum3
423 2327 501 2368 etsi
528 2327 633 2380 vide,
661 2341 827 2381 quaeso,
860 2326 1014 2367 satisne
1040 2329 1202 2367 rectum
1229 2326 1282 2367 sit
1307 2340 1385 2368 nos
1409 2326 1492 2367 hoc
