<?xml version="1.0" encoding="UTF-8"?>
<!DOCTYPE html PUBLIC "-//W3C//DTD XHTML 1.0 Transitional//EN"
    "http://www.w3.org/TR/xhtml1/DTD/xhtml1-transitional.dtd">
<html xmlns="http://www.w3.org/1999/xhtml" xml:lang="en" lang="en">
 <head>
  <title>
</title>
<meta http-equiv="Content-Type" content="text/html;charset=utf-8" />
  <meta name='ocr-system' content='tesseract 3.04.00' />
  <meta name='ocr-capabilities' content='ocr_page ocr_carea ocr_par ocr_line ocrx_word'/>
</head>
<body>
  <div class='ocr_page' id='page_1' title='image "./p1scriptaquaemanse03ciceuoft_0623.png"; bbox 0 0 1659 2552; ppageno 0'>
   <div class='ocr_carea' id='block_1_1' title="bbox 85 409 102 434">
    <p class='ocr_par' dir='ltr' id='par_1_1' title="bbox 85 409 102 434">
     <span class='ocr_line' id='line_1_1' title="bbox 85 409 102 434; baseline 0 0"><span class='ocrx_word' id='word_1_1' title='bbox 85 409 102 434; x_wconf 89' lang='lat'>5</span> 
     </span>
    </p>
   </div>
   <div class='ocr_carea' id='block_1_2' title="bbox 72 703 103 728">
    <p class='ocr_par' dir='ltr' id='par_1_2' title="bbox 72 703 103 728">
     <span class='ocr_line' id='line_1_2' title="bbox 72 703 103 728; baseline 0.065 -2"><span class='ocrx_word' id='word_1_2' title='bbox 72 703 103 728; x_wconf 90' lang='lat'>10</span> 
     </span>
    </p>
   </div>
   <div class='ocr_carea' id='block_1_3' title="bbox 69 1289 103 1313">
    <p class='ocr_par' dir='ltr' id='par_1_3' title="bbox 69 1289 103 1313">
     <span class='ocr_line' id='line_1_3' title="bbox 69 1289 103 1313; baseline 0 0"><span class='ocrx_word' id='word_1_3' title='bbox 69 1289 103 1313; x_wconf 74' lang='lat'>20</span> 
     </span>
    </p>
   </div>
   <div class='ocr_carea' id='block_1_4' title="bbox 71 1579 104 1604">
    <p class='ocr_par' dir='ltr' id='par_1_4' title="bbox 71 1579 104 1604">
     <span class='ocr_line' id='line_1_4' title="bbox 71 1579 104 1604; baseline 0 0"><span class='ocrx_word' id='word_1_4' title='bbox 71 1579 104 1604; x_wconf 81' lang='lat'>25</span> 
     </span>
    </p>
   </div>
   <div class='ocr_carea' id='block_1_5' title="bbox 71 1872 105 1896">
    <p class='ocr_par' dir='ltr' id='par_1_5' title="bbox 71 1872 105 1896">
     <span class='ocr_line' id='line_1_5' title="bbox 71 1872 105 1896; baseline 0 0"><span class='ocrx_word' id='word_1_5' title='bbox 71 1872 105 1896; x_wconf 86' lang='lat'>30</span> 
     </span>
    </p>
   </div>
   <div class='ocr_carea' id='block_1_6' title="bbox 72 2163 105 2188">
    <p class='ocr_par' dir='ltr' id='par_1_6' title="bbox 72 2163 105 2188">
     <span class='ocr_line' id='line_1_6' title="bbox 72 2163 105 2188; baseline -0.03 0"><span class='ocrx_word' id='word_1_6' title='bbox 72 2163 105 2188; x_wconf 86' lang='lat'>35</span> 
     </span>
    </p>
   </div>
   <div class='ocr_carea' id='block_1_7' title="bbox 428 62 1457 107">
    <p class='ocr_par' dir='ltr' id='par_1_7' title="bbox 428 62 1457 107">
     <span class='ocr_line' id='line_1_7' title="bbox 428 62 1457 107; baseline 0.004 -8"><span class='ocrx_word' id='word_1_7' title='bbox 428 65 492 99; x_wconf 90' lang='lat' dir='ltr'>AD</span> <span class='ocrx_word' id='word_1_8' title='bbox 519 64 677 107; x_wconf 84' lang='lat' dir='ltr'>QUINT.</span> <span class='ocrx_word' id='word_1_9' title='bbox 704 63 874 99; x_wconf 86' lang='lat' dir='ltr'><strong>FRATR.</strong></span> <span class='ocrx_word' id='word_1_10' title='bbox 900 63 1042 97; x_wconf 83' lang='lat' dir='ltr'>LIBER</span> <span class='ocrx_word' id='word_1_11' title='bbox 1066 63 1082 97; x_wconf 91' lang='grc' dir='ltr'><strong>Ι</strong></span> <span class='ocrx_word' id='word_1_12' title='bbox 1110 67 1138 97; x_wconf 95' lang='grc'>1.</span> <span class='ocrx_word' id='word_1_13' title='bbox 1371 62 1457 103; x_wconf 78' lang='grc'>495</span> 
     </span>
    </p>
   </div>
   <div class='ocr_carea' id='block_1_8' title="bbox 120 158 1460 977">
    <p class='ocr_par' dir='ltr' id='par_1_8' title="bbox 120 158 1458 495">
     <span class='ocr_line' id='line_1_8' title="bbox 120 158 1457 215; baseline -0.002 -13"><span class='ocrx_word' id='word_1_14' title='bbox 120 164 163 202; x_wconf 91' lang='lat' dir='ltr'>et</span> <span class='ocrx_word' id='word_1_15' title='bbox 190 160 475 215; x_wconf 83' lang='lat' dir='ltr'>Chaerippum</span> <span class='ocrx_word' id='word_1_16' title='bbox 501 163 542 202; x_wconf 91' lang='lat' dir='ltr'>et</span> <span class='ocrx_word' id='word_1_17' title='bbox 566 160 806 201; x_wconf 81' lang='lat' dir='ltr'>Labeonem</span> <span class='ocrx_word' id='word_1_18' title='bbox 832 162 874 200; x_wconf 90' lang='lat' dir='ltr'>et</span> <span class='ocrx_word' id='word_1_19' title='bbox 905 159 1029 200; x_wconf 85' lang='lat' dir='ltr'>audio</span> <span class='ocrx_word' id='word_1_20' title='bbox 1056 161 1108 213; x_wconf 90' lang='lat' dir='ltr'>et,</span> <span class='ocrx_word' id='word_1_21' title='bbox 1141 159 1240 212; x_wconf 90' lang='lat' dir='ltr'>quia</span> <span class='ocrx_word' id='word_1_22' title='bbox 1265 158 1457 214; x_wconf 84' lang='lat' dir='ltr'>cognovi,</span> 
     </span>
     <span class='ocr_line' id='line_1_9' title="bbox 121 217 1458 274; baseline -0.002 -13"><span class='ocrx_word' id='word_1_23' title='bbox 121 220 329 274; x_wconf 84' lang='lat' dir='ltr'>existimo,</span> <span class='ocrx_word' id='word_1_24' title='bbox 361 220 470 261; x_wconf 89' lang='lat' dir='ltr'>nihil</span> <span class='ocrx_word' id='word_1_25' title='bbox 495 222 568 273; x_wconf 88' lang='lat' dir='ltr'>est,</span> <span class='ocrx_word' id='word_1_26' title='bbox 601 219 714 273; x_wconf 86' lang='lat' dir='ltr'>quod</span> <span class='ocrx_word' id='word_1_27' title='bbox 739 233 824 259; x_wconf 91' lang='lat' dir='ltr'>non</span> <span class='ocrx_word' id='word_1_28' title='bbox 850 221 891 259; x_wconf 88' lang='lat' dir='ltr'>et</span> <span class='ocrx_word' id='word_1_29' title='bbox 920 218 983 272; x_wconf 88' lang='lat' dir='ltr'>iis,</span> <span class='ocrx_word' id='word_1_30' title='bbox 1015 220 1056 258; x_wconf 92' lang='lat' dir='ltr'>et</span> <span class='ocrx_word' id='word_1_31' title='bbox 1082 217 1117 259; x_wconf 90' lang='lat' dir='ltr'>si</span> <span class='ocrx_word' id='word_1_32' title='bbox 1144 218 1238 271; x_wconf 89' lang='lat' dir='ltr'>quis</span> <span class='ocrx_word' id='word_1_33' title='bbox 1264 221 1326 258; x_wconf 91' lang='lat' dir='ltr'>est</span> <span class='ocrx_word' id='word_1_34' title='bbox 1351 217 1458 258; x_wconf 88' lang='lat' dir='ltr'>alius</span> 
     </span>
     <span class='ocr_line' id='line_1_10' title="bbox 121 276 1458 332; baseline -0.002 -13"><span class='ocrx_word' id='word_1_35' title='bbox 121 279 308 319; x_wconf 88' lang='lat' dir='ltr'>eiusdem</span> <span class='ocrx_word' id='word_1_36' title='bbox 339 278 467 332; x_wconf 88' lang='lat' dir='ltr'>modi,</span> <span class='ocrx_word' id='word_1_37' title='bbox 499 281 542 319; x_wconf 91' lang='lat' dir='ltr'>et</span> <span class='ocrx_word' id='word_1_38' title='bbox 573 278 782 319; x_wconf 89' lang='lat' dir='ltr'>committi</span> <span class='ocrx_word' id='word_1_39' title='bbox 814 279 856 318; x_wconf 91' lang='lat' dir='ltr'>et</span> <span class='ocrx_word' id='word_1_40' title='bbox 887 276 999 318; x_wconf 90' lang='lat' dir='ltr'>credi</span> <span class='ocrx_word' id='word_1_41' title='bbox 1032 276 1263 317; x_wconf 73' lang='lat' dir='ltr'>rectissime</span> <span class='ocrx_word' id='word_1_42' title='bbox 1295 279 1458 331; x_wconf 85' lang='lat' dir='ltr'>putem3</span> 
     </span>
     <span class='ocr_line' id='line_1_11' title="bbox 121 335 1458 392; baseline -0.001 -15"><span class='ocrx_word' id='word_1_43' title='bbox 121 338 204 392; x_wconf 89' lang='lat' dir='ltr'>sed,</span> <span class='ocrx_word' id='word_1_44' title='bbox 236 337 271 377; x_wconf 92' lang='lat' dir='ltr'>si</span> <span class='ocrx_word' id='word_1_45' title='bbox 304 337 398 391; x_wconf 92' lang='lat' dir='ltr'>quis</span> <span class='ocrx_word' id='word_1_46' title='bbox 430 339 503 390; x_wconf 87' lang='lat' dir='ltr'>est,</span> <span class='ocrx_word' id='word_1_47' title='bbox 535 337 579 377; x_wconf 93' lang='lat' dir='ltr'>in</span> <span class='ocrx_word' id='word_1_48' title='bbox 606 351 689 390; x_wconf 90' lang='lat' dir='ltr'>quo</span> <span class='ocrx_word' id='word_1_49' title='bbox 721 337 805 377; x_wconf 90' lang='lat' dir='ltr'>iam</span> <span class='ocrx_word' id='word_1_50' title='bbox 831 335 1067 389; x_wconf 85' lang='lat' dir='ltr'>offenderis,</span> <span class='ocrx_word' id='word_1_51' title='bbox 1099 335 1149 375; x_wconf 89' lang='lat' dir='ltr'>de</span> <span class='ocrx_word' id='word_1_52' title='bbox 1181 349 1264 389; x_wconf 92' lang='lat' dir='ltr'>quo</span> <span class='ocrx_word' id='word_1_53' title='bbox 1297 335 1458 388; x_wconf 89' lang='lat' dir='ltr'>aliquid</span> 
     </span>
     <span class='ocr_line' id='line_1_12' title="bbox 121 394 1458 450; baseline -0.002 -14"><span class='ocrx_word' id='word_1_54' title='bbox 121 396 310 450; x_wconf 79' lang='lat' dir='ltr'>senseris,</span> <span class='ocrx_word' id='word_1_55' title='bbox 342 396 441 436; x_wconf 87' lang='lat' dir='ltr'>huic</span> <span class='ocrx_word' id='word_1_56' title='bbox 466 395 574 435; x_wconf 89' lang='lat' dir='ltr'>nihil</span> <span class='ocrx_word' id='word_1_57' title='bbox 599 395 836 449; x_wconf 74' lang='lat' dir='ltr'>credideris,</span> <span class='ocrx_word' id='word_1_58' title='bbox 866 394 1027 435; x_wconf 90' lang='lat' dir='ltr'>nullam</span> <span class='ocrx_word' id='word_1_59' title='bbox 1057 396 1221 448; x_wconf 91' lang='lat' dir='ltr'>partem</span> <span class='ocrx_word' id='word_1_60' title='bbox 1248 394 1458 434; x_wconf 78' lang='lat' dir='ltr'>existima-</span> 
     </span>
     <span class='ocr_line' id='line_1_13' title="bbox 120 454 678 495; baseline -0.002 0"><span class='ocrx_word' id='word_1_61' title='bbox 120 455 250 495; x_wconf 79' lang='lat' dir='ltr'>tionis</span> <span class='ocrx_word' id='word_1_62' title='bbox 281 458 377 495; x_wconf 86' lang='lat' dir='ltr'>tuae</span> <span class='ocrx_word' id='word_1_63' title='bbox 409 454 678 495; x_wconf 85' lang='lat' dir='ltr'>commiseris.</span> 
     </span>
    </p>

    <p class='ocr_par' dir='ltr' id='par_1_9' title="bbox 120 511 1460 977">
     <span class='ocr_line' id='line_1_14' title="bbox 207 511 1457 567; baseline -0.002 -14"><span class='ocrx_word' id='word_1_64' title='bbox 207 512 257 553; x_wconf 93' lang='lat' dir='ltr'>In</span> <span class='ocrx_word' id='word_1_65' title='bbox 289 513 506 567; x_wconf 79' lang='lat' dir='ltr'>provincia</span> <span class='ocrx_word' id='word_1_66' title='bbox 536 527 636 553; x_wconf 85' lang='lat' dir='ltr'>vero</span> <span class='ocrx_word' id='word_1_67' title='bbox 674 513 764 566; x_wconf 87' lang='lat' dir='ltr'>ipsa</span> <span class='ocrx_word' id='word_1_68' title='bbox 801 512 837 552; x_wconf 90' lang='lat' dir='ltr'>si</span> <span class='ocrx_word' id='word_1_69' title='bbox 875 526 999 565; x_wconf 91' lang='lat' dir='ltr'>quem</span> <span class='ocrx_word' id='word_1_70' title='bbox 1032 525 1074 552; x_wconf 87' lang='lat' dir='ltr'>es</span> <span class='ocrx_word' id='word_1_71' title='bbox 1105 514 1270 565; x_wconf 89' lang='lat' dir='ltr'>nactus,</span> <span class='ocrx_word' id='word_1_72' title='bbox 1309 511 1381 565; x_wconf 90' lang='lat' dir='ltr'>qui</span> <span class='ocrx_word' id='word_1_73' title='bbox 1414 511 1457 551; x_wconf 90' lang='lat' dir='ltr'>in</span> 
     </span>
     <span class='ocr_line' id='line_1_15' title="bbox 120 570 1458 624; baseline -0.001 -12"><span class='ocrx_word' id='word_1_74' title='bbox 120 575 237 612; x_wconf 90' lang='lat' dir='ltr'>tuam</span> <span class='ocrx_word' id='word_1_75' title='bbox 274 571 606 612; x_wconf 77' lang='lat' dir='ltr'>familiaritatem</span> <span class='ocrx_word' id='word_1_76' title='bbox 646 571 814 624; x_wconf 87' lang='lat' dir='ltr'>penitus</span> <span class='ocrx_word' id='word_1_77' title='bbox 852 570 1041 623; x_wconf 84' lang='lat' dir='ltr'>intrarit,</span> <span class='ocrx_word' id='word_1_78' title='bbox 1085 570 1158 624; x_wconf 89' lang='lat' dir='ltr'>qui</span> <span class='ocrx_word' id='word_1_79' title='bbox 1197 570 1322 610; x_wconf 89' lang='lat' dir='ltr'>nobis</span> <span class='ocrx_word' id='word_1_80' title='bbox 1362 572 1458 610; x_wconf 89' lang='lat' dir='ltr'>ante</span> 
     </span>
     <span class='ocr_line' id='line_1_16' title="bbox 121 628 1459 685; baseline -0.002 -14"><span class='ocrx_word' id='word_1_81' title='bbox 121 631 251 671; x_wconf 86' lang='lat' dir='ltr'>fuerit</span> <span class='ocrx_word' id='word_1_82' title='bbox 282 631 465 685; x_wconf 85' lang='lat' dir='ltr'>ignotus,</span> <span class='ocrx_word' id='word_1_83' title='bbox 495 630 595 670; x_wconf 90' lang='lat' dir='ltr'>huic</span> <span class='ocrx_word' id='word_1_84' title='bbox 621 632 825 683; x_wconf 86' lang='lat' dir='ltr'>quantum</span> <span class='ocrx_word' id='word_1_85' title='bbox 852 629 1105 670; x_wconf 84' lang='lat' dir='ltr'>credendum</span> <span class='ocrx_word' id='word_1_86' title='bbox 1137 628 1203 683; x_wconf 91' lang='lat' dir='ltr'>sit,</span> <span class='ocrx_word' id='word_1_87' title='bbox 1235 628 1341 682; x_wconf 81' lang='lat' dir='ltr'>vide,</span> <span class='ocrx_word' id='word_1_88' title='bbox 1372 642 1459 669; x_wconf 92' lang='lat' dir='ltr'>non</span> 
     </span>
     <span class='ocr_line' id='line_1_17' title="bbox 125 687 1460 743; baseline -0.001 -14"><span class='ocrx_word' id='word_1_89' title='bbox 125 689 228 743; x_wconf 91' lang='lat' dir='ltr'>quin</span> <span class='ocrx_word' id='word_1_90' title='bbox 258 689 423 743; x_wconf 83' lang='lat' dir='ltr'>possint</span> <span class='ocrx_word' id='word_1_91' title='bbox 453 688 578 729; x_wconf 89' lang='lat' dir='ltr'>multi</span> <span class='ocrx_word' id='word_1_92' title='bbox 604 702 692 728; x_wconf 91' lang='lat' dir='ltr'>esse</span> <span class='ocrx_word' id='word_1_93' title='bbox 724 687 1004 742; x_wconf 81' lang='lat' dir='ltr'>provinciales</span> <span class='ocrx_word' id='word_1_94' title='bbox 1029 687 1110 728; x_wconf 84' lang='lat' dir='ltr'>viri</span> <span class='ocrx_word' id='word_1_95' title='bbox 1136 687 1250 740; x_wconf 92' lang='lat' dir='ltr'>boni,</span> <span class='ocrx_word' id='word_1_96' title='bbox 1282 687 1354 728; x_wconf 85' lang='lat' dir='ltr'>sed</span> <span class='ocrx_word' id='word_1_97' title='bbox 1378 687 1460 727; x_wconf 86' lang='lat' dir='ltr'>hoc</span> 
     </span>
     <span class='ocr_line' id='line_1_18' title="bbox 121 745 1457 802; baseline -0.002 -14"><span class='ocrx_word' id='word_1_98' title='bbox 121 762 287 801; x_wconf 88' lang='lat' dir='ltr'>sperare</span> <span class='ocrx_word' id='word_1_99' title='bbox 328 747 444 802; x_wconf 90' lang='lat' dir='ltr'>licet,</span> <span class='ocrx_word' id='word_1_100' title='bbox 484 747 668 787; x_wconf 88' lang='lat' dir='ltr'>iudicare</span> <span class='ocrx_word' id='word_1_101' title='bbox 705 746 989 801; x_wconf 87' lang='lat' dir='ltr'>periculosum</span> <span class='ocrx_word' id='word_1_102' title='bbox 1026 748 1099 786; x_wconf 88' lang='lat' dir='ltr'>est.</span> <span class='ocrx_word' id='word_1_103' title='bbox 1160 745 1308 786; x_wconf 89' lang='lat' dir='ltr'>Multis</span> <span class='ocrx_word' id='word_1_104' title='bbox 1346 745 1457 786; x_wconf 91' lang='lat' dir='ltr'>enim</span> 
     </span>
     <span class='ocr_line' id='line_1_19' title="bbox 121 804 1459 860; baseline -0.002 -13"><span class='ocrx_word' id='word_1_105' title='bbox 121 806 439 847; x_wconf 82' lang='lat' dir='ltr'>simulationum</span> <span class='ocrx_word' id='word_1_106' title='bbox 470 805 700 846; x_wconf 85' lang='lat' dir='ltr'>involucris</span> <span class='ocrx_word' id='word_1_107' title='bbox 737 805 898 860; x_wconf 92' lang='lat' dir='ltr'>tegitur</span> <span class='ocrx_word' id='word_1_108' title='bbox 929 807 971 845; x_wconf 91' lang='lat' dir='ltr'>et</span> <span class='ocrx_word' id='word_1_109' title='bbox 1002 804 1121 858; x_wconf 84' lang='lat' dir='ltr'>quasi</span> <span class='ocrx_word' id='word_1_110' title='bbox 1153 804 1257 845; x_wconf 86' lang='lat' dir='ltr'>velis</span> <span class='ocrx_word' id='word_1_111' title='bbox 1289 804 1459 858; x_wconf 90' lang='lat' dir='ltr'>quibus-</span> 
     </span>
     <span class='ocr_line' id='line_1_20' title="bbox 121 863 1458 918; baseline -0.001 -13"><span class='ocrx_word' id='word_1_112' title='bbox 121 865 216 905; x_wconf 86' lang='lat' dir='ltr'>dam</span> <span class='ocrx_word' id='word_1_113' title='bbox 258 864 503 905; x_wconf 87' lang='lat' dir='ltr'>obtenditur</span> <span class='ocrx_word' id='word_1_114' title='bbox 542 864 667 904; x_wconf 89' lang='lat' dir='ltr'>unius</span> <span class='ocrx_word' id='word_1_115' title='bbox 708 864 909 918; x_wconf 89' lang='lat' dir='ltr'>cuiusque</span> <span class='ocrx_word' id='word_1_116' title='bbox 949 866 1117 917; x_wconf 68' lang='lat' dir='ltr'>natura,</span> <span class='ocrx_word' id='word_1_117' title='bbox 1158 863 1294 917; x_wconf 86' lang='lat' dir='ltr'>frons,</span> <span class='ocrx_word' id='word_1_118' title='bbox 1336 863 1458 917; x_wconf 94' lang='lat' dir='ltr'>oculi,</span> 
     </span>
     <span class='ocr_line' id='line_1_21' title="bbox 121 922 1457 977; baseline -0.001 -13"><span class='ocrx_word' id='word_1_119' title='bbox 121 924 262 964; x_wconf 84' lang='lat' dir='ltr'>vultus</span> <span class='ocrx_word' id='word_1_120' title='bbox 305 937 504 977; x_wconf 84' lang='lat' dir='ltr'>persaepe</span> <span class='ocrx_word' id='word_1_121' title='bbox 548 923 831 977; x_wconf 89' lang='lat' dir='ltr'>mentiuntur,</span> <span class='ocrx_word' id='word_1_122' title='bbox 882 922 1017 963; x_wconf 87' lang='lat' dir='ltr'>oratio</span> <span class='ocrx_word' id='word_1_123' title='bbox 1060 936 1161 962; x_wconf 84' lang='lat' dir='ltr'>vero</span> <span class='ocrx_word' id='word_1_124' title='bbox 1205 922 1457 975; x_wconf 85' lang='lat' dir='ltr'>saepissime.</span> 
     </span>
    </p>
   </div>
   <div class='ocr_carea' id='block_1_9' title="bbox 88 980 1459 1035">
    <p class='ocr_par' dir='ltr' id='par_1_10' title="bbox 88 980 1459 1035">
     <span class='ocr_line' id='line_1_22' title="bbox 88 980 1459 1035; baseline 0.001 -16"><span class='ocrx_word' id='word_1_125' title='bbox 88 996 102 1019; x_wconf 59' lang='grc' dir='ltr'>ν,</span> <span class='ocrx_word' id='word_1_126' title='bbox 123 981 257 1031; x_wconf 85' lang='lat' dir='ltr'>Quam</span> <span class='ocrx_word' id='word_1_127' title='bbox 290 982 343 1022; x_wconf 93' lang='lat' dir='ltr'>ob</span> <span class='ocrx_word' id='word_1_128' title='bbox 381 996 471 1022; x_wconf 91' lang='lat' dir='ltr'>rem</span> <span class='ocrx_word' id='word_1_129' title='bbox 503 982 575 1035; x_wconf 83' lang='lat' dir='ltr'>qui</span> <span class='ocrx_word' id='word_1_130' title='bbox 606 984 726 1035; x_wconf 89' lang='lat' dir='ltr'>potes</span> <span class='ocrx_word' id='word_1_131' title='bbox 758 981 940 1035; x_wconf 86' lang='lat' dir='ltr'>reperire</span> <span class='ocrx_word' id='word_1_132' title='bbox 973 995 1023 1021; x_wconf 84' lang='lat' dir='ltr'>ex</span> <span class='ocrx_word' id='word_1_133' title='bbox 1055 994 1104 1021; x_wconf 89' lang='lat' dir='ltr'>eo</span> <span class='ocrx_word' id='word_1_134' title='bbox 1141 994 1293 1035; x_wconf 82' lang='lat' dir='ltr'>genere</span> <span class='ocrx_word' id='word_1_135' title='bbox 1324 980 1459 1021; x_wconf 84' lang='lat' dir='ltr'>homi—</span> 
     </span>
    </p>
   </div>
   <div class='ocr_carea' id='block_1_10' title="bbox 121 1038 1463 2320">
    <p class='ocr_par' dir='ltr' id='par_1_11' title="bbox 121 1038 1463 2320">
     <span class='ocr_line' id='line_1_23' title="bbox 121 1038 1458 1095; baseline -0.001 -14"><span class='ocrx_word' id='word_1_136' title='bbox 121 1055 234 1095; x_wconf 91' lang='lat' dir='ltr'>num,</span> <span class='ocrx_word' id='word_1_137' title='bbox 266 1041 338 1094; x_wconf 93' lang='lat' dir='ltr'>qui</span> <span class='ocrx_word' id='word_1_138' title='bbox 369 1040 569 1094; x_wconf 91' lang='lat' dir='ltr'>pecuniae</span> <span class='ocrx_word' id='word_1_139' title='bbox 596 1040 824 1094; x_wconf 89' lang='lat' dir='ltr'>cupiditate</span> <span class='ocrx_word' id='word_1_140' title='bbox 856 1039 1025 1080; x_wconf 89' lang='lat' dir='ltr'>adducti</span> <span class='ocrx_word' id='word_1_141' title='bbox 1051 1041 1218 1080; x_wconf 86' lang='lat' dir='ltr'>careant</span> <span class='ocrx_word' id='word_1_142' title='bbox 1250 1038 1302 1079; x_wconf 89' lang='lat' dir='ltr'>iis</span> <span class='ocrx_word' id='word_1_143' title='bbox 1333 1039 1458 1079; x_wconf 89' lang='lat' dir='ltr'>rebus</span> 
     </span>
     <span class='ocr_line' id='line_1_24' title="bbox 123 1098 1458 1152; baseline -0.001 -12"><span class='ocrx_word' id='word_1_144' title='bbox 123 1099 335 1152; x_wconf 85' lang='lat' dir='ltr'>omnibus,</span> <span class='ocrx_word' id='word_1_145' title='bbox 375 1113 397 1139; x_wconf 89' lang='lat' dir='ltr'>a</span> <span class='ocrx_word' id='word_1_146' title='bbox 428 1099 584 1152; x_wconf 75' lang='lat' dir='ltr'>quibus</span> <span class='ocrx_word' id='word_1_147' title='bbox 613 1113 690 1139; x_wconf 89' lang='lat' dir='ltr'>nos</span> <span class='ocrx_word' id='word_1_148' title='bbox 722 1098 875 1139; x_wconf 82' lang='lat' dir='ltr'>divulsi</span> <span class='ocrx_word' id='word_1_149' title='bbox 908 1112 996 1139; x_wconf 87' lang='lat' dir='ltr'>esse</span> <span class='ocrx_word' id='word_1_150' title='bbox 1026 1112 1112 1138; x_wconf 92' lang='lat' dir='ltr'>non</span> <span class='ocrx_word' id='word_1_151' title='bbox 1143 1112 1385 1152; x_wconf 89' lang='lat' dir='ltr'>possumus,</span> <span class='ocrx_word' id='word_1_152' title='bbox 1416 1100 1458 1138; x_wconf 90' lang='lat' dir='ltr'>te</span> 
     </span>
     <span class='ocr_line' id='line_1_25' title="bbox 122 1156 1458 1211; baseline -0.001 -13"><span class='ocrx_word' id='word_1_153' title='bbox 122 1161 274 1211; x_wconf 89' lang='lat' dir='ltr'>autem,</span> <span class='ocrx_word' id='word_1_154' title='bbox 306 1158 489 1198; x_wconf 91' lang='lat' dir='ltr'>alienum</span> <span class='ocrx_word' id='word_1_155' title='bbox 520 1157 746 1211; x_wconf 88' lang='lat' dir='ltr'>hominem,</span> <span class='ocrx_word' id='word_1_156' title='bbox 780 1160 920 1197; x_wconf 89' lang='lat' dir='ltr'>ament</span> <span class='ocrx_word' id='word_1_157' title='bbox 951 1171 1002 1197; x_wconf 81' lang='lat' dir='ltr'>ex</span> <span class='ocrx_word' id='word_1_158' title='bbox 1034 1156 1174 1197; x_wconf 88' lang='lat' dir='ltr'>animo</span> <span class='ocrx_word' id='word_1_159' title='bbox 1201 1170 1249 1196; x_wconf 89' lang='lat' dir='ltr'>ac</span> <span class='ocrx_word' id='word_1_160' title='bbox 1275 1170 1361 1197; x_wconf 92' lang='lat' dir='ltr'>non</span> <span class='ocrx_word' id='word_1_161' title='bbox 1393 1156 1458 1196; x_wconf 89' lang='lat' dir='ltr'>sui</span> 
     </span>
     <span class='ocr_line' id='line_1_26' title="bbox 123 1215 1458 1270; baseline -0.001 -13"><span class='ocrx_word' id='word_1_162' title='bbox 123 1216 332 1257; x_wconf 89' lang='lat' dir='ltr'>commodi</span> <span class='ocrx_word' id='word_1_163' title='bbox 371 1230 494 1256; x_wconf 87' lang='lat' dir='ltr'>causa</span> <span class='ocrx_word' id='word_1_164' title='bbox 531 1216 761 1256; x_wconf 79' lang='lat' dir='ltr'>simulent?</span> <span class='ocrx_word' id='word_1_165' title='bbox 822 1215 930 1256; x_wconf 90' lang='lat' dir='ltr'>Mihi</span> <span class='ocrx_word' id='word_1_166' title='bbox 971 1215 1140 1269; x_wconf 89' lang='lat' dir='ltr'>quidem</span> <span class='ocrx_word' id='word_1_167' title='bbox 1181 1229 1458 1270; x_wconf 88' lang='lat' dir='ltr'>permagnum</span> 
     </span>
     <span class='ocr_line' id='line_1_27' title="bbox 122 1273 1459 1329; baseline -0.001 -14"><span class='ocrx_word' id='word_1_168' title='bbox 122 1275 299 1328; x_wconf 85' lang='lat' dir='ltr'>videtur,</span> <span class='ocrx_word' id='word_1_169' title='bbox 330 1274 578 1329; x_wconf 87' lang='lat' dir='ltr'>praesertim</span> <span class='ocrx_word' id='word_1_170' title='bbox 604 1275 638 1314; x_wconf 90' lang='lat' dir='ltr'>si</span> <span class='ocrx_word' id='word_1_171' title='bbox 664 1274 776 1315; x_wconf 88' lang='lat' dir='ltr'>idem</span> <span class='ocrx_word' id='word_1_172' title='bbox 801 1274 993 1314; x_wconf 90' lang='lat' dir='ltr'>homines</span> <span class='ocrx_word' id='word_1_173' title='bbox 1023 1274 1237 1328; x_wconf 84' lang='lat' dir='ltr'>privatum</span> <span class='ocrx_word' id='word_1_174' title='bbox 1262 1288 1348 1314; x_wconf 93' lang='lat' dir='ltr'>non</span> <span class='ocrx_word' id='word_1_175' title='bbox 1372 1273 1459 1314; x_wconf 88' lang='lat' dir='ltr'>fere</span> 
     </span>
     <span class='ocr_line' id='line_1_28' title="bbox 122 1331 1459 1387; baseline -0.001 -13"><span class='ocrx_word' id='word_1_176' title='bbox 122 1347 392 1387; x_wconf 86' lang='lat' dir='ltr'>quemquam,</span> <span class='ocrx_word' id='word_1_177' title='bbox 432 1336 647 1387; x_wconf 88' lang='lat' dir='ltr'>praetores</span> <span class='ocrx_word' id='word_1_178' title='bbox 685 1347 850 1386; x_wconf 87' lang='lat' dir='ltr'>semper</span> <span class='ocrx_word' id='word_1_179' title='bbox 887 1347 1030 1373; x_wconf 90' lang='lat' dir='ltr'>omnes</span> <span class='ocrx_word' id='word_1_180' title='bbox 1068 1335 1221 1372; x_wconf 91' lang='lat' dir='ltr'>amant.</span> <span class='ocrx_word' id='word_1_181' title='bbox 1283 1331 1375 1381; x_wconf 85' lang='lat' dir='ltr'>Quo</span> <span class='ocrx_word' id='word_1_182' title='bbox 1407 1346 1459 1372; x_wconf 82' lang='lat' dir='ltr'>ex</span> 
     </span>
     <span class='ocr_line' id='line_1_29' title="bbox 121 1389 1459 1447; baseline -0.001 -15"><span class='ocrx_word' id='word_1_183' title='bbox 121 1406 273 1447; x_wconf 81' lang='lat' dir='ltr'>genere</span> <span class='ocrx_word' id='word_1_184' title='bbox 311 1392 346 1432; x_wconf 88' lang='lat' dir='ltr'>si</span> <span class='ocrx_word' id='word_1_185' title='bbox 384 1406 508 1446; x_wconf 90' lang='lat' dir='ltr'>quem</span> <span class='ocrx_word' id='word_1_186' title='bbox 548 1391 658 1432; x_wconf 88' lang='lat' dir='ltr'>forte</span> <span class='ocrx_word' id='word_1_187' title='bbox 699 1392 762 1432; x_wconf 90' lang='lat' dir='ltr'>tui</span> <span class='ocrx_word' id='word_1_188' title='bbox 804 1391 997 1447; x_wconf 81' lang='lat' dir='ltr'>cognosti</span> <span class='ocrx_word' id='word_1_189' title='bbox 1038 1391 1315 1431; x_wconf 83' lang='lat' dir='ltr'>amantiorem</span> <span class='ocrx_word' id='word_1_190' title='bbox 1348 1389 1459 1446; x_wconf 88' lang='lat' dir='ltr'>(fieri</span> 
     </span>
     <span class='ocr_line' id='line_1_30' title="bbox 122 1449 1459 1505; baseline -0.001 -14"><span class='ocrx_word' id='word_1_191' title='bbox 122 1450 233 1491; x_wconf 89' lang='lat' dir='ltr'>enim</span> <span class='ocrx_word' id='word_1_192' title='bbox 264 1450 424 1505; x_wconf 85' lang='lat' dir='ltr'>potuit)</span> <span class='ocrx_word' id='word_1_193' title='bbox 457 1464 582 1504; x_wconf 90' lang='lat' dir='ltr'>quam</span> <span class='ocrx_word' id='word_1_194' title='bbox 613 1450 837 1504; x_wconf 90' lang='lat' dir='ltr'>temporis,</span> <span class='ocrx_word' id='word_1_195' title='bbox 874 1450 987 1490; x_wconf 89' lang='lat' dir='ltr'>hunc</span> <span class='ocrx_word' id='word_1_196' title='bbox 1018 1464 1118 1490; x_wconf 85' lang='lat' dir='ltr'>vero</span> <span class='ocrx_word' id='word_1_197' title='bbox 1150 1449 1202 1490; x_wconf 86' lang='lat' dir='ltr'>ad</span> <span class='ocrx_word' id='word_1_198' title='bbox 1232 1451 1353 1490; x_wconf 91' lang='lat' dir='ltr'>tuum</span> <span class='ocrx_word' id='word_1_199' title='bbox 1385 1464 1459 1490; x_wconf 90' lang='lat' dir='ltr'>nu-</span> 
     </span>
     <span class='ocr_line' id='line_1_31' title="bbox 123 1508 1460 1563; baseline -0.001 -14"><span class='ocrx_word' id='word_1_200' title='bbox 123 1523 285 1549; x_wconf 87' lang='lat' dir='ltr'>merum</span> <span class='ocrx_word' id='word_1_201' title='bbox 327 1508 510 1549; x_wconf 87' lang='lat' dir='ltr'>libenter</span> <span class='ocrx_word' id='word_1_202' title='bbox 547 1508 769 1563; x_wconf 72' lang='lat' dir='ltr'>ascribit03</span> <span class='ocrx_word' id='word_1_203' title='bbox 809 1508 874 1549; x_wconf 90' lang='lat' dir='ltr'>sin</span> <span class='ocrx_word' id='word_1_204' title='bbox 915 1510 1055 1549; x_wconf 87' lang='lat' dir='ltr'>autem</span> <span class='ocrx_word' id='word_1_205' title='bbox 1093 1508 1137 1548; x_wconf 90' lang='lat' dir='ltr'>id</span> <span class='ocrx_word' id='word_1_206' title='bbox 1175 1522 1261 1548; x_wconf 94' lang='lat' dir='ltr'>non</span> <span class='ocrx_word' id='word_1_207' title='bbox 1300 1508 1460 1562; x_wconf 88' lang='lat' dir='ltr'>perspi-</span> 
     </span>
     <span class='ocr_line' id='line_1_32' title="bbox 125 1567 1459 1622; baseline -0.001 -15"><span class='ocrx_word' id='word_1_208' title='bbox 125 1567 227 1621; x_wconf 89' lang='lat' dir='ltr'>cies,</span> <span class='ocrx_word' id='word_1_209' title='bbox 259 1567 423 1607; x_wconf 90' lang='lat' dir='ltr'>nullum</span> <span class='ocrx_word' id='word_1_210' title='bbox 454 1581 587 1622; x_wconf 86' lang='lat' dir='ltr'>genus</span> <span class='ocrx_word' id='word_1_211' title='bbox 612 1567 693 1614; x_wconf 88' lang='lat' dir='ltr'>erit</span> <span class='ocrx_word' id='word_1_212' title='bbox 724 1567 767 1607; x_wconf 90' lang='lat' dir='ltr'>in</span> <span class='ocrx_word' id='word_1_213' title='bbox 799 1567 1086 1607; x_wconf 80' lang='lat' dir='ltr'>familiaritate</span> <span class='ocrx_word' id='word_1_214' title='bbox 1113 1567 1344 1607; x_wconf 81' lang='lat' dir='ltr'>cavendum</span> <span class='ocrx_word' id='word_1_215' title='bbox 1374 1581 1459 1606; x_wconf 87' lang='lat' dir='ltr'>ma-</span> 
     </span>
     <span class='ocr_line' id='line_1_33' title="bbox 123 1625 1460 1680; baseline -0.001 -15"><span class='ocrx_word' id='word_1_216' title='bbox 123 1626 201 1680; x_wconf 90' lang='lat' dir='ltr'>gis,</span> <span class='ocrx_word' id='word_1_217' title='bbox 231 1628 454 1679; x_wconf 88' lang='lat' dir='ltr'>propterea</span> <span class='ocrx_word' id='word_1_218' title='bbox 486 1625 599 1679; x_wconf 89' lang='lat' dir='ltr'>quod</span> <span class='ocrx_word' id='word_1_219' title='bbox 630 1628 672 1666; x_wconf 91' lang='lat' dir='ltr'>et</span> <span class='ocrx_word' id='word_1_220' title='bbox 704 1639 847 1666; x_wconf 92' lang='lat' dir='ltr'>omnes</span> <span class='ocrx_word' id='word_1_221' title='bbox 879 1625 968 1665; x_wconf 86' lang='lat' dir='ltr'>vias</span> <span class='ocrx_word' id='word_1_222' title='bbox 998 1625 1199 1679; x_wconf 90' lang='lat' dir='ltr'>pecuniae</span> <span class='ocrx_word' id='word_1_223' title='bbox 1230 1627 1387 1665; x_wconf 87' lang='lat' dir='ltr'>norunt</span> <span class='ocrx_word' id='word_1_224' title='bbox 1419 1627 1460 1665; x_wconf 90' lang='lat' dir='ltr'>et</span> 
     </span>
     <span class='ocr_line' id='line_1_34' title="bbox 125 1683 1460 1737; baseline -0.001 -13"><span class='ocrx_word' id='word_1_225' title='bbox 125 1683 266 1725; x_wconf 88' lang='lat' dir='ltr'>omnia</span> <span class='ocrx_word' id='word_1_226' title='bbox 302 1684 501 1737; x_wconf 88' lang='lat' dir='ltr'>pecuniae</span> <span class='ocrx_word' id='word_1_227' title='bbox 540 1697 662 1723; x_wconf 86' lang='lat' dir='ltr'>causa</span> <span class='ocrx_word' id='word_1_228' title='bbox 698 1684 858 1724; x_wconf 87' lang='lat' dir='ltr'>faciunt</span> <span class='ocrx_word' id='word_1_229' title='bbox 889 1686 949 1737; x_wconf 89' lang='lat' dir='ltr'>et,</span> <span class='ocrx_word' id='word_1_230' title='bbox 988 1683 1158 1736; x_wconf 90' lang='lat' dir='ltr'>quicum</span> <span class='ocrx_word' id='word_1_231' title='bbox 1189 1683 1343 1723; x_wconf 80' lang='lat' dir='ltr'>victuri</span> <span class='ocrx_word' id='word_1_232' title='bbox 1375 1697 1460 1723; x_wconf 92' lang='lat' dir='ltr'>non</span> 
     </span>
     <span class='ocr_line' id='line_1_35' title="bbox 124 1740 1458 1796; baseline -0.001 -13"><span class='ocrx_word' id='word_1_233' title='bbox 124 1745 238 1796; x_wconf 87' lang='lat' dir='ltr'>sunt,</span> <span class='ocrx_word' id='word_1_234' title='bbox 279 1742 368 1782; x_wconf 87' lang='lat' dir='ltr'>eius</span> <span class='ocrx_word' id='word_1_235' title='bbox 400 1741 703 1781; x_wconf 77' lang='lat' dir='ltr'>existimationi</span> <span class='ocrx_word' id='word_1_236' title='bbox 735 1740 950 1781; x_wconf 85' lang='lat' dir='ltr'>consulere</span> <span class='ocrx_word' id='word_1_237' title='bbox 981 1755 1066 1781; x_wconf 93' lang='lat' dir='ltr'>non</span> <span class='ocrx_word' id='word_1_238' title='bbox 1098 1744 1256 1781; x_wconf 88' lang='lat' dir='ltr'>curant.</span> <span class='ocrx_word' id='word_1_239' title='bbox 1316 1740 1458 1794; x_wconf 82' lang='lat' dir='ltr'>Atque</span> 
     </span>
     <span class='ocr_line' id='line_1_36' title="bbox 125 1799 1460 1854; baseline -0.002 -12"><span class='ocrx_word' id='word_1_240' title='bbox 125 1801 252 1842; x_wconf 89' lang='lat' dir='ltr'>etiam</span> <span class='ocrx_word' id='word_1_241' title='bbox 278 1814 299 1840; x_wconf 89' lang='lat' dir='ltr'>e</span> <span class='ocrx_word' id='word_1_242' title='bbox 327 1799 496 1840; x_wconf 85' lang='lat' dir='ltr'>Graecis</span> <span class='ocrx_word' id='word_1_243' title='bbox 521 1800 624 1853; x_wconf 89' lang='lat' dir='ltr'>ipsis</span> <span class='ocrx_word' id='word_1_244' title='bbox 650 1799 876 1854; x_wconf 82' lang='lat' dir='ltr'>diligenter</span> <span class='ocrx_word' id='word_1_245' title='bbox 900 1799 1106 1839; x_wconf 87' lang='lat' dir='ltr'>cavendae</span> <span class='ocrx_word' id='word_1_246' title='bbox 1132 1802 1230 1839; x_wconf 90' lang='lat' dir='ltr'>sunt</span> <span class='ocrx_word' id='word_1_247' title='bbox 1256 1799 1460 1852; x_wconf 87' lang='lat' dir='ltr'>quaedam</span> 
     </span>
     <span class='ocr_line' id='line_1_37' title="bbox 124 1857 1462 1912; baseline -0.001 -13"><span class='ocrx_word' id='word_1_248' title='bbox 124 1859 434 1899; x_wconf 84' lang='lat' dir='ltr'>familiaritates</span> <span class='ocrx_word' id='word_1_249' title='bbox 452 1861 618 1912; x_wconf 89' lang='lat' dir='ltr'>praeter</span> <span class='ocrx_word' id='word_1_250' title='bbox 636 1857 857 1898; x_wconf 89' lang='lat' dir='ltr'>hominum</span> <span class='ocrx_word' id='word_1_251' title='bbox 876 1871 1195 1911; x_wconf 86' lang='lat' dir='ltr'>perpaucorum,</span> <span class='ocrx_word' id='word_1_252' title='bbox 1215 1857 1251 1897; x_wconf 90' lang='lat' dir='ltr'>si</span> <span class='ocrx_word' id='word_1_253' title='bbox 1271 1857 1344 1910; x_wconf 89' lang='lat' dir='ltr'>qui</span> <span class='ocrx_word' id='word_1_254' title='bbox 1364 1860 1462 1898; x_wconf 89' lang='lat' dir='ltr'>sunt</span> 
     </span>
     <span class='ocr_line' id='line_1_38' title="bbox 124 1915 1462 1971; baseline -0.001 -13"><span class='ocrx_word' id='word_1_255' title='bbox 124 1921 264 1958; x_wconf 82' lang='lat' dir='ltr'>vetere</span> <span class='ocrx_word' id='word_1_256' title='bbox 292 1916 465 1957; x_wconf 86' lang='lat' dir='ltr'>Graecia</span> <span class='ocrx_word' id='word_1_257' title='bbox 491 1916 626 1971; x_wconf 82' lang='lat' dir='ltr'>digni3</span> <span class='ocrx_word' id='word_1_258' title='bbox 657 1916 716 1956; x_wconf 87' lang='lat' dir='ltr'>sic</span> <span class='ocrx_word' id='word_1_259' title='bbox 741 1930 840 1957; x_wconf 85' lang='lat' dir='ltr'>vero</span> <span class='ocrx_word' id='word_1_260' title='bbox 865 1915 1034 1956; x_wconf 89' lang='lat' dir='ltr'>fallaces</span> <span class='ocrx_word' id='word_1_261' title='bbox 1065 1918 1163 1956; x_wconf 89' lang='lat' dir='ltr'>sunt</span> <span class='ocrx_word' id='word_1_262' title='bbox 1193 1915 1395 1969; x_wconf 87' lang='lat' dir='ltr'>permulti</span> <span class='ocrx_word' id='word_1_263' title='bbox 1420 1918 1462 1956; x_wconf 93' lang='lat' dir='ltr'>et</span> 
     </span>
     <span class='ocr_line' id='line_1_39' title="bbox 124 1974 1462 2017; baseline -0.001 -1"><span class='ocrx_word' id='word_1_264' title='bbox 124 1976 236 2017; x_wconf 83' lang='lat' dir='ltr'>leves</span> <span class='ocrx_word' id='word_1_265' title='bbox 276 1979 317 2016; x_wconf 89' lang='lat' dir='ltr'>et</span> <span class='ocrx_word' id='word_1_266' title='bbox 358 1975 556 2015; x_wconf 88' lang='lat' dir='ltr'>diuturna</span> <span class='ocrx_word' id='word_1_267' title='bbox 595 1974 797 2015; x_wconf 86' lang='lat' dir='ltr'>servitute</span> <span class='ocrx_word' id='word_1_268' title='bbox 837 1975 889 2015; x_wconf 88' lang='lat' dir='ltr'>ad</span> <span class='ocrx_word' id='word_1_269' title='bbox 922 1974 1097 2015; x_wconf 89' lang='lat' dir='ltr'>nimiam</span> <span class='ocrx_word' id='word_1_270' title='bbox 1128 1974 1462 2014; x_wconf 86' lang='lat' dir='ltr'>adsentationem</span> 
     </span>
     <span class='ocr_line' id='line_1_40' title="bbox 125 2032 1462 2087; baseline -0.002 -12"><span class='ocrx_word' id='word_1_271' title='bbox 125 2034 290 2075; x_wconf 90' lang='lat' dir='ltr'>eruditi.</span> <span class='ocrx_word' id='word_1_272' title='bbox 341 2033 454 2082; x_wconf 85' lang='lat' dir='ltr'>Quos</span> <span class='ocrx_word' id='word_1_273' title='bbox 486 2047 564 2087; x_wconf 86' lang='lat' dir='ltr'>ego</span> <span class='ocrx_word' id='word_1_274' title='bbox 598 2033 815 2074; x_wconf 86' lang='lat' dir='ltr'>universos</span> <span class='ocrx_word' id='word_1_275' title='bbox 847 2032 1038 2073; x_wconf 88' lang='lat' dir='ltr'>adhiberi</span> <span class='ocrx_word' id='word_1_276' title='bbox 1063 2032 1316 2086; x_wconf 86' lang='lat' dir='ltr'>liberaliter,</span> <span class='ocrx_word' id='word_1_277' title='bbox 1356 2032 1462 2086; x_wconf 91' lang='lat' dir='ltr'>opti-</span> 
     </span>
     <span class='ocr_line' id='line_1_41' title="bbox 124 2091 1463 2146; baseline -0.002 -12"><span class='ocrx_word' id='word_1_278' title='bbox 124 2107 241 2133; x_wconf 91' lang='lat' dir='ltr'>mum</span> <span class='ocrx_word' id='word_1_279' title='bbox 261 2106 469 2146; x_wconf 89' lang='lat' dir='ltr'>quemque</span> <span class='ocrx_word' id='word_1_280' title='bbox 495 2091 682 2144; x_wconf 89' lang='lat' dir='ltr'>hospitio</span> <span class='ocrx_word' id='word_1_281' title='bbox 709 2091 978 2145; x_wconf 87' lang='lat' dir='ltr'>amicitiaque</span> <span class='ocrx_word' id='word_1_282' title='bbox 1004 2091 1204 2146; x_wconf 89' lang='lat' dir='ltr'>coniungi</span> <span class='ocrx_word' id='word_1_283' title='bbox 1229 2091 1320 2131; x_wconf 89' lang='lat' dir='ltr'>dico</span> <span class='ocrx_word' id='word_1_284' title='bbox 1342 2105 1463 2144; x_wconf 91' lang='lat' dir='ltr'>opor-</span> 
     </span>
     <span class='ocr_line' id='line_1_42' title="bbox 125 2149 1462 2205; baseline -0.001 -14"><span class='ocrx_word' id='word_1_285' title='bbox 125 2154 231 2205; x_wconf 82' lang='lat' dir='ltr'>tere3</span> <span class='ocrx_word' id='word_1_286' title='bbox 280 2151 435 2191; x_wconf 90' lang='lat' dir='ltr'>nimiae</span> <span class='ocrx_word' id='word_1_287' title='bbox 480 2149 788 2190; x_wconf 87' lang='lat' dir='ltr'>familiaritates</span> <span class='ocrx_word' id='word_1_288' title='bbox 831 2164 977 2190; x_wconf 89' lang='lat' dir='ltr'>eorum</span> <span class='ocrx_word' id='word_1_289' title='bbox 1019 2163 1154 2203; x_wconf 90' lang='lat' dir='ltr'>neque</span> <span class='ocrx_word' id='word_1_290' title='bbox 1193 2152 1280 2189; x_wconf 89' lang='lat' dir='ltr'>tam</span> <span class='ocrx_word' id='word_1_291' title='bbox 1318 2149 1462 2190; x_wconf 84' lang='lat' dir='ltr'>fideles</span> 
     </span>
     <span class='ocr_line' id='line_1_43' title="bbox 126 2206 1462 2264; baseline -0.001 -15"><span class='ocrx_word' id='word_1_292' title='bbox 126 2212 224 2249; x_wconf 91' lang='lat' dir='ltr'>sunt</span> <span class='ocrx_word' id='word_1_293' title='bbox 255 2207 359 2264; x_wconf 88' lang='lat' dir='ltr'>(non</span> <span class='ocrx_word' id='word_1_294' title='bbox 385 2208 497 2249; x_wconf 90' lang='lat' dir='ltr'>enim</span> <span class='ocrx_word' id='word_1_295' title='bbox 529 2207 684 2248; x_wconf 90' lang='lat' dir='ltr'>audent</span> <span class='ocrx_word' id='word_1_296' title='bbox 708 2208 919 2248; x_wconf 87' lang='lat' dir='ltr'>adversari</span> <span class='ocrx_word' id='word_1_297' title='bbox 949 2208 1106 2248; x_wconf 85' lang='lat' dir='ltr'>nostris</span> <span class='ocrx_word' id='word_1_298' title='bbox 1138 2206 1462 2263; x_wconf 80' lang='lat' dir='ltr'>voluntatibus),</span> 
     </span>
     <span class='ocr_line' id='line_1_44' title="bbox 126 2265 1343 2320; baseline -0.002 -12"><span class='ocrx_word' id='word_1_299' title='bbox 126 2270 167 2308; x_wconf 90' lang='lat' dir='ltr'>et</span> <span class='ocrx_word' id='word_1_300' title='bbox 198 2267 388 2308; x_wconf 82' lang='lat' dir='ltr'>invident</span> <span class='ocrx_word' id='word_1_301' title='bbox 418 2280 503 2307; x_wconf 93' lang='lat' dir='ltr'>non</span> <span class='ocrx_word' id='word_1_302' title='bbox 534 2266 690 2307; x_wconf 84' lang='lat' dir='ltr'>nostris</span> <span class='ocrx_word' id='word_1_303' title='bbox 723 2266 877 2320; x_wconf 92' lang='lat' dir='ltr'>solum,</span> <span class='ocrx_word' id='word_1_304' title='bbox 908 2279 1054 2307; x_wconf 87' lang='lat' dir='ltr'>verum</span> <span class='ocrx_word' id='word_1_305' title='bbox 1087 2265 1213 2306; x_wconf 89' lang='lat' dir='ltr'>etiam</span> <span class='ocrx_word' id='word_1_306' title='bbox 1246 2265 1343 2306; x_wconf 85' lang='lat' dir='ltr'>suis.</span> 
     </span>
    </p>
   </div>
   <div class='ocr_carea' id='block_1_11' title="bbox 1487 486 1527 576">
    <p class='ocr_par' dir='ltr' id='par_1_12' title="bbox 1487 486 1527 576">
     <span class='ocr_line' id='line_1_45' title="bbox 1487 486 1527 576; textangle 90"><span class='ocrx_word' id='word_1_307' title='bbox 1487 486 1527 576; x_wconf 59' lang='lat' dir='ltr'>av*</span> 
     </span>
    </p>
   </div>
   <div class='ocr_carea' id='block_1_12' title="bbox 1492 1752 1529 1783">
    <p class='ocr_par' dir='ltr' id='par_1_13' title="bbox 1492 1752 1529 1783">
     <span class='ocr_line' id='line_1_46' title="bbox 1492 1752 1529 1783; baseline 0.054 -2"><span class='ocrx_word' id='word_1_308' title='bbox 1492 1752 1529 1783; x_wconf 76' lang='lat'>16</span> 
     </span>
    </p>
   </div>
  </div>
 </body>
</html>
