1659 2552
598 75 740 110 LIBER
763 75 813 110 XI
839 80 988 111 22—25.
1375 76 1459 118 323

124 170 243 224 loqui
274 170 383 211 ferre
415 170 613 224 poterint.
674 170 787 227 Ego,
825 171 905 212 tibi
938 174 985 212 ut
1017 174 1139 212 antea
1170 171 1328 225 scripsi,
1362 172 1460 212 dum

0 266 1 311 1
124 229 231 295 mihi
263 244 287 270 a
318 232 359 270 te
390 229 557 294 litterae
583 229 771 284 veniant,
803 229 847 271 in
877 228 1002 270 Italia
1033 229 1241 271 morabor.
1297 242 1379 271 VIII
1409 230 1460 271 K.

0 313 1 354 ἲ
124 286 268 329 Iunlas
299 287 521 342 Eporedia.

717 392 870 434 XXIV.

375 472 449 508 Ser.
476 472 611 507 Romae
644 473 747 508 VIII
766 474 822 507 Id.
849 473 934 507 Iun.
961 485 994 508 a.
1023 475 1091 508 711
1120 475 1209 516 (43).

267 552 316 588 M.
345 553 512 588 CICERO
540 554 572 589 S.
599 554 640 589 D.
667 554 709 589 D.
735 554 894 589 BRUTO
925 554 1019 589 IMP.
1048 554 1143 589 COS.
1169 553 1319 589 DESIG.

213 636 352 678 Narro
396 637 496 677 tibi:
547 640 669 678 antea
712 638 1003 679 subirascebar
1051 638 1251 679 brevitati
1293 640 1462 679 tuarum
1490 649 1507 679 1

125 695 376 749 litterarum,
401 709 513 736 nunc
538 696 644 736 mihi
670 696 825 750 loquax
851 711 938 737 esse
959 696 1120 750 videor3
1147 699 1187 737 te
1213 696 1346 751 igitur
1371 696 1462 737 imi-

127 754 260 795 tabor.
312 753 446 802 Quam
471 754 606 794 multa
632 769 757 808 quam
783 755 943 808 paucis!
975 758 1017 795 te
1049 757 1160 795 recte
1192 755 1331 796 valere
1367 770 1462 809 ope-

0 853 2 857 ,
74 826 107 851 10
128 827 301 867 ramque
328 812 436 866 dare,
463 815 510 853 ut
530 813 683 854 cotidie
708 813 871 867 melius,
895 813 1103 867 Lepidum
1129 813 1346 854 commode
1373 828 1462 854 sen-

125 871 218 925 tire,
250 871 387 911 tribus
419 871 673 912 exercitibus
706 872 873 926 quidvis
906 886 983 913 nos
1015 874 1209 926 oportere
1241 871 1461 912 confidere.

127 929 172 971 Si
203 929 378 970 timidus
410 944 562 984 essem,
594 933 735 971 tamen
767 931 847 971 ista
879 930 1058 984 epistula
1088 930 1147 970 mi
1181 944 1347 971 omnem
1378 945 1462 971 me-

126 991 217 1030 tum
261 988 543 1042 abstersisses3
586 988 678 1043 sed,
716 991 763 1030 ut
799 1003 964 1043 mones,
1005 989 1186 1029 ‘frenum
1218 989 1462 1043 momordi’3

127 1047 299 1100 etenim,
338 1047 411 1101 qui
448 1049 489 1087 te
526 1047 688 1088 incluso
728 1062 895 1088 omnem
933 1061 1049 1101 spem
1079 1047 1301 1087 habuerim
1334 1047 1376 1087 in
1408 1050 1462 1101 te,

75 1117 107 1142 15
128 1106 230 1160 quid
260 1119 371 1146 nunc
402 1106 556 1159 putas?
619 1104 753 1160 Cupio
791 1106 874 1146 iam
906 1105 1096 1161 vigiliam
1128 1120 1281 1159 meam,
1319 1105 1462 1160 Brute,

126 1164 207 1205 tibi
243 1164 428 1218 tradere,
469 1164 542 1204 sed
578 1164 657 1218 ita,
698 1168 745 1205 ut
781 1179 833 1205 ne
871 1164 1002 1205 desim
1038 1164 1296 1204 constantiae
1334 1178 1461 1204 meae.

127 1222 250 1272 Quod
281 1222 430 1263 scribis
461 1222 506 1262 in
536 1221 660 1263 Italia
691 1226 732 1263 te
757 1225 1033 1276 moraturum,
1066 1222 1165 1263 dum
1191 1222 1271 1262 tibi
1296 1222 1462 1263 litterae
1488 1232 1509 1261 ‘2

126 1295 242 1323 meae
273 1281 460 1334 veniant,
502 1281 536 1321 si
567 1295 643 1335 per
672 1281 838 1322 hostem
869 1281 979 1335 licet,
1010 1295 1095 1321 non
1127 1280 1278 1321 erraris
1310 1279 1464 1335 (multa

127 1340 239 1381 enim
270 1338 467 1394 Romae),
506 1339 570 1380 sin
608 1340 791 1380 adventu
828 1342 902 1380 tuo
941 1339 1100 1380 bellum
1133 1339 1281 1380 confici
1312 1342 1463 1393 potest,

75 1411 108 1436 20
127 1398 236 1439 nihil
273 1398 328 1439 sit
365 1398 591 1451 antiquius.
652 1397 837 1439 Pecunia
873 1397 1188 1452 expeditissima
1222 1411 1325 1451 quae
1364 1400 1464 1451 erat,

126 1457 208 1498 tibi
246 1457 411 1497 decreta
449 1459 521 1496 est.
582 1456 726 1497 Habes
763 1457 1099 1497 amantissimum
1137 1454 1350 1510 Servium3
1387 1469 1465 1496 nos

127 1530 213 1556 non
245 1515 452 1556 desumus.
513 1526 596 1555 VIII
626 1514 725 1556 Idus
756 1514 908 1556 Iunias.

730 1665 862 1707 XXV.

355 1744 430 1780 Ser.
457 1745 593 1780 Romae
619 1745 724 1780 XIV
743 1745 792 1780 Κ.
823 1745 962 1790 Quiwct.
989 1757 1022 1780 a.
1050 1747 1118 1779 711
1147 1746 1237 1788 (43).

481 1826 528 1861 M.
557 1825 724 1860 CICERO
751 1825 784 1860 S.
810 1825 853 1861 D.
879 1825 921 1860 D.
948 1824 1119 1859 BRUTO.

218 1922 492 1977 Exspectanti
523 1920 630 1962 mihj
655 1923 749 1962 tuas
775 1920 929 1961 cotidie
959 1920 1124 1960 litteras
1148 1919 1292 1973 Lupus
1323 1921 1467 1960 noster
1494 1930 1512 1960 1

130 1982 272 2023 subito
300 1979 580 2034 denuntiavit,
611 1982 659 2020 ut
689 1979 742 2019 ad
771 1981 814 2020 te
845 1978 1083 2032 scriberem,
1115 1978 1150 2018 si
1177 1978 1280 2031 quid
1303 1977 1465 2018 vellem.

130 2040 226 2097 Ego
257 2042 415 2094 autem,
453 2038 549 2092 etsi,
581 2037 684 2092 quid
714 2037 957 2091 scriberem,
998 2051 1083 2077 non
1114 2036 1323 2077 habebam
1355 2034 1467 2091 (acta

132 2099 244 2140 enim
281 2098 333 2139 ad
369 2101 411 2138 te
442 2097 557 2138 mitti
598 2095 801 2150 sciebam,
841 2095 1009 2135 inanem
1050 2096 1190 2135 autem
1231 2108 1466 2135 sermonem

80 2168 114 2194 30
131 2157 370 2199 litterarum
400 2156 481 2197 tibi
511 2154 787 2196 iniucundum
812 2168 899 2194 esse
931 2152 1183 2208 audiebam),
1215 2152 1467 2193 brevitatem

133 2218 299 2257 secutus
330 2229 422 2256 sum
454 2217 495 2255 te
526 2213 741 2269 magistro.
805 2211 920 2253 Scito
952 2211 1085 2266 igitur
1113 2211 1157 2251 in
1182 2214 1223 2251 te
1250 2213 1291 2251 et
1316 2210 1360 2251 in
1385 2210 1467 2251 col—

132 2274 227 2330 lega
258 2288 374 2329 spem
407 2286 573 2314 omnem
605 2285 703 2312 esse.
764 2269 827 2311 De
855 2269 989 2310 Bruto
1022 2272 1162 2310 autem
1192 2269 1300 2309 nihil
1331 2269 1467 2309 adhuc
1491 2279 1513 2310 2
1577 2323 1580 2326 ‚

1187 2337 1256 2370 21*
