1659 2552
638 87 782 121 LIBER
807 87 839 122 V
865 91 896 122 8.
1358 88 1441 129 115

94 198 183 226 6336
224 183 485 225 coniunctus.
561 181 652 231 Quo
696 183 866 237 quidem
910 197 961 224 ex
1002 185 1193 237 tempore
1235 184 1441 224 memoria

93 246 215 284 teneo
247 256 383 297 neque
413 255 552 282 meam
583 241 664 282 tibi
691 241 1003 283 observantiam
1029 256 1164 296 neque
1190 242 1296 282 mihi
1322 245 1440 283 tuam

94 316 301 343 summam
339 300 671 342 benivolentiam
709 315 756 342 ac
798 300 1099 342 liberalitatem
1137 300 1330 341 defuisse.
1394 300 1439 341 Si

94 375 200 415 quae
231 360 471 401 inciderunt
508 373 594 400 non
631 362 719 400 tam
757 374 802 401 re
839 374 966 414 quam
999 359 1238 413 suspicione
1269 359 1438 413 violata,

57 432 74 457 5
94 434 153 474 63,
185 433 280 460 611111
312 418 471 459 fuerint
503 420 544 459 et
577 418 682 458 falsa
713 421 755 459 et
781 418 932 473 inania,
965 419 1050 459 sint
1076 418 1219 459 evulsa
1245 432 1296 459 ex
1323 419 1439 459 omni

93 478 298 519 memoria
334 477 506 531 vitaque
543 480 698 518 nostra.
760 475 801 518 Is
839 477 951 518 enim
991 480 1038 517 tu
1070 477 1136 517 vir
1167 491 1227 532 es,
1269 479 1310 518 et
1342 491 1438 517 eum

92 551 160 578 me
192 550 280 577 esse
313 536 454 590 cupio,
493 538 557 589 ut,
596 535 796 589 quoniam
829 536 872 576 in
905 535 1049 576 eadem
1082 535 1142 576 rei
1173 551 1212 590 p.
1245 538 1439 589 tempora

93 595 330 649 incidimus,
357 594 698 635 coniunctionem
719 595 1033 648 amicitiamque
1052 597 1242 635 nostram
1268 595 1438 649 utrique

92 657 287 695 nostrum
323 653 439 694 laudi
476 667 640 707 sperem
674 653 773 693 fore.
837 652 972 702 Quam
1004 653 1058 694 ob
1090 668 1180 694 rem
1212 656 1276 708 tu,
1309 668 1438 707 quan-

41 728 73 752 10
93 716 185 754 tum
217 716 291 753 tuo
330 712 487 752 iudicio
518 711 793 752 tribuendum
825 726 913 752 esse
944 712 1069 752 nobis
1099 715 1240 766 putes,
1279 715 1438 752 statues

92 772 182 826 ipse
214 775 266 826 et,
298 774 346 811 ut
377 785 511 825 spero,
543 773 702 811 statues
728 785 779 811 ex
804 764 950 811 nostra
975 771 1199 826 dignitate3
1232 785 1311 826 ego
1336 786 1437 811 veio

92 830 173 871 tibi
222 805 427 885 piofiteor
469 832 595 883 atque
638 829 844 883 polliceor
886 829 1089 870 eximium
1133 832 1174 870 et
1223 826 1437 885 singulaie

92 903 234 930 meum
275 888 462 929 studium
503 888 546 927 in
587 888 703 928 omni
739 902 893 943 genere
932 888 1083 942 officii,
1109 888 1238 941 quod
1275 889 1327 928 ad
1363 888 1438 929 ho-

92 950 300 989 nestatem
344 950 385 988 et
428 946 610 1002 gloriam
655 950 771 987 tuam
816 949 987 1000 spectet.
1049 945 1099 987 ln
1144 961 1227 1000 quo
1271 947 1437 987 etiamsi

39 1022 73 1047 15
91 1007 217 1048 multi
242 1020 408 1047 mecum
434 1005 700 1059 contendent,
731 1008 873 1046 tamen
906 1019 1001 1046 cum
1034 1006 1208 1059 reliquis
1241 1005 1438 1046 omnibus

92 1069 185 1106 tum
212 1064 372 1106 Crassis
396 1064 482 1105 tuis
508 1064 718 1104 iudicibus
745 1078 890 1105 omnes
915 1064 1037 1104 facile
1070 1064 1299 1119 superabo,
1332 1079 1437 1118 quos

93 1124 264 1178 quidem
296 1138 374 1179 ego
407 1123 532 1164 ambo
564 1123 686 1163 unice
719 1123 869 1178 diligo,
911 1123 983 1163 sed
1015 1123 1059 1163 in
1090 1122 1281 1163 Marcum
1313 1123 1437 1164 bene-

93 1183 278 1224 volentia
320 1182 413 1236 pari
454 1181 537 1223 hoc
578 1182 715 1237 magis
758 1196 851 1222 sum
891 1181 1046 1222 Publio
1093 1182 1278 1236 deditus,
1324 1182 1438 1235 quod

92 1256 180 1296 me,
225 1255 480 1296 quamquam
524 1255 548 1281 a
589 1240 774 1294 pueritia
817 1254 892 1281 sua
935 1254 1120 1295 semper,
1170 1243 1312 1280 tamen
1355 1240 1437 1281 hoc

39 1315 73 1340 ‘20
92 1303 282 1355 tempore
319 1300 502 1340 maxime
541 1299 649 1340 sicut
687 1299 869 1340 alterum
904 1302 1124 1353 parentem
1161 1302 1203 1339 et
1241 1299 1437 1339 observat

94 1362 136 1400 et
167 1359 319 1414 diligit.

179 1417 268 1458 Has
298 1417 462 1458 litteras
493 1416 622 1457 velim
653 1416 868 1457 existimes
894 1416 1076 1457 foederis
1100 1416 1322 1457 habituras
1348 1431 1436 1457 esse

92 1476 197 1531 vim,
234 1490 320 1517 non
352 1475 574 1530 epistulae,
611 1489 762 1529 meque
794 1489 859 1530 ea,
898 1489 1004 1529 quae
1036 1475 1117 1516 tibi
1149 1475 1356 1529 promitto
1389 1490 1437 1516 ac

93 1535 268 1589 recipio,
300 1534 574 1576 sanctissume
606 1548 693 1574 esse
727 1534 1050 1575 observaturum
1083 1534 1437 1589 diligentissume-

41 1607 75 1632 25
95 1607 176 1647 que
207 1607 295 1634 esse
326 1593 549 1633 facturum.
612 1591 726 1641 Quae
765 1607 788 1633 a
818 1607 886 1634 me
924 1596 1117 1647 suscepta
1152 1593 1340 1633 defensio
1373 1596 1436 1633 est

94 1655 136 1692 te
168 1651 338 1692 absente
376 1650 596 1706 dignitatis
628 1654 742 1704 tuae,
780 1651 825 1691 in
862 1665 910 1692 ea
947 1651 1031 1692 iam
1070 1666 1148 1706 ego
1180 1665 1266 1692 non
1298 1651 1435 1692 solum

95 1709 304 1750 amicitiae
346 1713 533 1763 nostrae,
577 1709 650 1750 sed
686 1709 813 1750 etiam
854 1710 1114 1751 constantiae
1154 1724 1272 1750 meae
1313 1724 1436 1750 causa

59 1769 62 1773 ’
94 1767 361 1822 permanebo.
424 1767 559 1816 Quam
591 1767 644 1808 ob
678 1782 766 1807 rem
798 1768 900 1808 satis
932 1783 1020 1809 esse
1051 1769 1132 1809 hoc
1157 1771 1348 1822 tempore
1375 1783 1437 1808 ar-

95 1827 277 1868 bitratus
309 1840 402 1866 sum
431 1825 514 1866 hoc
545 1825 597 1865 ad
628 1828 669 1866 te
701 1826 900 1879 scribere,
938 1841 1022 1880 me,
1055 1827 1090 1867 si
1122 1827 1225 1880 quid
1255 1827 1345 1880 ipse
1376 1827 1437 1866 in-

42 1899 76 1925 30
95 1885 340 1941 tellegerem
378 1886 451 1924 aut
487 1883 540 1924 ad
570 1883 833 1924 voluntatem
870 1888 943 1925 aut
981 1885 1032 1925 ad
1064 1883 1346 1925 commodum'
1365 1887 1437 1924 aut

95 1945 146 1985 ad
184 1943 506 1998 amplitudinem
538 1944 655 1982 tuam
685 1942 913 1996 pertinere,
950 1957 1044 1983 mea
1081 1946 1230 1997 sponte
1268 1943 1311 1983 id
1349 1957 1437 1983 esse

94 2003 323 2057 facturum3
363 2002 429 2042 sin
466 2003 606 2042 autem
645 2000 862 2054 quippiam
900 2003 972 2041 aut
1004 2016 1027 2041 a
1058 2004 1099 2041 te
1131 2015 1264 2041 essem
1296 2001 1437 2041 admo-

94 2062 209 2102 nitus
235 2064 307 2102 aut
333 2075 357 2101 a
382 2060 477 2114 tuis,
510 2059 768 2112 effecturum,
801 2062 847 2099 ut
874 2059 1141 2115 intellegeres
1165 2059 1275 2099 nihil
1300 2074 1436 2113 neque

95 2123 137 2161 te
175 2119 389 2174 scripsisse
427 2133 563 2172 neque
602 2132 855 2171 quemquam
893 2120 1065 2158 tuorum
1097 2118 1255 2158 frustra
1286 2118 1339 2158 ad
1368 2133 1436 2158 me

43 2191 75 2216 35
96 2179 305 2220 detulisse.
368 2176 503 2226 Quam
530 2177 584 2217 ob
610 2191 700 2217 rem
730 2176 857 2217 velim
890 2176 950 2216 ita
981 2179 1022 2217 et
1054 2177 1142 2230 ipse
1169 2177 1221 2216 ad
1245 2191 1312 2216 me
1338 2177 1436 2217 scri-

95 2237 170 2278 bas
203 2237 252 2278 de
285 2236 481 2278 omnibus
512 2235 717 2288 minimis,
749 2235 962 2289 maximis,
994 2235 1278 2276 mediocribus
1310 2235 1436 2276 rebus

96 2299 143 2337 ut
186 2295 239 2336 ad
280 2295 496 2336 hominem
541 2294 842 2335 amicissimum
886 2296 928 2334 et
970 2294 1055 2334 tuis
1094 2294 1344 2348 praecipias,
1389 2297 1436 2334 ut

1153 2363 1198 2396 8*
