1659 2552
182 187 404 242 conducet,
448 187 482 229 si
527 188 692 241 feceris,
736 187 918 228 maxime
963 187 1268 242 optemperaris
1311 187 1523 229 voluntati

134 257 154 287 3
181 260 308 287 meae.
371 246 486 288 Haec
526 261 602 301 pro
644 249 717 286 tuo
756 246 928 301 ingenio
967 246 1194 287 considera.
1256 245 1348 288 Nos
1386 247 1444 287 ita
1482 248 1524 288 te

183 305 484 359 desideramus,
517 310 563 346 ut
590 319 794 359 amemus3
826 318 956 360 amor,
988 307 1035 346 ut
1061 304 1270 346 valentem
1297 305 1525 359 videamus,

180 363 394 418 hortatur,
435 364 709 418 desiderium,
752 366 799 403 ut
839 378 964 417 quam
1002 364 1205 419 primum3
1247 363 1353 405 illud
1394 364 1526 420 igitur

180 423 334 476 potius.
398 422 507 463 Cura
553 436 653 477 ergo
696 422 986 477 potissimum,
1031 425 1078 463 ut
1122 422 1270 463 valeas.
1332 422 1396 464 De
1440 423 1525 464 tuis
1561 433 1578 459 5

182 481 563 522 innumerabilibus
604 482 647 522 in
687 495 755 522 me
797 481 949 522 officiis
990 481 1070 522 erit
1106 481 1188 522 hoc
1225 481 1524 537 gratissimum.

181 551 232 580 111
262 540 372 581 Non.
406 540 512 581 Nov.
538 567 543 570 -

181 91 268 133 470
689 91 1029 127 EPISTULARUM
1622 0 1659 295 x

826 643 880 686 Π.
1644 666 1650 691 4

466 726 539 762 Ser.
567 726 720 771 Alyziae
746 726 842 761 Now.
871 726 963 761 Nov.
993 737 1026 760 a.
1054 728 1125 760 ’704
1152 728 1242 769 (50).
1644 699 1659 711 Γ

571 807 770 842 TULLIUS
797 806 964 842 TIRONI
989 806 1077 842 SUO
1105 807 1138 842 S.
1547 821 1579 846 10

271 902 370 944 Non
397 917 504 957 queo
538 903 589 943 ad
621 905 662 943 te
689 917 764 944 nec
793 903 912 944 lubet
939 902 1132 956 scribere,
1165 917 1248 956 quo
1281 902 1421 943 animo
1447 902 1528 943 sim

184 962 392 1016 adfectus3
432 964 600 1002 tantum
633 961 790 1016 scribo,
823 964 865 1002 et
896 962 975 1002 tibi
1009 964 1050 1002 et
1080 961 1187 1002 mihi
1218 961 1426 1002 maximae
1457 975 1528 1002 vo-

182 1021 338 1075 luptati
371 1022 473 1076 fore,
506 1021 541 1061 si
573 1023 613 1061 te
646 1021 817 1061 firmum
849 1035 975 1074 quam
1006 1020 1192 1074 primum
1223 1020 1379 1061 videro.
1429 1019 1527 1061 Ter-

184 1080 244 1121 tio
278 1080 344 1120 die
382 1079 456 1120 abs
494 1082 535 1120 te
574 1079 626 1119 ad
657 1078 852 1133 Alyziam
884 1093 1188 1120 accesseramus
1230 1077 1285 1134 (is
1315 1078 1433 1120 locus
1464 1081 1527 1120 est

184 1139 289 1179 citra
314 1138 549 1179 Leucadem
576 1138 710 1178 stadia
742 1136 870 1193 CXX)3
902 1137 1092 1178 Leucade
1118 1140 1191 1178 aut
1221 1139 1263 1178 te
1289 1137 1427 1191 ipsum
1453 1140 1526 1178 aut
1546 1148 1579 1173 15

183 1200 277 1238 tuas
302 1197 466 1238 litteras
487 1212 510 1237 a
529 1196 719 1237 Marione
745 1196 948 1251 putabam
973 1211 1040 1237 me
1067 1198 1347 1250 accepturum.
1390 1195 1527 1245 Quan-

183 1259 275 1297 tum
305 1271 373 1297 me
406 1256 560 1311 diligis,
593 1258 759 1296 tantum
791 1256 857 1296 fac
888 1258 935 1295 ut
967 1255 1116 1309 valeas,
1149 1254 1216 1295 vel
1248 1257 1453 1309 quantum
1484 1257 1526 1295 te

182 1330 207 1355 3
238 1330 305 1356 1110
336 1315 417 1356 3013
450 1314 582 1370 diligi.
644 1314 754 1355 Non.
786 1313 894 1355 Nov.
914 1313 1088 1367 Alyzia.

817 1464 891 1506 ΙΙΙ.

384 1547 457 1582 Scr.
484 1547 638 1592 Alyziae
663 1558 695 1581 a.
723 1546 757 1581 d.
792 1546 896 1580 VIII
916 1546 973 1580 Id.
1001 1545 1092 1581 Nov.
1120 1558 1152 1581 a.
1183 1548 1253 1580 704
1281 1547 1372 1587 (50).
1546 1559 1579 1584 20

223 1627 423 1669 TULLIUS
450 1627 510 1661 ET
538 1626 705 1662 CICERO
732 1627 899 1661 TIRONI
925 1626 1013 1661 SUO
1041 1627 1075 1662 S.
1101 1627 1144 1662 D.
1171 1627 1232 1661 ET
1259 1626 1299 1668 Q.
1326 1625 1485 1661 PATER

728 1685 789 1719 ΕΤ
814 1686 976 1721 FILIUS.

137 1783 154 1812 1
270 1769 362 1810 Nos
395 1769 506 1824 apud
537 1768 749 1824 Alyziam,
790 1785 841 1811 ex
873 1784 956 1824 quo
996 1770 1090 1811 loco
1123 1769 1203 1810 tibi
1234 1769 1398 1810 litteras
1429 1771 1526 1810 ante

184 1829 443 1882 dederamus,
475 1843 606 1869 unum
639 1828 750 1869 diem
783 1829 1033 1870 commorati
1065 1842 1221 1881 sumus,
1254 1827 1366 1882 quod
1398 1824 1526 1876 Quin-

183 1891 251 1928 tus
283 1901 360 1928 nos
398 1890 646 1928 consecutus
684 1902 769 1928 non
807 1890 907 1928 erat.
969 1886 1010 1928 Is
1043 1887 1130 1927 dies
1162 1887 1243 1927 fuit
1274 1885 1383 1927 Non.
1414 1885 1524 1927 Nov.
1544 1897 1578 1922 25

182 1946 286 1987 Inde
313 1949 409 1986 ante
434 1946 571 1986 lucem
596 1946 911 1999 proficiscentes
937 1949 1034 1986 ante
1055 1945 1166 1986 diem
1192 1957 1274 1985 VIII
1299 1943 1398 1985 Idus
1415 1943 1524 1985 Nov.

182 2005 258 2045 has
290 2004 453 2045 litteras
481 2004 681 2045 dedimus.
744 2004 819 2058 Tu,
852 2005 886 2044 si
918 2018 995 2045 nos
1022 2017 1166 2044 omnes
1199 2017 1312 2044 amas
1339 2005 1380 2043 et
1409 2017 1526 2056 prae—

136 2074 156 2104 2
185 2064 305 2117 cipue
343 2077 428 2117 me⁷
466 2063 718 2118 magistrum
756 2066 894 2117 tuum,
933 2063 1136 2103 confirma
1166 2064 1218 2102 te.
1279 2060 1373 2117 Ego
1405 2060 1526 2102 valde

185 2135 387 2175 suspenso
429 2121 569 2162 animo
611 2124 807 2175 exspecto
848 2122 1034 2175 primum
1074 2123 1116 2162 te
1157 2120 1336 2173 scilicet,
1377 2119 1526 2160 deinde

183 2180 419 2221 Marionem
457 2193 551 2220 cum
583 2180 668 2220 tuis
706 2180 870 2221 litteris.
934 2178 1090 2220 Omnes
1123 2179 1331 2233 cupimus,
1370 2191 1448 2233 ego
1481 2178 1578 2219 11130

183 2239 348 2292 primis⁷
388 2253 513 2292 quam
550 2238 736 2292 primum
768 2241 809 2279 te
841 2238 1000 2291 videre,
1032 2237 1121 2292 sed,
1152 2237 1211 2278 mi
1243 2235 1356 2288 Tiro,
1387 2236 1526 2277 valen·
1558 2290 1561 2293 Ι
1608 2263 1614 2268 -

184 2300 280 2337 tem.
343 2296 480 2346 Quare
518 2297 626 2337 nihil
663 2297 922 2352 properaris3
959 2297 1060 2337 satis
1099 2296 1182 2336 cito
1214 2298 1256 2335 te
1287 2294 1450 2349 videro,
1489 2294 1526 2336 si

1581 2414 1584 2416 ,
1619 2326 1640 2410 ‚³

1600 2511 1602 2513 .
1620 2486 1639 2507 ἰ.
