1659 2552
174 101 195 140 1
202 100 258 141 90
671 99 1010 134 EPISTULARUM

172 210 221 237 ea
251 198 462 237 mercatus
494 210 622 250 esses,
664 209 769 249 quae
808 209 887 250 ego
921 194 1228 249 desiderabam,
1270 197 1312 236 et
1343 195 1397 236 ad
1428 210 1521 237 eam

173 269 399 310 summam,
440 269 566 308 quam
599 254 826 295 volueram.
889 252 952 293 Ac
984 256 1126 294 tamen
1159 254 1240 295 ista
1271 254 1381 309 ipsa,
1414 269 1521 309 quae

173 317 214 355 te
241 313 390 355 emisse
417 313 578 364 scribis,
610 328 694 354 11011
721 313 858 352 30111111
884 314 976 352 rata
1001 312 1107 353 mihi
1134 315 1268 366 erunt,
1294 313 1366 354 sed
1391 313 1519 354 etiam

172 375 311 428 grata-3
348 372 471 427 plane
510 372 622 413 enim
661 372 863 425 intellego
895 373 937 411 te
968 385 1054 411 non
1085 371 1212 412 modo
1251 371 1410 426 studio,
1447 372 1521 413 sed

173 431 302 472 etiam
334 446 475 472 amore
508 446 647 484 usum,
690 444 795 484 quae
827 433 867 469 te
901 429 1169 484 delectarint,
1206 429 1440 485 hominem,
1472 434 1520 472 ut
1557 443 1573 468 5

174 504 253 545 ego
286 504 450 544 semper
482 489 681 543 iudicavi,
720 489 762 528 in
802 488 917 528 omni
955 488 1112 529 iudicio
1144 489 1519 544 elegantissimum,

175 563 280 602 quae
318 563 384 589 me
424 548 551 603 digna
582 547 761 602 putaris,
804 546 1015 588 coemisse.
1079 546 1162 588 Sed
1192 548 1320 588 velim
1351 550 1520 589 maneat

173 607 456 661 Damasippus
481 607 524 647 in
551 606 777 659 sententia,
807 620 981 660 prorsus
1007 606 1120 647 enim
1146 620 1198 647 ex
1223 606 1317 647 istis
1342 607 1520 661 emptio-

172 666 298 707 nibus
324 667 484 707 nullam
511 665 712 706 desidero.
755 664 818 705 Tu
844 667 985 706 autem
1012 665 1186 720 ignarus
1211 665 1396 706 instituti
1422 666 1518 720 mei,

173 725 319 779 quanti
353 740 431 779 ego
463 739 596 779 genus
623 724 796 765 omnino
823 723 1043 779 signorum
1070 724 1259 765 omnium
1285 738 1371 765 non
1397 724 1572 766 aesti-10

172 798 254 837 mo,
280 784 388 824 tanti
415 784 495 824 ista
521 786 723 837 quattuor
749 785 820 823 aut
846 782 1032 837 quinque
1059 783 1288 837 sumpsisti.
1331 782 1518 824 Bacchas

173 843 274 883 istas
307 856 400 883 cum
432 841 566 882 Musis
597 841 759 882 Metelli
792 856 1020 896 comparas.
1083 840 1194 891 Quid
1225 841 1390 883 simile?
1427 841 1518 883 Pri-

172 916 289 942 mum
322 901 432 955 ipsas
464 915 542 955 ego
575 899 717 941 Musas
748 915 980 954 numquam
1011 900 1120 941 tanti
1150 903 1365 955 putassem
1391 903 1517 955 atque

174 960 216 1000 id
253 959 445 1000 fecissem
476 959 611 1000 Musis
649 959 846 1001 omnibus
878 959 1231 1014 adprobantibus,
1272 959 1345 1000 sed
1374 962 1516 1000 tamen

172 1021 261 1059 erat
293 1021 439 1072 aptum
471 1018 768 1072 bybliothecae
807 1018 1040 1072 studiisque
1072 1018 1230 1059 nostris
1262 1030 1570 1074 congruens315

172 1077 349 1118 Bacchis
386 1091 485 1118 vero
524 1077 598 1118 ubi
636 1080 699 1118 est
737 1077 848 1132 apud
884 1092 951 1118 me
989 1077 1136 1118 locus‘?
1190 1076 1249 1117 At
1279 1077 1515 1132 pulchellae

172 1139 280 1177 sunt.
342 1135 455 1177 Novi
501 1136 660 1190 optime
705 1139 746 1176 et
790 1150 912 1190 saepe
956 1136 1054 1177 vidi.
1124 1135 1392 1177 Nominatim
1434 1136 1515 1177 tibi

172 1195 292 1250 signa
323 1195 429 1236 mihi
462 1198 563 1235 nota
594 1195 876 1249 mandassem,
917 1194 951 1235 si
989 1195 1245 1249 probassem.
1308 1194 1372 1236 Ea
1403 1195 1516 1236 enim

171 1254 292 1309 signa
323 1268 402 1309 ego
434 1268 571 1295 emere
603 1253 735 1307 soleo,
768 1268 873 1308 quae
906 1253 958 1294 ad
988 1253 1311 1294 similitudinem
1342 1268 1516 1309 gymna—

170 1313 330 1353 siorum
362 1315 567 1353 exornent
598 1312 704 1353 mihi
731 1313 774 1353 in
799 1312 1007 1366 palaestra
1031 1313 1183 1353 locum.
1233 1311 1383 1353 Martis
1415 1326 1515 1354 vero
1535 1324 1568 1349 20

171 1372 339 1426 signum
378 1386 461 1425 quo
499 1371 606 1412 mihi
642 1371 757 1426 pacis
789 1371 980 1412 auctori?
1044 1370 1214 1412 Gaudeo
1247 1371 1411 1412 nullum
1444 1370 1515 1412 Sa-

171 1430 287 1470 turni
331 1429 500 1485 signum
544 1430 694 1484 fuisse3
737 1429 840 1470 haec
881 1429 993 1470 enim
1035 1429 1117 1470 duo
1159 1430 1279 1485 signa
1319 1432 1514 1484 putarem

170 1488 277 1529 mihi
315 1503 383 1529 aes
421 1488 605 1529 alienum
643 1488 872 1529 attulisse.x
907 1488 1091 1529 Mercuri
1131 1488 1301 1531 mallem
1342 1488 1515 1543 aliquod

171 1547 340 1601 fuisset,
378 1547 563 1601 felicius,
600 1550 725 1601 puto,
768 1561 861 1587 011111
893 1546 1076 1588 Avianio
1109 1547 1343 1603 transigere
1374 1561 1515 1602 possc-

170 1620 274 1646 mus.
338 1605 460 1654 Quod
497 1606 577 1646 tibi
617 1606 848 1647 destinaras
888 1605 1261 1660 trapezophorum,
1300 1606 1334 1647 si
1372 1609 1414 1647 te
1447 1606 1513 1647 de·
1533 1617 1566 1642 25

170 1664 315 1718 lectat,
359 1664 554 1719 habebis3
605 1665 669 1705 sin
713 1667 854 1705 autem
899 1665 1150 1705 sententiam
1194 1664 1390 1719 mutasti,
1433 1679 1512 1721 ego

168 1723 335 1764 habebo
380 1723 551 1764 scilicet.
613 1722 700 1764 Ista
745 1723 915 1777 quidem
960 1738 1124 1764 summa
1163 1738 1215 1764 ne
1257 1738 1335 1779 ego
1375 1723 1512 1765 multo

168 1782 372 1822 libentius
410 1782 584 1823 emerim
623 1782 909 1823 deversorium
947 1782 1216 1837 Tarracinae,
1256 1796 1308 1823 ne
1349 1796 1514 1837 semper

168 1840 328 1895 hospiti
366 1841 570 1882 molestus
608 1841 698 1882 sim.
762 1840 945 1882 Omnino
977 1841 1122 1882 liberti
1154 1841 1237 1882 mei
1269 1841 1391 1882 video
1424 1855 1512 1882 esse

169 1900 347 1954 culpam,
381 1900 447 1940 cui
478 1900 602 1954 plane
635 1915 701 1940 res
734 1903 867 1941 certas
899 1900 1155 1954 mandaram,
1188 1899 1373 1954 itemque
1403 1898 1512 1953 Iuni,
1531 1911 1566 1936 80

170 1973 294 2012 quem
332 1961 436 2013 puto
475 1959 555 1999 tibi
587 1962 737 1999 notum
770 1973 876 2013 esse,
916 1958 1072 2000 Aviani
1104 1958 1366 1999 familiarem.
1428 1957 1512 1998 Ex-

168 2017 314 2058 hedria
359 2018 563 2071 quaedam
613 2018 719 2058 mihi
762 2032 873 2059 nova
916 2021 1014 2059 sunt
1057 2017 1253 2058 instituta
1296 2017 1339 2057 in
1381 2017 1514 2070 porti-

169 2076 261 2116 cula
299 2075 536 2117 Tusculani.
600 2076 663 2117 Ea
700 2077 895 2118 volebam
934 2076 1102 2117 tabellis
1141 2089 1306 2129 ornare,
1344 2075 1512 2130 etenim,

168 2135 201 2174 si
242 2135 343 2188 quid
380 2135 546 2190 generis
585 2135 708 2176 istius
745 2135 862 2177 modi
898 2150 966 2177 me
1004 2135 1203 2189 delectat,
1242 2134 1409 2188 pictura
1446 2134 1513 2175 de-

167 2193 304 2234 lectat.
369 2193 451 2235 Sed
494 2197 652 2248 tamen,
697 2193 732 2234 si
770 2194 852 2235 ista
888 2193 995 2235 mihi
1033 2195 1131 2235 sunt
1172 2192 1382 2246 habenda,
1427 2207 1510 2234 cer·
1529 2203 1564 2230 85

167 2251 319 2292 tiorem
352 2253 480 2293 velim
510 2268 579 2294 me
609 2253 759 2307 facias,
791 2253 866 2294 ubi
898 2253 1003 2308 sint,
1036 2251 1203 2307 quando
1236 2253 1510 2306 arcessantur,

168 2324 250 2363 quo
277 2325 429 2365 genere
456 2314 662 2353 vecturae.
697 2311 742 2353 Si
775 2312 887 2352 enim
919 2311 1202 2365 Damasippus
1234 2310 1277 2351 in
1304 2310 1512 2352 sententia
