1659 2552
636 95 778 130 LIBER
802 97 834 130 x
860 101 915 140 24,
942 101 997 132 25.
1410 100 1493 140 287

157 192 265 231 esset
302 192 374 231 aut
412 191 455 231 in
493 191 801 233 aversissimam
838 192 923 233 illis
955 193 1205 247 Hispaniam
1243 209 1339 236 cum
1370 196 1495 236 detri-

155 251 299 290 mento
332 263 477 290 eorum
509 250 693 291 maximo
726 254 954 292 extrusum.
1017 251 1132 301 Quae
1156 267 1275 294 mens
1301 268 1395 295 eum
1422 258 1494 295 aut

156 322 337 362 quorum
368 308 543 349 consilia
575 324 598 349 a
629 312 748 350 tanta
777 310 925 365 gloria,
958 310 1039 351 sibi
1065 325 1164 352 vero
1198 312 1324 352 etiam
1356 327 1493 353 neces-

156 367 265 407 saria
302 381 349 407 ac
386 367 559 408 salutari
597 368 784 408 avocarit
815 371 857 409 et
887 369 940 409 ad
970 370 1273 425 cogitationem
1306 371 1492 411 consula-

121 437 136 461 5
155 427 224 466 tus
255 425 470 466 bimestris
501 440 665 467 summo
697 440 792 467 cum
823 430 983 468 terrore
1014 428 1236 470 hominum
1262 432 1303 470 et
1334 430 1492 470 insulsa

156 498 251 524 eum
289 484 592 540 efflagitatione
630 485 910 539 transtulerit,
952 489 1152 540 exputare
1183 502 1269 528 non
1308 502 1490 541 possum.

154 541 338 583 Multum
370 543 413 583 in
443 543 522 584 hac
554 557 596 583 re
627 544 733 584 mihi
764 544 961 585 videntur
991 546 1213 587 necessarii
1245 546 1333 587 eius
1365 549 1406 587 et
1431 547 1490 587 rei
1518 559 1536 589 7

153 615 193 655 p.
226 603 267 641 et
298 601 429 655 ipsius
461 615 585 642 causa
614 602 816 655 proficere
847 617 986 657 posse,
1018 604 1265 658 plurimum,
1298 607 1344 645 ut
1375 607 1491 658 puto,

153 662 201 700 tu
233 674 412 714 quoque,
444 660 562 701 cuius
593 660 664 700 ille
695 663 813 702 tanta
837 662 989 702 merita
1013 662 1152 717 habet,
1184 666 1341 728 quanta
1366 678 1489 704 nemo

102 731 134 755 10
154 721 320 772 praeter
362 733 439 759 me.
508 717 753 772 Numquam
797 720 908 761 enim
953 720 1178 761 obliviscar
1218 722 1403 762 maxima
1444 736 1491 762 ac

152 776 337 831 plurima
375 791 441 817 me
482 777 561 817 tibi
604 777 764 818 debere.
834 778 897 819 De
940 779 1007 819 his
1050 780 1175 821 rebus
1215 782 1262 821 ut
1302 781 1490 836 exigeret

153 849 249 876 cum
274 850 335 889 eo,
366 835 524 876 Furnio
549 836 754 876 mandavi.
817 829 986 890 Quo'dsi,
1019 841 1219 891 quantam
1245 816 1397 892 debeo?
1420 839 1491 879 ha-

153 894 285 935 buero
311 894 423 948 apud
453 908 549 935 eum
575 895 880 949 auctoritatem,
912 871 1178 950 phil-imum
1168 912 1307 950 ipsum
1332 897 1488 938 iuver.o

152 951 244 994 Nos
268 952 428 993 interea
453 953 621 993 duriore
642 954 885 994 condicione
907 954 1064 995 bellum
1084 956 1349 1009 sustinemus,
1376 956 1489 1010 quod
1515 967 1536 998 3

102 1023 134 1048 15
153 1026 289 1066 neque
320 1011 677 1065 expeditissimam
704 1012 1016 1053 dimicationem
1047 1016 1244 1067 putamus
1269 1028 1404 1068 neque
1430 1017 1489 1054 ta-

153 1084 250 1110 men
280 1070 528 1126 refugiendo
555 1070 819 1111 commissuri
845 1086 999 1125 sumus,
1031 1075 1078 1112 ut
1102 1073 1238 1112 maius
1267 1072 1490 1113 detrimen-

153 1131 245 1169 tum
277 1143 342 1169 res
372 1144 410 1183 p.
444 1128 630 1182 accipere
670 1129 814 1182 possit.
877 1129 1035 1178 Quodsi
1068 1133 1139 1170 aut
1173 1131 1323 1171 Caesar
1355 1145 1396 1171 se
1429 1146 1489 1172 re-

154 1187 354 1241 spexerit,
386 1190 459 1228 aut
489 1187 713 1228 Africanae
745 1188 934 1243 legiones
966 1189 1157 1229 celeriter
1188 1190 1396 1243 venerint,
1430 1204 1489 1230 se-

154 1259 276 1287 curos
306 1260 382 1286 vos
419 1246 470 1286 ab
508 1245 587 1286 hac
623 1248 742 1299 parte
774 1247 1005 1287 reddemus.
1067 1246 1142 1300 Tu,
1175 1250 1222 1288 ut
1254 1248 1488 1301 instituisti,

101 1317 134 1341 20
153 1318 220 1346 me
247 1304 409 1360 diligas,
440 1318 557 1360 rogo,
588 1304 841 1359 proprieque
867 1307 988 1346 tuum
1009 1319 1096 1346 esse
1122 1305 1202 1346 tibi
1228 1306 1490 1360 persuadeas.

153 1378 191 1405 v.
223 1362 273 1404 K.
307 1361 419 1404 Sext.
452 1377 503 1403 ex
535 1363 694 1403 castris.

756 1514 888 1556 XXV.

378 1594 452 1629 Ser.
476 1594 612 1629 Romae
637 1596 718 1630 circ.
754 1595 834 1628 VH
853 1595 900 1629 K.
926 1595 1010 1629 Iun.
1038 1607 1070 1629 a.
1096 1598 1161 1629 711
1190 1598 1279 1639 (43).

562 1675 728 1710 CICERO
757 1675 789 1710 S.
819 1676 861 1710 D.
887 1675 1078 1711 FURNIO.

103 1783 136 1808 25
244 1768 288 1811 Si
319 1769 505 1825 interest,
535 1771 580 1811 id
611 1771 724 1825 quod
753 1771 946 1811 homines
977 1771 1247 1826 arbitrantur,
1279 1771 1340 1812 rei
1370 1787 1408 1826 p.
1436 1775 1488 1825 te,
1519 1786 1533 1814 1

154 1831 202 1869 ut
240 1828 464 1869 instituisti
505 1832 629 1883 atque
669 1829 827 1883 fecisti,
870 1844 1022 1870 navare
1067 1843 1237 1883 operam
1280 1830 1488 1883 rebusque

153 1887 368 1940 maximis,
410 1901 515 1941 quae
553 1887 605 1928 ad
645 1888 950 1942 extinguendas
988 1887 1186 1941 reliquias
1224 1888 1325 1928 belli
1362 1889 1488 1941 perti-

153 1948 266 2000 nent,
297 1945 514 1999 interesse,
551 1945 660 1986 nihil
690 1945 846 1986 videris
885 1946 1036 1986 melius
1066 1960 1202 2000 neque
1232 1946 1487 1986 laudabilius

153 2018 288 2059 neque
318 2004 537 2045 honestius
574 2004 709 2045 facere
739 2018 879 2058 posse,
917 2004 1125 2057 istamque
1157 2019 1327 2058 operam
1358 2007 1487 2059 tuam,

101 2075 136 2100 30
153 2063 401 2117 navitatem,
441 2063 628 2103 animum
664 2063 709 2102 in
740 2077 828 2103 rem
859 2077 896 2116 p.
930 2062 1135 2103 celeritati
1166 2066 1386 2116 praeturae
1418 2078 1487 2103 an-

153 2121 433 2176 teponendam
464 2135 622 2162 censeo.
682 2120 794 2162 Nolo
827 2121 938 2161 enim
969 2124 1011 2161 te
1042 2121 1254 2186 ignorare,
1287 2124 1487 2174 quantam

152 2180 320 2220 laudem
340 2183 586 2221 consecutus
606 2179 679 2233 sis3
705 2179 811 2220 mihj
832 2179 962 2232 crede,
982 2179 1220 2233 proximam
1238 2179 1406 2234 Planco,
1427 2180 1487 2220 id-

154 2253 234 2292 que
259 2238 391 2292 ipsius
410 2238 554 2279 Planci
574 2238 830 2291 testimonio,
862 2213 1078 2303 praeterea
1097 2238 1208 2278 fama
1228 2238 1485 2292 scientiaque

154 2297 352 2337 omnium.
415 2296 549 2346 Quam
591 2297 644 2338 ob
685 2310 794 2351 rem,
838 2296 872 2336 si
913 2296 1015 2350 quid
1059 2296 1196 2350 operis
1236 2296 1317 2337 tibi
1358 2297 1484 2338 etiam
1512 2309 1532 2338 -3
1592 2320 1596 2322 -
