1659 2552
562 85 704 120 LIBER
730 85 813 120 ΧΙΠ
841 89 988 120 11-13.
1366 82 1420 123 37
1426 82 1452 123 9

733 226 826 269 XII.

450 310 524 344 Ser.
552 309 688 344 Romae
711 309 825 353 paulo
846 312 928 353 post
952 319 1004 352 ep.
1033 306 1103 341 XI.

574 390 742 425 CICERO
770 388 930 424 BRUTO
961 388 994 424 S.

199 473 297 514 Alia
329 474 510 528 epistula
542 474 824 515 communiter
855 472 1146 514 commendavi
1177 470 1259 512 tibi
1289 470 1454 525 legatos

77 546 92 571 3
112 532 397 587 Arpinatium,
430 536 477 573 ut
508 534 628 587 potui
661 532 1005 588 diligentissime,
1036 531 1115 571 hac
1148 530 1375 584 separatim
1407 530 1454 577 Q.

112 591 337 646 Fufidium,
370 606 552 645 quocum
584 591 690 632 mihi
718 605 862 632 omnes
893 589 1223 631 necessitudines
1255 590 1365 641 sunt,
1399 587 1457 627 di-

112 650 315 706 ligentius
353 651 619 704 commendo,
651 665 737 691 non
774 653 822 690 ut
859 649 1021 703 aliquid
1053 648 1102 689 de
1143 647 1216 688 illa
1248 660 1457 688 commen-

115 709 283 750 datione
323 709 579 761 deminuam,
622 709 694 749 sed
731 711 778 750 ut
815 708 867 749 ad
904 708 1012 748 hanc
1050 706 1211 747 addam.
1272 704 1385 747 Nam
1417 707 1459 745 61

114 768 336 824 privignus
374 771 437 808 est
473 767 529 808 M.
564 767 700 821 Gaesi,
738 767 821 808 mei
858 767 1042 807 maxime
1080 768 1122 806 et
1158 764 1380 805 familiaris
1418 765 1460 803 et

63 841 96 865 10
116 826 357 880 necessarii,
390 830 432 867 et
462 827 544 867 fuit
576 827 619 866 in
647 826 795 866 Cilicia
825 832 991 866 mecum
1023 824 1221 865 tribunus
1252 823 1460 876 militum3

117 900 201 940 quo
233 886 277 926 111
308 899 481 926 munere
514 885 573 925 ita
606 899 647 925 se
679 884 890 938 tractavit,
922 886 970 924 ut
998 882 1205 936 accepisse
1231 881 1283 922 ab
1310 895 1359 922 eo
1391 880 1460 921 be-

118 944 316 985 neficium
356 944 541 997 viderer,
585 958 670 984 non
712 943 885 983 dedisse.
947 941 1026 982 Est
1066 943 1303 995 praeterea,
1347 938 1461 993 quod

118 1002 230 1057 apud
261 1005 302 1043 16
334 1003 446 1043 valet
476 1002 726 1056 plurimum,
767 1017 791 1042 a
822 1001 978 1042 nostris
1010 999 1161 1040 studiis
1192 1013 1279 1039 non
1311 998 1462 1038 abhor-

119 1075 225 1102 rens.
288 1060 424 1110 Quare
462 1061 589 1102 velim
628 1075 723 1101 eum
762 1074 888 1114 quam
924 1058 1220 1100 liberalissime
1259 1056 1463 1110 complec—

67 1132 100 1158 15
119 1123 209 1160 tare
237 1134 490 1174 operamque
524 1120 606 1173 des,
637 1122 686 1160 ut
716 1119 760 1159 in
787 1133 834 1159 ea
864 1118 1088 1173 legatione,
1121 1131 1247 1170 quam
1279 1115 1464 1169 suscepit

121 1181 267 1219 contra
308 1192 430 1219 suum
471 1177 739 1219 commodum
777 1179 944 1217 secutus
981 1176 1276 1216 auctoritatem
1314 1188 1464 1226 meam,

122 1251 247 1291 quam
278 1237 461 1277 maxime
499 1237 588 1277 eius
627 1236 805 1277 excellat
840 1235 1059 1275 industria.
1121 1233 1228 1274 Vult
1260 1233 1389 1286 enim,
1421 1232 1466 1272 id

122 1295 235 1350 quod
267 1295 429 1349 optimo
463 1296 613 1349 cuique
644 1298 796 1335 natura
826 1293 1038 1335 tributum
1070 1295 1144 1346 est,
1177 1306 1303 1346 quam
1334 1291 1466 1331 maxi-

121 1369 234 1395 mam
270 1354 438 1395 laudem
476 1368 571 1394 cum
603 1368 627 1393 a
656 1353 799 1407 nobis,
840 1353 913 1406 qui
951 1366 1047 1392 eum
1078 1350 1342 1405 impulimuS‚
1373 1352 1466 1389 tum

69 1426 102 1451 20
123 1428 146 1453 a
177 1412 408 1466 municipio
442 1412 662 1467 consequi3
701 1411 815 1466 quod
847 1411 885 1451 ei
918 1411 1154 1465 continget,
1192 1409 1228 1449 si
1264 1408 1343 1449 hac
1373 1422 1467 1448 mea

124 1471 487 1512 commendatione
518 1474 641 1512 tuum
673 1484 773 1525 erga
805 1484 848 1510 se
880 1469 1068 1510 studium
1101 1468 1182 1508 erit
1208 1469 1466 1508 consecutus.

737 1573 852 1615 XIII.

461 1655 535 1690 Ser.
563 1655 699 1690 Romae
723 1655 836 1699 paulo
856 1658 938 1697 post
964 1665 1016 1698 ep.
1046 1652 1140 1687 XII.

593 1735 761 1771 CICERO
790 1735 950 1769 BRUTO
979 1735 1013 1770 S.

75 1834 108 1860 25
214 1820 261 1862 L.
289 1820 534 1862 Castronius
559 1819 726 1873 Paetus,
757 1819 884 1874 longe
916 1818 1112 1872 princeps
1144 1815 1367 1870 municipii
1393 1814 1475 1855 Lu-

129 1880 274 1934 censis,
307 1882 368 1920 est
392 1880 607 1932 honestus,
639 1878 792 1933 gravis,
823 1878 973 1931 plenus
1007 1876 1149 1930 officii,
1181 1876 1318 1916 bonus
1350 1874 1474 1928 plane

130 1940 196 1980 vir
226 1942 268 1979 et
300 1952 394 1979 cum
424 1937 657 1978 virtutibus
688 1938 781 1977 tum
813 1936 941 1976 etiam
972 1935 1155 1988 fortuna,
1192 1933 1227 1974 si
1261 1932 1364 1987 quid
1393 1932 1476 1972 hoc

130 1998 183 2038 ad
213 2012 302 2038 rem
332 1996 529 2051 pertinet,
562 1997 754 2049 ornatus3
785 2008 904 2035 meus
936 1996 1078 2034 autem
1103 1995 1166 2033 est
1197 1990 1476 2032 familiarissi-

129 2070 241 2111 mus,
279 2055 339 2097 sic
378 2068 545 2109 prosus,
583 2056 631 2094 ut
667 2052 803 2093 nostri
836 2052 996 2093 ordinis
1036 2053 1230 2105 opservet
1261 2049 1476 2090 neminem

78 2127 112 2151 30
133 2114 388 2170 diligentius.
440 2112 576 2162 Quare
601 2114 649 2152 ut
675 2114 716 2152 et
740 2125 882 2152 meum
909 2110 1091 2151 amicum
1121 2112 1162 2150 61
1192 2111 1267 2149 tua
1299 2108 1477 2163 dignum

133 2173 319 2213 amicitia
367 2172 448 2213 tibi
498 2170 757 2212 commendo.
835 2169 912 2210 Cui
963 2169 1300 2223 quibuscumque
1350 2166 1478 2207 rebus

133 2231 475 2283 commodaveris,
507 2229 588 2270 tibi
619 2228 810 2282 profecto
843 2228 1085 2281 iucundum,
1116 2225 1223 2267 mihi
1253 2227 1365 2266 certe
1398 2224 1478 2266 erit

132 2292 314 2345 gratum.
375 2289 494 2330 Vale.
