1659 2552
645 111 787 145 LIBER
812 111 844 145 x
871 115 925 155 32,
953 115 1008 146 33.
1412 112 1495 153 297

158 206 394 248 victoribus
444 206 529 247 illis
583 207 965 261 portendebantur,
1022 206 1283 261 deminuere,
1339 207 1500 249 debetis

159 265 415 306 existumare
447 268 659 306 retentum
692 268 733 307 et
765 268 1057 307 conservatum
1089 266 1149 306 rei
1183 281 1220 320 p.
1255 280 1342 306 esse
1374 270 1499 320 atque

157 324 218 364 ita
250 324 429 378 credere,
462 324 757 378 quodcumque
790 325 1085 379 imperassetis,
1118 325 1328 365 facturum
1361 325 1500 379 fuisse,

159 383 214 437 si,
253 383 367 437 quod
405 383 604 437 iussistis,
642 383 732 424 feci.
803 383 915 425 Nam
953 386 994 424 et
1034 383 1296 437 provinciam
1334 383 1377 423 111
1410 384 1497 424 otio

123 452 139 478 5
159 444 200 482 et
232 442 464 483 exercitum
489 442 533 482 in
558 456 652 482 mea
682 444 890 496 potestate
922 442 1051 495 tenui,
1082 442 1240 482 finibus
1265 456 1381 482 meae
1406 456 1500 495 pro-

158 500 320 541 vinciae
357 515 565 554 nusquam
603 501 778 555 excessi,
819 501 999 542 militem
1036 514 1121 541 non
1158 500 1284 541 modo
1316 500 1501 555 legiona-

159 559 282 613 rium,
314 559 387 600 sed
416 573 468 600 ne
501 559 770 600 auxiliarium
797 560 967 613 quidem
999 559 1134 600 ullum
1161 573 1374 613 quoquam
1403 559 1500 599 misi

159 620 218 671 et,
257 617 292 658 si
333 631 438 671 quos
479 618 640 671 equites
680 617 925 659 decedentes
962 620 1109 658 nactus
1142 632 1251 671 sum,
1290 618 1499 671 supplicio

159 676 305 717 adfeci.
367 675 555 724 Quarum
592 691 732 717 rerum
771 678 955 717 fructum
993 677 1094 717 satis
1134 691 1337 732 magnum
1378 690 1422 717 re
1461 691 1500 729 p.

107 748 140 772 10
160 735 276 776 salva
314 735 462 775 tulisse
498 750 565 775 me
602 735 781 790 putabo,
822 736 910 789 sed,
952 750 1017 776 res
1054 751 1092 789 p.
1125 735 1159 775 si
1197 750 1264 776 me
1297 734 1398 775 satis
1429 749 1501 775 no-

158 794 289 834 visset
326 796 367 834 et
404 794 541 834 maior
577 808 673 847 pars
712 796 897 848 senatus,
912 794 1115 849 ‚maiores
1152 808 1203 834 ex
1240 808 1307 834 me
1338 793 1501 833 fructus

158 852 336 893 tulisset.
399 852 654 918 Epistolam,
687 867 813 906 quam
844 852 996 906 Balbo,
1029 866 1124 893 cum
1156 852 1283 892 etiam
1314 865 1427 892 nunc
1457 852 1501 892 in

158 911 378 965 provincia
404 913 523 965 esset,
550 911 709 965 scripsi,
735 911 956 966 legendam
981 887 1061 951 tibi
1087 911 1201 965 misi3
1233 911 1361 951 etiam
1385 925 1502 964 prae-

159 972 331 1024 textam,
365 969 399 1010 si
430 970 546 1010 voles
576 969 727 1025 legere,
762 969 930 1010 Gallum
963 945 1218 1024 Corneliuni,
1249 969 1502 1010 familiarem

108 1040 140 1066 15
160 1042 313 1083 meum,
344 1028 519 1082 poscito.
582 1040 629 1068 VI
660 1027 760 1069 Idus
791 1028 882 1069 Iun.
916 1027 1123 1069 Corduba.

735 1178 932 1220 XXXIII.

231 1260 304 1295 Ser.
334 1259 518 1295 Cordubae
543 1260 597 1295 vel
622 1271 674 1294 ex.
701 1271 746 1294 m.
773 1260 881 1295 Maio
905 1261 959 1294 vel
990 1260 1040 1294 in.
1067 1261 1152 1294 Izm.
1179 1271 1211 1294 α.
1241 1262 1307 1294 711
1338 1261 1426 1303 (43).

560 1341 729 1376 POLLIO
757 1340 980 1376 CICERONI
1009 1341 1042 1376 S.
1069 1341 1107 1376 P.

251 1435 291 1477 S.
318 1452 354 1478 v.
381 1437 419 1477 b.
447 1452 478 1478 e.
506 1452 537 1477 e.
566 1452 603 1491 q.
630 1452 667 1477 v.
738 1436 830 1486 Quo
870 1437 1033 1478 tardius
1074 1437 1228 1477 certior
1268 1436 1413 1477 fierem
1455 1436 1503 1476 de

109 1510 143 1535 20
161 1495 335 1550 proeliis
360 1495 473 1550 apud
496 1495 707 1536 Mutinam
733 1496 866 1550 factis,
897 1495 1082 1550 Lepidus
1109 1495 1257 1549 effecit,
1290 1495 1362 1549 qui
1388 1509 1504 1535 meos

162 1554 407 1595 tabellarios
445 1568 598 1595 novem
637 1555 724 1595 dies
762 1555 956 1609 retinuit,
992 1554 1162 1595 tametsi
1199 1556 1362 1594 tantam
1400 1553 1504 1593 cala-

162 1612 356 1653 mitatem
387 1612 448 1653 101
478 1627 517 1666 p.
551 1627 677 1667 qua-m
713 1613 953 1653 tardissime
990 1613 1133 1653 audire
1166 1612 1399 1666 optandum
1430 1614 1504 1665 est,

164 1670 238 1712 sed
279 1670 384 1724 ilh's,
428 1671 500 1724 qui
543 1671 741 1724 prodesse
784 1671 893 1711 nihil
934 1673 1112 1725 possunt
1155 1685 1290 1724 neque
1333 1670 1502 1710 mederi.

163 1729 306 1783 Atque
342 1728 507 1769 utinam
545 1729 692 1770 eodem
730 1745 758 1769 3.
792 1744 836 1783 0.,
875 1744 958 1783 quo
989 1729 1193 1769 Plancum
1225 1731 1266 1769 et
1297 1728 1505 1782 Lepidum

112 1800 145 1826 25
164 1788 209 1828 in
234 1786 403 1828 Italiam
423 1788 665 1842 arcessistis,
690 1802 757 1828 me
778 1802 945 1842 quoque
965 1788 1191 1828 iussissetis
1217 1787 1378 1828 venire!
1409 1801 1504 1840 pro-

165 1847 276 1887 fecto
313 1860 400 1886 non
436 1846 663 1900 accepisset
703 1861 769 1886 res
808 1861 847 1900 p.
886 1847 966 1886 hoc
1003 1846 1167 1886 vulnus.
1229 1845 1320 1894 Quo
1359 1845 1395 1885 si
1432 1845 1505 1899 qui

164 1905 378 1946 laetantur
409 1904 453 1944 in
483 1905 737 1958 praesentia,
779 1905 877 1958 quia
908 1904 1105 1945 videntur
1137 1906 1178 1944 et
1211 1904 1335 1944 duces
1367 1905 1408 1943 et
1439 1917 1506 1943 ve

165 1964 303 2005 terani
335 1962 525 2004 Caesaris
555 1963 742 2017 partium
774 1963 978 2017 interisse,
1009 1966 1151 2003 tamen
1181 1952 1405 2016 postmodo
1438 1976 1507 2002 ne

167 2024 320 2063 cessest
365 2021 554 2075 doleant,
607 2035 702 2062 cum
745 2021 987 2062 vastitatem
1033 2020 1181 2061 Italiae
1225 2019 1506 2074 respexerint3

113 2093 149 2119 80
166 2096 265 2122 nam
302 2083 344 2121 et
380 2080 511 2122 robur
548 2082 589 2120 et
620 2079 788 2120 suboles
819 2080 1005 2120 militum
1037 2079 1216 2133 interiit,
1257 2079 1292 2119 si
1325 2078 1506 2132 quidem,

167 2154 274 2194 quae
304 2139 566 2192 nuntiantur,
598 2138 684 2179 ulla
716 2153 766 2179 ex
797 2141 916 2192 parte
947 2152 1046 2178 vera
1077 2140 1185 2178 sunt.
1245 2136 1396 2190 Neque
1427 2150 1506 2192 ego

166 2212 253 2239 non
283 2198 498 2251 videbam,
532 2200 690 2251 quanto
722 2197 816 2237 usui
849 2197 909 2237 rei
940 2212 978 2250 p.
1013 2211 1145 2237 essem
1176 2196 1356 2244 futurus
1389 2195 1424 2235 si
1455 2195 1508 2235 ad

166 2256 374 2311 Lepidum
416 2256 647 2310 venissem3
697 2269 864 2296 omnem
908 2255 1020 2296 enim
1064 2254 1376 2295 cunctationem
1419 2253 1507 2294 eius

169 2315 467 2370 discussissem,
499 2314 748 2369 praesertim
780 2314 970 2354 adiutore
995 2313 1170 2368 Planco3
1202 2313 1275 2354 sed
1306 2312 1508 2353 scribenti

1532 2148 1551 2178 [θ
