1659 2552
590 88 732 123 LIBER
758 88 826 122 VII
851 90 1002 122 24-26.
1387 86 1469 127 193

722 229 875 272 XXVI.

292 312 366 347 Scr.
399 314 439 346 'in
469 311 674 346 Tusculano
699 323 744 346 m.
771 312 894 346 intere.
922 314 1015 354 post.
1048 321 1080 344 a.
1110 311 1183 344 708
1215 310 1302 353 (46).

551 392 719 427 CICERO
747 392 780 428 S.
807 392 850 427 D.
878 390 1044 426 GALLO.

217 477 324 518 Cum
357 477 577 518 decumum
609 477 693 517 iam
726 476 837 517 diem
867 474 1055 531 graviter
1087 489 1139 515 ex
1170 473 1385 515 intestinis
1413 473 1470 514 la-

92 538 323 578 5borarem
359 550 495 590 neque
532 536 601 590 iis,
643 536 715 590 qui
752 549 846 575 mea
884 548 1011 588 opera
1042 533 1106 574 uti
1137 533 1357 587 volebant,
1402 547 1470 573 me

127 596 352 650 probarem
383 609 468 635 non
500 595 658 649 valere,
691 594 789 648 quia
819 592 974 634 febrim
1004 606 1090 633 non
1120 591 1338 645 haberem,
1378 591 1470 646 fugi

128 655 172 695 in
203 653 505 707 Tusculanum,
538 667 633 693 cum
665 652 835 706 quidem
866 651 1044 692 biduum
1076 651 1136 691 ita
1167 650 1333 691 ieiunus
1370 649 1471 690 fuis-

128 728 228 767 sem,
260 715 307 753 ut
332 726 384 753 ne
410 727 561 766 aquam
593 711 763 765 quidem
788 713 1013 766 gustarem.
1074 708 1223 763 Itaque
1255 708 1470 749 confectus

128 772 332 827 languore
353 773 394 811 et
414 771 523 811 fame
548 770 684 826 magis
709 772 831 810 tuum
857 768 1046 809 officium
1079 767 1312 809 desideravi
1343 781 1470 821 quam

78 844 153 870 10a
184 832 227 871 te
264 829 424 883 requiri
460 829 607 883 putavi
645 843 796 869 meum.
859 827 953 883 Ego
992 829 1133 868 autem
1172 840 1301 880 quom
1333 825 1471 866 omnis

131 888 303 929 morbos
329 888 570 941 reformido,
602 890 693 927 tum
726 888 771 927 in
803 900 886 940 quo
918 885 1152 940 Epicurum
1183 888 1305 926 tuum
1338 883 1472 925 Stoici

130 947 239 988 male
271 947 494 1000 accipiunt,
526 945 625 1000 quia
657 945 767 986 dicat
800 944 1137 999 εστραγγουρικὰ
1168 943 1239 985 καὶ
1272 944 1472 984 δυσεντε-

132 1006 231 1059 ρικὰ
256 1005 394 1058 πάθη’
421 1005 503 1045 sibi
527 1004 706 1045 molesta
725 1018 830 1058 esse,
863 1017 1043 1057 quorum
1070 1003 1249 1043 alterum
1274 1001 1473 1042 morbum

132 1064 351 1105 edacitatis
383 1078 471 1104 esse
502 1065 672 1117 putant,
711 1063 891 1103 alterum
923 1061 1050 1102 etiam
1087 1061 1291 1115 turpioris
1323 1060 1473 1101 intem-

80 1136 112 1161 15
131 1123 358 1177 perantiae.
430 1121 538 1163 Sane
583 1122 866 1175 δυσεντερίαν
908 1120 1227 1174 pertimueram3
1272 1119 1345 1159 sed
1383 1119 1474 1159 visa

133 1184 195 1222 est
225 1181 332 1222 mihi
357 1180 425 1222 vel
454 1180 538 1221 loci
568 1180 749 1221 mutatio
775 1179 842 1220 vel
868 1178 997 1219 animi
1024 1179 1151 1219 etiam
1177 1177 1380 1219 relaxatio
1407 1177 1474 1218 vel

133 1240 224 1294 ipsa
254 1240 433 1280 fortasse
464 1239 548 1280 iam
579 1238 832 1280 senescentis
863 1237 1002 1278 morbi
1028 1237 1220 1278 remissio
1251 1236 1472 1290 profuisse.

132 1298 196 1339 Ac
226 1301 368 1339 tamen
398 1312 450 1338 ne
481 1298 652 1351 mirere,
684 1297 794 1337 unde
824 1296 905 1337 hoc
936 1295 1147 1349 acciderit,
1179 1309 1262 1349 quo
1294 1295 1473 1335 modove

133 1357 436 1411 commiserim,
478 1357 547 1397 lex
591 1355 872 1410 sumptuaria,
916 1368 1021 1408 quae
1061 1354 1230 1395 videtur
1273 1355 1474 1406 λιτότητα

81 1429 114 1453 20
135 1416 343 1470 attulisse,
382 1429 430 1456 ea
465 1415 572 1456 mihi
603 1414 742 1455 fraudi
774 1413 866 1454 fuit.
928 1412 1057 1467 Nam,
1091 1412 1190 1453 dum
1221 1412 1371 1453 volunt
1403 1411 1472 1451 isti

133 1474 240 1515 lauti
270 1477 384 1515 terra
414 1476 530 1528 nata,
570 1487 675 1527 quae
706 1473 800 1528 lege
832 1474 1006 1526 excepta
1037 1474 1152 1525 sunt,
1194 1471 1237 1511 in
1268 1470 1475 1511 honorem

135 1532 350 1587 adducere,
381 1532 547 1588 fungos,
577 1531 790 1585 helveHaS,
821 1530 974 1571 herbas
1006 1530 1143 1570 omnis
1174 1529 1235 1570 ita
1261 1529 1475 1582 condiunt,

135 1592 183 1631 ut
213 1591 322 1631 nihil
351 1591 486 1644 possit
511 1605 599 1631 esse
631 1590 811 1631 suavius.
872 1587 921 1629 In
948 1603 1016 1629 eas
1043 1602 1138 1629 cum
1163 1588 1405 1628 incidissem
1431 1587 1475 1627 in

136 1663 237 1689 cena
268 1649 460 1704 augurali
491 1649 603 1702 apud
632 1648 872 1701 Lentulum,
904 1650 1023 1688 tanta
1047 1662 1114 1688 me
1141 1646 1344 1701 διάρροια
1376 1645 1477 1686 arri-

84 1720 116 1744 ‘25
136 1707 240 1761 puit,
266 1710 313 1748 ut
337 1707 463 1748 hodie
487 1707 673 1760 primum
698 1707 891 1747 videatur
916 1706 1102 1760 coepisse
1129 1705 1368 1746 consistere.
1411 1703 1478 1745 Ita

137 1779 233 1820 ego,
274 1765 346 1819 qui
377 1780 444 1806 me
486 1765 635 1805 ostreis
672 1767 713 1805 et
750 1764 937 1805 murenis
977 1764 1099 1804 facile
1138 1763 1421 1816 abstinebam,
1454 1777 1478 1803 a

137 1824 235 1864 beta
266 1826 307 1864 et
339 1838 363 1864 a
393 1823 531 1864 malva
563 1823 761 1877 deceptus
787 1837 890 1863 sum.
952 1822 1136 1863 Posthac
1161 1822 1295 1877 igitur
1320 1821 1476 1862 erimus

137 1882 358 1923 cautiores.

225 1940 289 1981 Tu
320 1943 474 1994 tamen,
506 1953 601 1980 cum
633 1939 818 1980 audisses
849 1939 900 1979 ab
933 1937 1086 1978 Anicio
1119 1935 1245 1993 (vidit
1272 1937 1385 1978 enim
1411 1951 1478 1977 me

86 2011 119 2036 30
138 1997 446 2054 nauseantem),
487 2012 572 2039 non
609 1998 736 2039 modo
773 1997 969 2038 mittendi
1009 2010 1175 2037 causam
1212 1996 1369 2036 iustam
1407 1995 1478 2035 ha-

137 2057 285 2112 buisti,
323 2057 396 2098 sed
427 2057 554 2098 etiam
585 2056 758 2097 visendi.
808 2055 902 2110 Ego
934 2055 1004 2095 hic
1036 2054 1177 2109 cogito
1211 2054 1477 2106 commorari,

139 2117 277 2170 quoad
301 2130 368 2158 me
394 2116 590 2168 reficiam,
623 2129 720 2155 nam
753 2116 793 2155 et
824 2114 926 2154 viris
959 2116 1000 2154 et
1032 2127 1184 2166 corpus
1216 2112 1356 2167 amisi3
1394 2111 1478 2166 sed,

138 2175 173 2216 si
203 2175 400 2216 morbum
433 2174 644 2229 depulero,
675 2173 808 2227 facile,
840 2174 888 2213 ut
919 2185 1053 2226 spero,
1086 2171 1158 2212 illa
1190 2170 1408 2212 revocabo.

209 2366 362 2392 Ciceronis
384 2367 462 2397 epist
499 2367 522 2392 1.
1222 2360 1264 2390 13
