1659 2552
190 106 278 145 410
706 103 1045 138 EPISTULARUM

192 216 297 256 sum,
329 203 370 242 te
403 201 535 255 ipsius
567 200 622 241 M.
650 199 788 241 Annei
822 214 945 240 causa
978 200 1120 241 omnia
1145 200 1269 254 velle3
1302 200 1374 241 sed
1398 202 1540 241 tamen

192 261 252 301 sic
283 260 412 301 velim
445 260 671 312 existimes,
704 262 745 300 te
771 259 877 299 mihi
910 258 1019 299 nihil
1049 259 1213 314 gratius
1239 259 1374 300 facere
1406 273 1540 313 posse,

193 334 320 374 quam
358 319 393 360 si
432 319 680 359 intellexero
718 333 794 373 per
831 321 873 358 te
911 317 1034 358 illum
1066 318 1206 372 ipsum
1236 318 1456 373 negotium
1489 333 1540 358 ex

193 378 403 419 sententia
440 378 688 430 confecisse,
731 377 857 430 idque
896 391 1022 431 quam
1061 377 1247 431 primum
1285 379 1333 417 ut
1370 377 1540 430 efficias,

192 440 234 479 te
267 438 394 478 etiam
428 440 553 490 atque
587 436 714 477 etiam
746 450 863 491 rogo.
1577 446 1594 471 5

787 587 941 629 LVIII.

306 670 379 705 Ser.
407 670 610 704 Laodiceae
631 673 714 713 post
738 681 772 703 a.
800 670 832 703 cl.
859 669 939 703 III
957 669 1014 704 Id.
1045 668 1150 704 Febr.
1178 681 1211 703 a.
1240 671 1311 704 704
1335 670 1427 712 (50).

337 752 384 787 M.
413 750 583 787 CICERO
612 750 647 785 C.
676 750 806 785 TITIO
833 750 871 786 L.
898 750 938 786 F.
965 750 1093 785 RUFO
1124 751 1196 786 PR.
1223 750 1330 786 URB.
1358 750 1391 786 S.

280 848 326 889 L.
361 847 578 889 Custidius
615 849 678 887 est
719 847 890 888 tribulis
923 849 965 888 et
996 847 1215 901 municeps
1247 849 1289 888 et
1319 846 1542 888 familiaris

192 922 322 949 meus.
384 906 426 948 Is
465 921 634 948 causam
665 905 810 959 habet,
853 921 980 960 quam
1012 921 1180 947 causam
1212 906 1266 946 ad
1295 908 1337 947 te
1370 905 1539 947 deferet.
1562 920 1594 943 10

194 966 454 1007 Commendo
495 965 577 1006 tibi
616 965 855 1019 hominem,
900 965 960 1005 sic
1000 968 1046 1006 ut
1086 969 1159 1006 tua
1198 965 1302 1006 fides
1343 967 1385 1006 et
1422 979 1541 1006 meus

192 1026 332 1080 pudor
361 1025 568 1080 postulat,
600 1026 780 1078 tantum,
813 1027 860 1064 ut
891 1024 1027 1064 facilis
1054 1024 1107 1065 ad
1131 1027 1172 1065 te
1205 1024 1344 1065 aditus
1374 1023 1541 1078 habeat,

194 1100 301 1139 quae
333 1099 466 1138 aequa
497 1082 751 1138 postulabit,
790 1085 837 1123 ut
875 1083 1034 1124 libente
1066 1086 1107 1124 te
1139 1083 1338 1137 impetret
1370 1083 1541 1123 sentiat-

193 1158 274 1198 que
311 1158 448 1184 meam
486 1142 568 1183 sibi
606 1141 854 1196 amicitiam,
893 1142 1021 1182 etiam
1060 1156 1155 1183 cum
1193 1142 1439 1197 longissime
1471 1156 1541 1196 ap-

193 1203 294 1256 sim,
324 1202 541 1257 prodesse,
573 1201 617 1241 in
648 1200 798 1255 primis
830 1200 943 1254 apud
973 1203 1024 1241 te.
1560 1213 1594 1238 15

811 1352 919 1393 LIX.

306 1435 380 1470 Sor.
407 1435 611 1469 Laodiceae
632 1438 714 1478 post
739 1445 771 1467 a.
799 1434 831 1467 d.
859 1433 933 1466 III
952 1432 1008 1466 Id.
1039 1432 1143 1467 Febr.
1174 1444 1207 1466 a.
1236 1434 1306 1467 704
1334 1434 1425 1475 (50).

353 1513 401 1550 M.
430 1514 599 1550 CICERO
627 1514 663 1550 C.
692 1514 866 1549 CURTIO
894 1513 1217 1548 PEDUCAEAXO
1244 1514 1316 1548 PR.
1345 1513 1378 1548 S.

281 1611 337 1652 M.
370 1611 550 1653 Fadium
588 1610 710 1651 unice
743 1610 893 1665 diligo,
931 1624 1179 1663 summaque
1216 1609 1323 1650 mihi
1363 1623 1457 1650 cum
1489 1623 1538 1650 eo

194 1671 455 1712 consuetudo
494 1673 534 1711 et
573 1669 840 1710 familiaritas
872 1671 935 1709 est
971 1672 1179 1723 pervetus.
1241 1667 1291 1709 In
1323 1668 1412 1709 eius
1444 1682 1539 1708 con·
1559 1683 1593 1707 20

194 1730 413 1771 troversiis
451 1729 553 1783 quid
593 1728 806 1781 decernas,
847 1744 870 1768 a
907 1730 949 1768 te
981 1742 1066 1768 non
1097 1730 1196 1781 peto
1230 1725 1454 1782 (servabis,
1492 1730 1539 1767 ut

194 1792 268 1830 tua
304 1789 408 1829 fides
446 1791 487 1828 et
526 1787 710 1843 dignitas
747 1786 953 1840 postulat,
991 1786 1176 1827 edictum
1214 1789 1255 1826 et
1295 1785 1539 1827 institutum

193 1846 354 1904 tuum),
396 1847 468 1888 sed
509 1849 556 1887 ut
594 1860 721 1900 quam
759 1845 984 1885 facillimos
1022 1845 1075 1885 ad
1118 1847 1159 1885 te
1197 1844 1336 1885 aditus
1372 1843 1539 1898 habeat,

194 1921 300 1961 quae
334 1909 457 1947 erunt
490 1919 639 1959 aequa,
671 1904 844 1945 lubente
876 1907 917 1944 te
949 1904 1160 1958 impetret,
1192 1906 1239 1944 ut
1270 1917 1407 1944 meam
1438 1903 1539 1943 ami-

193 1965 337 2006 citiam
370 1965 469 2018 sibi,
502 1964 630 2004 etiam
657 1977 751 2004 cum
784 1962 933 2016 procul
958 1963 1110 2015 apsim,
1142 1962 1339 2016 prodesse
1372 1961 1536 2014 sentiat,
1558 1973 1591 1997 25

192 2024 441 2078 praesertim
483 2022 596 2076 apud
632 2025 686 2063 te.
746 2020 841 2062 Hoc
878 2024 918 2062 te
950 2021 1222 2061 vehementer
1252 2020 1380 2061 etiam
1411 2022 1537 2074 atque

194 2083 322 2123 etiam
354 2096 471 2137 rogo,
