1659 2552
586 86 729 121 LIBER
753 86 820 122 ΧΠ
845 92 994 124 25-27.
1376 91 1450 131 361

716 228 871 271 XXVI.

484 309 557 344 Ser.
586 309 722 344 Romae
746 320 823 344 vere
854 321 886 345 a.
916 313 983 344 711
1013 312 1100 354 (43).

501 391 690 426 CICERO
718 391 1026 427 CORNIFICIO
1051 391 1085 427 S.

210 472 256 522 Q.
288 472 454 528 Turius,
487 474 559 528 qui
591 475 635 515 in
667 474 812 515 Africa
843 475 1085 530 negotiatus
1118 478 1191 529 est,
1226 475 1292 516 vir
1323 476 1459 517 bonus

86 544 101 568 5
121 534 162 572 et
192 531 407 586 honestus,
438 532 612 574 heredes
645 533 745 574 fecit
776 534 934 574 similes
960 534 1037 587 sui,
1071 532 1142 575 Cn.
1171 534 1458 588 Saturninum,

122 589 214 630 Sex.
247 590 483 645 Aufidium,
517 590 559 632 G.
592 591 809 645 Anneum,
842 591 887 640 Q.
922 591 1169 633 Considium
1203 591 1382 646 Gallum,
1413 594 1457 634 L.

122 647 349 690 Servilium
386 649 655 704 Postumum,
695 650 737 690 C.
770 650 1025 691 Rubellium.
1088 650 1155 692 Ex
1192 665 1338 692 eorum
1370 666 1459 692 ora-

120 707 236 748 tione
262 707 452 749 intellexi
477 709 711 764 gratiarum
737 709 901 749 actione
927 723 997 750 eos
1023 710 1158 764 magis
1185 724 1306 765 egere
1333 725 1458 764 quam

120 766 495 807 commendatione.
557 766 692 807 Tanta
730 767 842 808 enim
878 767 1133 808 liberalitate
1170 782 1213 808 se
1251 770 1324 808 tua
1360 782 1457 809 usos

67 837 100 861 10
119 824 435 879 praedicabant,
472 827 519 866 ut
557 825 608 866 iis
645 826 740 879 plus
772 840 795 866 a
831 824 1119 867 te'tributum
1157 826 1457 881 intellegerem,

120 897 246 937 quam
287 898 365 939 ego
406 886 448 924 te
488 884 685 925 auderem
725 898 885 939 rogare.
945 883 1124 925 Audebo
1166 887 1326 938 tamen3
1370 885 1455 925 scio

120 942 244 996 enim,
271 945 476 996 quantum
500 942 699 996 ponderis
718 957 811 983 mea
831 943 1139 983 commendatio
1166 943 1221 983 sit
1246 943 1455 984 habitura.

119 999 257 1049 Quare
295 1015 318 1041 a
356 1004 397 1042 te
434 1004 555 1055 peto,
596 1004 643 1042 ut
680 1001 732 1041 ad
769 1016 860 1042 eam
896 1001 1215 1054 liberalitatem,
1254 1016 1336 1055 qua
1367 1002 1455 1042 sine

117 1059 223 1100 meis
253 1059 409 1100 litteris
435 1074 534 1100 usus
560 1074 614 1113 es,
647 1074 772 1113 quam
798 1060 1008 1100 maximus
1038 1060 1105 1100 his
1136 1059 1290 1100 litteris
1317 1073 1456 1100 cumu-

66 1117 184 1158 151us
222 1118 400 1158 accedat.
464 1117 601 1171 Caput
638 1121 779 1158 autem
816 1121 879 1159 est
915 1132 1031 1159 meae
1069 1118 1456 1171 commendationis,

118 1190 170 1217 ne
206 1176 367 1231 patiare
398 1175 575 1216 Erotem
607 1175 801 1229 Turium,
843 1175 888 1224 Q.
921 1176 1023 1217 Turi
1054 1177 1272 1229 libertum,
1310 1178 1358 1216 ut
1389 1176 1456 1216 ad-

117 1235 201 1275 huc
242 1235 359 1289 fecit,
402 1234 681 1275 hereditatem
723 1234 951 1275 Turianam
994 1237 1181 1275 avertere
1225 1234 1456 1288 ceterisque

118 1293 316 1334 omnibus
358 1293 484 1334 rebus
526 1293 682 1334 habeas
725 1307 795 1333 eos
838 1307 862 1333 a
904 1307 971 1334 me
1012 1293 1455 1334 commendatissimos.

116 1351 318 1407 Magnam
360 1365 412 1392 ex
460 1365 607 1392 eorum
656 1351 877 1405 splendore
924 1354 966 1392 et
1009 1351 1276 1392 observantia
1320 1351 1456 1405 capies

64 1422 98 1447 ‘20
117 1411 391 1464 voluptatem.
453 1409 576 1459 Quod
611 1412 660 1451 ut
690 1410 811 1465 velis,
851 1412 894 1450 te
925 1412 1141 1451 vementer
1172 1410 1299 1450 etiam
1331 1412 1457 1463 atque

117 1469 246 1510 etiam
277 1483 395 1524 rog0.

700 1571 877 1613 XXVII.

483 1652 556 1688 Ser.
583 1653 720 1687 Romae
744 1663 822 1687 vere
846 1664 878 1687 a.
908 1654 976 1686 711
1005 1654 1094 1695 (43).

495 1733 684 1768 CICERO
710 1733 1022 1768 CORNIFICIO
1047 1733 1082 1768 S.

64 1830 97 1855 25
206 1816 298 1858 Sex.
330 1817 526 1858 Aufidius
559 1819 600 1857 et
632 1817 909 1871 opservantia,
943 1830 1025 1870 qua
1054 1830 1122 1856 me
1155 1815 1266 1868 colit,
1299 1815 1458 1855 accedit

117 1877 170 1917 ad
199 1876 418 1931 proximos
444 1878 486 1917 et
510 1875 734 1929 splendore
759 1874 893 1928 equiti
918 1873 1111 1915 Romano
1143 1873 1302 1914 nemini
1329 1873 1457 1927 cedit3

117 1938 179 1976 est
223 1938 363 1975 autem
406 1934 467 1975 ita
508 1933 755 1987 temperatis
798 1932 1111 1986 moderatisque
1154 1931 1365 1985 moribus,
1409 1934 1456 1971 ut

116 2008 280 2035 summa
328 1993 529 2034 severitas
573 2006 736 2032 summa
786 2005 880 2031 cum
929 1990 1193 2031 humanitate
1244 1990 1454 2044 iungatur.

117 2051 246 2093 Cuius
271 2051 353 2092 tibi
376 2051 559 2107 negotia,
592 2064 698 2104 quae
723 2051 821 2090 sunt
853 2049 897 2090 in
916 2048 1072 2102 Africa,
1105 2048 1164 2088 ita
1196 2047 1456 2101 commendo,

62 2122 96 2148 30
115 2114 164 2151 ut
193 2111 354 2152 maiore
390 2109 530 2150 studio
567 2108 755 2163 magisve
787 2122 838 2148 ex
873 2107 1013 2148 animo
1047 2105 1339 2147 commendare
1370 2119 1456 2146 non

114 2169 284 2223 possim.
333 2168 586 2224 Pergratum
612 2166 718 2207 mihi
744 2166 904 2218 feceris,
937 2166 972 2205 si
1005 2165 1167 2205 dederis
1194 2178 1377 2217 operam,
1409 2166 1456 2204 ut

114 2227 150 2268 is
187 2227 407 2283 intellegat
442 2240 556 2267 meas
595 2225 705 2279 apud
742 2227 784 2265 te
820 2224 983 2264 litteras
1020 2223 1254 2263 maximum
1290 2221 1455 2275 pondus

112 2285 321 2327 habuisse.
381 2285 476 2326 Hoc
506 2287 548 2325 te
579 2283 868 2336 vehementer,
900 2282 959 2322 mi
988 2279 1199 2335 Cornifici,
1232 2294 1348 2335 rogo.

1487 489 1503 519 1

1483 898 1502 926 [0
