1659 2552
604 101 747 135 LIBER
772 101 805 136 11
833 105 981 137 17—19.
1402 104 1455 146 51

122 201 318 254 quaestor
348 201 456 239 tuus.
511 196 675 239 Nocere
699 197 780 238 tibi
805 197 960 238 iratum
986 198 1196 239 neminem
1222 214 1344 253 posse
1368 215 1459 254 per-

122 258 265 312 spicio,
285 256 357 298 sed
370 259 511 297 tamen
525 259 610 297 tres
624 257 774 297 fratres
788 271 951 297 summo
966 256 1059 298 loco
1073 260 1206 312 natos,
1225 262 1458 314 promptOS,

121 331 206 358 non
238 316 462 357 indisertos
499 318 540 355 te
572 316 671 356 nolo
702 315 857 356 habere
888 316 1039 370 iratos,
1070 316 1161 357 iure
1192 318 1458 373 praesertim3

123 389 227 430 quos
264 374 385 415 video
427 374 622 428 deinceps
661 374 854 415 tribunos
891 374 946 428 pl.
977 389 1053 428 per
1088 375 1320 417 triennium
1356 376 1456 417 fore.

86 434 328 488 5Tempora
368 436 507 474 autem
546 433 606 474 rei
642 432 835 487 publicae
873 433 1013 487 qualia
1050 434 1192 475 futura
1230 435 1331 489 sint,
1363 436 1457 489 quis
1483 447 1503 477 3

122 493 229 534 scit?
260 492 365 533 mihi
398 492 567 546 quidem
597 491 843 533 turbulenta
872 492 1069 533 videntur
1098 493 1199 534 fore.
1263 492 1347 534 Cur
1378 509 1456 549 ego

121 555 162 593 te
182 551 308 593 velim
329 551 511 592 incidere
538 551 581 591 in
606 553 788 592 terrores
806 551 1068 606 tribunicios,
1093 552 1341 605 praesertim
1362 567 1457 593 cum

121 611 209 652 sine
242 610 487 675 cuiusquam
519 609 841 663 reprehensione
873 610 1122 664 quaestoriis
1152 610 1304 666 legatis
1335 626 1458 665 quae-

122 672 277 710 storem
315 669 450 723 possis
482 668 718 709 anteferre?
763 667 843 717 Qui
876 669 910 709 si
941 682 983 710 se
1013 669 1188 725 dignum
1224 670 1457 711 maioribus

69 740 103 765 ιο
123 729 208 769 suis
246 727 504 792 praebuerit,
543 730 590 767 ut
622 742 743 781 spero
776 729 816 767 et
849 730 967 788 opto,
1008 730 1082 768 tua
1111 728 1202 769 laus
1234 743 1285 769 ex
1316 729 1458 782 aliqua

121 789 239 841 parte
271 786 415 840 fueiit3
448 786 511 826 sin
545 786 646 839 quid
678 776 911 840 off-endeiit,
944 786 1025 827 sibi
1056 789 1206 841 totum,
1236 787 1346 828 nihil
1375 788 1456 828 tibi

123 844 353 887 ostenderit.

209 903 322 953 Quae
353 902 458 943 mihi
490 902 715 943 veniebant
753 904 796 943 in
833 906 1034 957 mentem,
1074 917 1179 957 quae
1211 904 1263 944 ad
1293 907 1334 945 te
1365 920 1457 959 per-

121 963 254 1003 tinere
287 961 539 1015 arbitrabar,
572 975 700 1015 quom
731 962 775 1002 in
808 960 999 1002 Ciliciam
1030 962 1341 1018 proficiscebar,
1373 964 1457 1004 exi-

71 1033 103 1058 15
123 1021 289 1062 stimavi
320 1035 386 1061 me
419 1020 471 1060 ad
501 1023 542 1061 te
575 1023 768 1074 oportere
795 1021 992 1076 scribere,
1024 1024 1071 1061 tu
1098 1022 1211 1075 quod
1236 1022 1382 1077 egeriS,
1413 1023 1457 1063 id

121 1080 248 1121 velim
280 1080 321 1120 di
353 1079 606 1133 adprobent,
644 1079 732 1132 sed,
771 1080 805 1120 si
836 1094 903 1120 me
934 1079 1094 1134 audies,
1132 1080 1287 1122 vitabis
1319 1081 1457 1122 inimi-

123 1139 241 1180 citias
273 1141 313 1179 et
344 1138 604 1192 posteritatis
640 1139 727 1179 otio
761 1138 962 1179 consules.

735 1301 846 1343 XIX.

185 1382 256 1417 Ser.
284 1384 321 1416 ’ίη
350 1384 475 1417 castris
501 1384 541 1417 in
563 1382 692 1417 Cilicia
718 1395 751 1417 α.
773 1384 806 1417 cl.
835 1383 902 1416 XI
917 1383 963 1417 K.
997 1384 1118 1428 Quint.
1146 1396 1178 1418 a.
1202 1387 1272 1419 704
1299 1386 1389 1428 (50).

72 1467 104 1491 ‘20
124 1464 170 1499 M.
205 1463 402 1498 TULLIUS
434 1463 482 1498 M.
508 1463 546 1498 F.
580 1464 636 1499 M.
663 1465 710 1499 Ν.
745 1463 911 1498 CICERO
944 1464 1038 1500 IMP.
1074 1465 1107 1499 S.
1139 1465 1182 1499 D.
1216 1464 1252 1499 C.
1286 1464 1453 1499 COELIO

543 1511 581 1545 L.
607 1510 645 1546 F.
674 1511 709 1546 C.
737 1511 780 1545 N.
809 1510 963 1546 CALDO
991 1511 1032 1553 Q.

225 1605 330 1647 Cum
374 1606 684 1660 optatissimum
727 1607 923 1647 nuntium
973 1607 1223 1661 accepissem
1265 1610 1306 1649 te
1349 1608 1453 1648 mihi
1482 1620 1498 1650 1

125 1667 388 1718 quaestorem
414 1665 627 1720 optigisse,
659 1680 707 1706 eo
738 1665 1027 1706 iucundiorem
1052 1666 1157 1706 mihi
1183 1681 1273 1707 eam
1299 1669 1454 1707 sortem

126 1722 343 1787 sperabam
369 1723 471 1776 fore,
497 1738 580 1776 quo
607 1724 765 1764 diutius
789 1724 833 1764 in
858 1724 1074 1777 provincia
1098 1739 1262 1765 mecum
1288 1725 1454 1779 fuisses3

74 1793 107 1818 25
125 1781 267 1836 magni
295 1781 405 1821 enim
431 1781 653 1822 videbatur
677 1782 876 1823 interesse
901 1783 953 1823 ad
979 1797 1069 1823 eam
1094 1759 1455 1838 necessitudinem:

126 1854 251 1893 quam
283 1839 406 1879 nobis
437 1853 526 1880 sors
556 1840 784 1893 tribuisset,
816 1841 1160 1882 consuetudinem
1195 1856 1361 1907 quoque
1393 1856 1455 1882 ac-

126 1898 279 1939 cedere
340 1897 504 1950 Postea,
539 1912 667 1951 quom
697 1874 802 1938 milii
834 1899 942 1939 nihil
971 1914 1106 1953 neque
1139 1915 1162 1940 a
1192 1902 1233 1940 te
1264 1900 1356 1953 ipso
1387 1914 1455 1940 119-

127 1971 206 2010 que
238 1956 290 1997 ab
322 1957 409 1997 ullo
442 1957 524 1996 alio
557 1956 606 1996 de
644 1956 824 1997 adventu
855 1960 929 1997 tuo
962 1958 1230 2011 scriberetur
1270 1958 1455 2012 vere-bai

125 2029 177 2056 ne
202 2015 262 2055 ita
288 2015 463 2068 caderet,
496 2014 608 2068 quod
639 2015 764 2055 etiam
790 2029 901 2055 nunc
925 2029 1083 2069 vereor,
1113 2030 1177 2069 ne,
1209 2018 1304 2056 ante
1330 1992 1455 2070 quani

75 2086 108 2111 30
126 2076 173 2114 tu
198 2073 242 2114 in
267 2073 527 2127 provinciam
553 2073 747 2127 venisses,
779 2087 857 2128 ego
884 2073 933 2113 de
963 2074 1180 2127 provincia
1205 2074 1455 2115 decederem.

125 2131 280 2186 Accepi
312 2135 451 2173 autem
491 2147 514 2172 a
544 2135 585 2172 te
617 2132 764 2172 missas
794 2132 956 2172 litteras
995 2132 1038 2172 in
1072 2130 1233 2187 Cilicia,
1272 2147 1365 2173 cum
1397 2148 1456 2174 es-

127 2204 213 2230 sem
250 2190 295 2230 in
333 2191 495 2244 castris,
535 2205 567 2230 a.
596 2190 631 2230 d.
658 2205 684 2230 x
711 2190 760 2230 K.
788 2189 996 2238 Quintiles
1033 2190 1208 2244 scriptas
1246 2191 1457 2232 humanis-

126 2249 240 2302 sime,
273 2248 426 2302 quibus
456 2249 578 2289 facile
610 2251 651 2289 et
684 2249 870 2289 officium
903 2251 943 2289 et
974 2249 1191 2304 ingenium
1221 2252 1342 2291 tuum
1366 2265 1457 2304 per-

125 2307 229 2360 spici
260 2310 412 2361 posset,
445 2307 527 2361 sed,
559 2321 693 2361 neque
724 2307 832 2347 unde
858 2321 935 2347 nec
961 2321 1044 2361 quo
1072 2307 1137 2348 die
1164 2307 1282 2349 datae
1308 2312 1456 2364 essent,

1172 2377 1218 2409 4*
