1659 2552
652 105 795 139 LIBER
819 105 851 139 X
877 109 932 149 20,
959 109 1014 140 21.
1416 108 1498 148 281

161 214 345 254 sperare3
377 200 483 240 illud
515 203 626 241 certe
659 201 748 241 cavi
781 203 822 242 et
848 201 1016 255 cavebo,
1047 215 1099 242 ne
1131 215 1223 241 mea
1255 201 1501 243 credulitate

160 259 221 300 rei
252 274 291 313 p.
325 273 488 299 summa
519 259 701 300 fallatur.

251 316 358 358 Cum
388 316 547 358 Isaram
584 318 743 359 flumen
779 331 863 358 uno
903 318 968 359 die
1005 320 1134 372 ponte
1167 318 1314 359 effecto
1348 320 1500 359 exerci-

161 378 253 416 tum
290 376 570 417 traduxissem
608 391 684 431 pro
722 376 1013 431 magnitudine
1052 377 1112 417 rei
1144 377 1400 417 celeritatem
1434 378 1500 417 ad-

107 447 123 471 5
160 434 328 489 hibens,
366 435 480 489 quod
510 435 689 489 petierat
720 450 795 489 per
826 435 988 476 litteras
1020 435 1127 489 ipse,
1166 438 1213 476 ut
1244 438 1499 476 maturarem

160 493 319 548 venire,
350 496 518 548 praesto
550 494 656 534 mihi
688 494 768 534 fuit
801 496 934 534 stator
966 494 1054 534 eius
1087 508 1181 534 cum
1212 494 1378 547 litteris,
1412 495 1501 548 qui-

160 552 250 606 bus,
283 566 334 593 ne
361 553 559 606 venirem,
587 552 878 607 denuntiabat3
911 567 953 593 se
979 566 1100 606 posse
1126 567 1201 607 per
1227 567 1269 593 se
1295 553 1499 593 conficere

160 611 396 666 negotium3
428 611 588 651 interea
620 611 671 651 ad
701 610 859 651 Isaram
886 614 1159 665 expectarem.
1208 610 1410 652 Indicabo
1442 614 1501 651 te-

161 670 389 710 merarium
420 684 561 710 meum
593 670 816 710 consilium
848 670 944 710 tibi:
988 669 1136 710 Nihilo
1168 670 1308 710 minus
1340 670 1400 710 ire
1433 670 1499 710 de-

110 741 142 765 10
162 742 322 783 creram
347 728 592 769 existimans
618 743 713 769 eum
734 728 893 769 socium
919 728 1079 783 gloriae
1106 729 1249 769 vitare.
1290 728 1499 769 Putabam

159 800 282 840 posse
319 801 386 828 me
423 801 499 827 nec
538 787 587 827 de
623 787 746 827 laude
784 787 917 840 ieiuni
951 787 1136 827 hominis
1168 787 1353 828 delibare
1386 787 1498 841 quic-

161 859 287 899 quam
320 847 361 886 et
393 846 561 886 subesse
593 848 734 886 tamen
765 845 1015 899 propinquis
1045 845 1167 899 locis,
1199 848 1258 900 ut,
1292 846 1326 886 si
1353 845 1498 886 durius

160 904 321 957 aliquid
358 907 482 958 esset,
521 918 760 944 succurrere
798 904 989 945 celeriter
1024 919 1201 957 possem.
1275 904 1369 959 Ego
1413 918 1497 944 non

161 963 297 1003 malus
321 962 449 1003 homo
481 962 562 1003 hoc
588 962 839 1016 suspicabar.
884 962 942 1003 At
962 962 1211 1017 Laterensis,
1237 963 1302 1003 vir
1327 963 1498 1003 sanctis-

110 1034 142 1058 15
162 1021 304 1074 simus,
337 1035 411 1062 suo
439 1021 721 1077 chirographo
748 1021 881 1061 mittit
907 1021 1011 1061 mihi
1038 1021 1201 1061 litteras
1220 1021 1346 1061 nimis
1372 1036 1498 1074 quam

162 1080 385 1134 desperans
418 1080 467 1120 de
499 1094 558 1134 se,
597 1080 646 1120 de
684 1080 887 1134 exercitu,
925 1080 975 1120 de
1005 1079 1154 1133 Lepidi
1191 1080 1272 1120 fide
1305 1094 1498 1134 querens-

163 1153 243 1192 que
275 1152 317 1179 se
345 1138 607 1191 destitutum,
640 1138 684 1178 in
711 1138 864 1192 quibus
891 1140 1032 1192 aperte
1060 1139 1290 1191 denuntiat,
1322 1138 1500 1191 videam,

161 1211 213 1237 ne
244 1197 384 1251 fallar3
422 1211 540 1237 suam
576 1197 703 1237 fidem
740 1197 921 1237 solutam
959 1211 1063 1250 esse3
1103 1197 1163 1237 rei
1200 1212 1239 1250 p.
1270 1211 1322 1237 ne
1355 1196 1497 1236 desim.

162 1255 391 1309 Exemplar
426 1255 515 1296 eius
553 1255 824 1310 chirographi
861 1255 975 1295 Titio
1014 1255 1129 1309 misif,
1166 1255 1256 1308 ipsa
1288 1255 1499 1310 chirogra-

109 1326 142 1351 20
161 1314 246 1368 pha
278 1314 429 1368 omnia,
461 1317 504 1354 et
529 1314 682 1368 quibus
709 1313 876 1367 credidi,
909 1316 950 1354 et
981 1327 1040 1367 ea,
1073 1314 1225 1367 quibus
1257 1314 1383 1354 fidem
1414 1328 1499 1353 non

160 1372 397 1413 habendam
428 1373 592 1426 putavi,
631 1371 770 1413 Laevo
804 1372 946 1426 Cispio
980 1372 1087 1412 dabo
1125 1372 1388 1426 perferenda,
1427 1371 1499 1425 qui

162 1431 359 1472 omnibus
398 1431 451 1472 iis
491 1431 686 1472 interfuit
726 1431 861 1471 rebus.
923 1430 1112 1471 Accessit
1152 1445 1217 1485 eo,
1259 1433 1306 1471 ut
1342 1430 1500 1470 milites

162 1490 262 1543 eius,
295 1504 389 1530 cum
420 1489 604 1544 Lepidus
636 1490 962 1543 contionaretur,
994 1489 1179 1543 improbi
1210 1503 1285 1543 per
1316 1503 1379 1542 se,
1412 1502 1500 1529 cor-

162 1548 277 1602 rupti
309 1549 436 1589 etiam
466 1563 542 1602 per
573 1562 655 1602 eos,
687 1548 759 1602 qui
790 1550 1010 1602 praesunt,
1044 1547 1242 1588 Canidios
1272 1547 1502 1588 Rufrenos-

110 1618 143 1642 25
163 1620 243 1660 que
276 1609 317 1647 et
355 1609 531 1661 ceteros,
573 1621 694 1661 quos,
736 1621 830 1647 cum
863 1621 968 1660 opus
1006 1606 1103 1660 erit,
1141 1606 1299 1660 scietis,
1341 1606 1501 1646 concla-

162 1667 327 1705 marent
356 1665 438 1706 viri
469 1665 571 1705 boni
601 1679 747 1719 pacem
779 1679 821 1706 se
852 1665 959 1705 velle
989 1679 1125 1718 neque
1157 1679 1244 1705 esse
1277 1678 1372 1705 cum
1403 1664 1502 1705 ullis

162 1725 425 1779 pugnaturos
457 1723 620 1764 duobus
646 1723 730 1764 iam
756 1723 998 1764 consulibus
1030 1723 1316 1778 singularibus
1342 1722 1501 1776 occisis,

163 1784 229 1822 tot
261 1781 423 1822 civibus
453 1796 530 1835 pro
562 1782 700 1835 patria
730 1782 905 1835 amissis,
936 1781 1131 1822 hostibus
1164 1781 1343 1835 denique
1370 1781 1502 1821 omni-

164 1840 243 1881 bus
280 1840 475 1880 iudicatis
512 1840 718 1894 bonisque
749 1840 994 1894 publicatis,
1031 1854 1166 1893 neque
1196 1839 1278 1880 hoc
1310 1842 1381 1880 aut
1412 1839 1500 1879 vin-

112 1911 145 1935 30
165 1899 323 1939 dicarat
353 1898 538 1952 Lepidus
569 1900 641 1939 aut
672 1901 848 1939 sanarat.
891 1897 985 1938 Hoc
1009 1912 1075 1938 me
1101 1898 1244 1938 venire
1269 1900 1311 1938 et
1337 1897 1500 1937 duobus

164 1957 419 1998 exercitibus
457 1957 691 1997 coniunctis
729 1957 894 1997 obicere
936 1956 1166 1997 exercitum
1197 1951 1501 2009 fidelissimum,

164 2016 321 2056 auxilia
350 2015 545 2069 maxima,
576 2015 787 2069 principes
821 2014 991 2069 Galliae,
1022 2014 1283 2068 provinciam
1310 2017 1502 2054 cunctam

164 2088 351 2115 summae
383 2074 616 2115 dementiae
642 2077 683 2114 et
708 2074 958 2114 temeritatis
990 2087 1077 2113 esse
1103 2073 1202 2126 vidi,
1233 2073 1435 2126 mihique,
1467 2073 1502 2113 si

164 2133 225 2173 ita
261 2147 485 2187 oppressus
526 2147 659 2173 essem
699 2146 870 2186 remque
910 2131 1124 2185 publicam
1162 2145 1327 2172 mecum
1363 2130 1502 2185 prodi-

114 2201 147 2226 35
168 2191 332 2245 dissem,
362 2194 532 2232 mortuo
557 2205 643 2231 non
667 2190 792 2231 modo
825 2191 1040 2244 honorem,
1073 2189 1145 2230 sed
1170 2190 1502 2230 misericordiam

166 2264 334 2304 quoque
371 2250 624 2291 defuturum.
691 2247 839 2303 Itaque
876 2249 1088 2289 rediturus
1131 2263 1224 2289 sum
1266 2262 1342 2289 nec
1384 2251 1504 2288 tanta

1527 330 1547 359 Νι

165 2323 339 2349 munera
368 2309 545 2363 perditis
576 2307 820 2349 hominibus
847 2307 935 2348 dari
966 2321 1088 2361 posse
1115 2307 1259 2347 sinam.
1303 2306 1363 2348 Ut
1390 2321 1503 2348 exer-
1529 2318 1550 2348 6
1588 2320 1591 2322 ·
