1659 2552
629 92 771 126 L1BER
797 92 881 126 VIII
907 95 939 136 9,
967 96 1020 127 10.
1401 92 1486 132 217

145 203 232 230 esse
264 188 429 230 senatui
460 189 732 229 renuntiasse.
797 187 933 237 Quare
970 187 1051 228 tibi
1090 186 1261 241 suadeo,
1300 188 1487 241 quicum-

145 261 225 302 que
257 250 320 288 est
351 247 447 287 istic
479 249 612 287 status
645 261 798 301 rerum,
831 247 1057 302 diligenter
1089 248 1130 286 et
1162 249 1281 287 caute
1311 247 1486 300 perscri-

144 307 230 360 bas,
262 320 313 346 ne
340 308 412 346 aut
438 306 672 346 velificatus
705 305 864 360 aliquoi
892 305 1043 346 dicaris
1070 307 1142 345 aut
1169 304 1341 359 aliquid,
1374 305 1487 359 quod

146 365 321 406 referret
354 365 471 417 scire,
504 364 732 405 reticuisse.

109 437 125 462 5
232 422 358 465 Nunc
396 423 534 463 exitus
572 426 634 464 est
671 423 787 477 anni3
825 437 923 463 nam
963 436 1040 479 ego
1079 422 1154 463 has
1184 422 1349 463 litteras
1382 437 1415 462 a.
1449 422 1518 462 d..

145 494 245 522 xlm
276 481 326 522 Κ.
359 481 606 523 Decembris
637 481 796 535 scripsi.
857 480 986 522 Plane
1018 481 1127 521 nihil
1157 481 1280 522 video
1312 483 1409 521 ante
1435 480 1485 521 K.

144 540 360 581 Ianuarias
405 541 474 595 agi
511 554 644 595 posse.
705 540 833 581 Nosti
864 539 1129 594 Marcellum,
1175 554 1301 594 quam
1341 539 1487 580 tardus

146 602 188 640 et
217 614 368 654 parum
401 600 550 640 efficax
582 599 648 653 sit,
680 599 866 653 itemque
894 597 1064 640 Servius
1097 613 1223 653 quam
1255 600 1486 639 cunctator.

148 657 277 699 Cuius
309 658 424 699 modi
456 661 580 712 putas
610 658 690 699 hos
721 672 809 698 esse
841 660 914 698 aut
946 672 1072 711 quam
1104 658 1158 712 id,
1191 657 1305 712 quod
1335 657 1486 711 nolint,

93 731 126 755 10
147 717 351 758 conficere
388 731 528 771 posse,
567 716 657 770 qui,
696 730 801 770 quae
839 715 1031 770 cupiunt,
1068 718 1210 757 tamen
1241 716 1302 757 ita
1332 715 1487 771 frigide

147 779 298 831 agunt,
342 778 390 816 ut
432 775 546 816 nolle
593 775 919 816 existimentur?
987 774 1123 816 Novis
1165 774 1489 830 magistratibus

147 837 306 888 autem,
347 834 382 874 si
418 833 666 874 Parthicum
703 833 863 874 bellum
895 827 993 888 erit,
1033 833 1136 874 haec
1174 847 1297 874 causa
1326 833 1489 887 primos

146 907 309 934 menses
353 892 594 947 occupabit3
637 892 702 932 sin
744 893 774 946 †
811 895 884 932 aut
927 892 982 932 sit
1026 894 1098 932 aut
1139 906 1226 933 non
1269 892 1349 933 erit
1392 891 1489 932 istic

146 951 306 992 bellum
338 953 411 991 aut
441 953 608 991 tantum
640 951 737 1005 erit,
769 954 816 991 ut
847 964 922 991 vos
954 953 1027 991 aut
1059 964 1316 992 successores
1346 950 1489 1004 parvis

94 1024 127 1048 15
148 1010 302 1050 additis
334 1009 466 1064 copiis
498 1010 705 1050 sustinere
736 1009 911 1063 possint,
944 1009 1171 1050 Curionem
1198 1009 1321 1050 video
1348 1023 1391 1050 se
1417 1009 1489 1049 du-

146 1069 314 1123 pliciter
345 1069 611 1122 iactaturum,
642 1068 828 1122 primum
859 1070 906 1108 ut
932 1068 1094 1122 aliquid
1120 1066 1287 1108 Caesari
1319 1068 1488 1121 adimat,

147 1127 244 1168 inde
284 1130 332 1168 ut
373 1127 534 1181 aliquid
572 1126 777 1181 Pompeio
814 1126 997 1180 tribuat,
1039 1126 1216 1180 quodvis
1255 1126 1490 1180 quamlibet

147 1189 272 1227 tenue
315 1186 624 1226 munusculum.
697 1185 870 1226 Paullus
912 1199 1041 1238 porro
1084 1199 1170 1226 non
1211 1185 1395 1225 humane
1439 1184 1489 1225 de

147 1244 366 1299 provincia
408 1244 610 1298 loquitur
683 1243 823 1284 Huius
866 1243 1089 1297 cupiditati
1134 1257 1382 1284 occursurus
1426 1245 1489 1283 est

95 1316 129 1341 20
147 1303 330 1344 Furnius
372 1305 533 1358 noster3
576 1302 711 1357 pluris
754 1302 959 1356 suspicari
997 1316 1084 1343 non
1121 1316 1305 1356 possum.
1374 1301 1490 1342 Haec

147 1362 265 1417 novi3
305 1361 388 1402 alia
428 1376 534 1416 quae
572 1363 752 1416 possunt
791 1361 994 1414 accidere,
1034 1375 1120 1401 non
1158 1375 1294 1401 cerno
1354 1359 1491 1400 Multa

148 1396 314 1475 temp⁷us
357 1419 522 1461 adferre
553 1422 595 1461 et
624 1422 874 1474 praeparata
915 1421 1080 1460 mutare
1120 1419 1223 1474 scio3
1267 1418 1340 1459 sed
1379 1418 1492 1459 intra

148 1479 245 1520 finis
269 1479 360 1533 hos,
392 1493 680 1533 quaecumque
706 1478 945 1530 acciderint,
976 1480 1205 1519 vertentur.
1246 1476 1359 1518 Illud
1384 1477 1492 1518 addo

150 1537 202 1578 ad
233 1537 418 1578 actiones
451 1536 494 1578 C.
522 1536 730 1592 Curionis,
762 1537 812 1578 de
837 1551 940 1592 agro
968 1535 1200 1590 Campano,
1232 1536 1282 1577 de
1315 1550 1398 1590 quo
1424 1550 1494 1576 ne-

98 1608 130 1633 25
149 1598 252 1651 gant
279 1594 499 1636 Caesarem
528 1595 733 1650 laborare,
765 1595 837 1636 sed
860 1595 1112 1649 Pompeium
1137 1595 1258 1636 valde
1283 1595 1409 1649 nolle,
1440 1609 1494 1635 ne

150 1668 305 1695 vacuus
337 1654 577 1694 advenienti
610 1653 778 1695 Caesari
814 1656 968 1708 pateat.

239 1711 361 1761 Quod
403 1712 456 1752 ad
497 1715 619 1753 tuum
664 1713 878 1753 decessum
921 1712 1090 1765 attinet,
1133 1711 1241 1751 illud
1283 1711 1364 1752 tibi
1407 1726 1494 1752 non
1523 1721 1536 1731 ⁶

150 1786 322 1825 possum
362 1770 574 1824 polliceri,
615 1785 683 1811 me
721 1773 982 1823 curaturum,
1023 1772 1071 1809 ut
1109 1769 1190 1810 tibi
1229 1770 1494 1824 succedatur-3

151 1830 258 1871 illud
288 1832 400 1870 certe
430 1828 666 1883 praestabo,
696 1843 749 1870 ne
775 1829 955 1882 amplius
980 1830 1247 1882 prorogetur.
1294 1828 1374 1868 Tui
1401 1842 1496 1868 con-

99 1902 132 1927 30
151 1889 236 1929 silii
268 1890 348 1942 est,
380 1887 415 1928 si
446 1890 631 1941 tempus,
663 1887 699 1927 si
731 1889 899 1928 senatus
932 1888 1066 1941 coget,
1098 1886 1134 1926 si
1165 1885 1342 1927 honeste
1369 1901 1393 1926 a
1423 1900 1496 1926 110-

151 1947 217 1988 bis
242 1946 425 1988 recusari
450 1960 536 1987 non
560 1945 730 1999 poterit,
755 1945 914 1986 velisne
933 1958 1222 1998 perseverare3
1254 1945 1342 1985 mei·
1365 1944 1496 1985 officii

152 2009 215 2047 est
243 2005 496 2059 meminisse,
528 2019 611 2058 qua
642 2004 924 2045 obtestatione
952 2003 1167 2044 discedens
1192 2002 1311 2058 mihi,
1343 2017 1395 2043 ne
1426 2017 1497 2057 pa-

152 2067 264 2106 terer
294 2064 404 2118 fieri,
436 2063 661 2104 mandaris
