1659 2552
133 1920 152 1948 [ἐκ

186 112 205 151 1
212 111 268 151 44
682 112 1022 147 EPISTULARUM

183 207 298 248 omni
338 222 482 249 vacem
520 208 660 262 culpa,
699 211 757 262 et,
797 208 830 248 si
863 222 948 248 non
981 222 1070 261 ero,
1103 222 1228 248 sensu
1261 208 1434 250 omnino
1467 222 1531 250 ca—

183 266 296 307 rebo,
343 266 426 307 Sed
458 281 602 307 rursus
635 265 782 319 γλαῦκ’
818 268 879 315 εἰς
908 265 1121 320 Ἀθήνας,
1153 267 1226 320 qui
1258 267 1312 308 ad
1342 270 1384 308 te
1415 267 1529 309 haec.

181 324 290 365 Mihi
323 328 386 379 tu,
419 325 499 379 tui,
533 328 606 366 tua
639 326 779 365 omnia
812 325 1020 366 maximae
1053 339 1176 366 curae
1208 328 1307 366 sunt
1338 328 1397 381 et,
1429 327 1530 368 dum

182 383 339 438 vivam,
378 387 511 425 erunt.
574 383 691 425 Vale.

815 535 891 577 IV.
1564 548 1582 575 ⁵

419 616 492 651 Ser.
520 617 657 651 Romae
688 621 771 650 ame
797 617 884 651 med.
911 628 956 651 «m.
983 617 1066 651 Ian.
1101 619 1124 651 7
1125 619 1173 652 09
1200 619 1291 660 (45).

482 698 529 732 M.
559 697 728 732 CICERO
757 698 790 733 S.
818 698 861 733 D.
889 698 931 733 A.
959 698 1232 741 TORQUATO.

270 793 384 834 Novi
423 793 537 847 quod
574 793 627 834 ad
656 796 698 835 te
731 794 977 849 scriberem,
1014 794 1124 835 nihil
1155 797 1262 849 erat,
1301 796 1343 836 et
1373 796 1527 849 tamen,

181 853 216 893 si
249 853 351 906 quid
383 855 502 907 esset,
534 852 718 893 sciebam
750 856 791 894 te
823 868 847 894 a
878 853 964 894 tuis
996 853 1219 894 certiorem
1250 853 1344 894 fieri
1375 853 1527 908 solere3

183 911 232 951 de
264 911 419 952 futuris
456 914 597 952 autem
635 912 762 952 rebus
799 912 878 952 etsi
917 926 1082 966 semper
1120 912 1334 953 difficilest
1378 912 1526 967 dicere,
1543 926 1580 966 ,ιο

182 973 323 1010 tamen
373 970 587 1010 interdum
631 971 873 1012 coniectura
921 971 1058 1026 possis
1100 971 1276 1025 propius
1319 971 1526 1025 accedere,

183 1043 278 1069 cum
310 1031 372 1069 est
404 1043 470 1069 res
502 1029 591 1069 eius
628 1029 762 1084 modi,
802 1030 920 1071 cuius
959 1030 1096 1071 exitus
1134 1030 1348 1084 provideri
1379 1029 1525 1084 possit.

180 1087 306 1128 Nunc
336 1090 503 1128 tantum
529 1088 723 1129 videmur
753 1088 1011 1144 intellegere,
1043 1103 1129 1130 non
1162 1089 1410 1129 diuturnum
1440 1088 1527 1130 bel-

181 1146 287 1201 lum3
327 1147 405 1187 etsi
438 1146 482 1187 id
513 1147 652 1201 ipsum
690 1162 776 1187 non
813 1148 942 1188 nullis
973 1147 1168 1188 videmur
1204 1161 1332 1188 secus.
1395 1146 1526 1202 Equi-

183 1205 296 1259 dem,
339 1219 434 1246 cum
470 1205 574 1246 haec
611 1206 868 1261 scribebam,
907 1206 1070 1260 aliquid
1106 1207 1190 1247 iam
1228 1209 1369 1247 actum
1405 1209 1526 1260 puta-
1546 1218 1578 1244 15

182 1264 296 1317 bam,
335 1264 365 1317 †
396 1278 482 1304 non
515 1278 616 1319 quo,
658 1265 730 1305 sed
768 1265 882 1318 quod
920 1265 1106 1306 difficilis
1145 1267 1235 1306 erat
1272 1265 1524 1306 coniectura.

181 1321 294 1363 Nam
327 1336 421 1363 cum
455 1323 592 1363 omnis
624 1322 725 1363 belli
756 1323 871 1364 Mars
904 1324 1139 1364 communis
1166 1326 1207 1364 et
1233 1337 1329 1364 cum
1361 1337 1526 1378 semper

182 1380 333 1421 incerti
370 1381 508 1421 exitus
545 1381 806 1435 proeliorum
844 1385 958 1437 sunt,
996 1385 1088 1423 tum
1125 1382 1207 1423 hoc
1243 1384 1434 1436 tempore
1464 1382 1525 1423 ita

180 1454 358 1495 magnae
391 1440 605 1494 utrimque
638 1441 793 1495 copiae,
826 1441 885 1481 ita
915 1444 1086 1495 paratae
1118 1441 1171 1481 ad
1197 1440 1524 1496 depugnandum

181 1512 270 1538 esse
304 1498 517 1552 dicuntur,
556 1501 619 1553 ut,
658 1502 933 1553 utercumque
965 1499 1130 1554 vicerit,
1163 1514 1249 1540 non
1281 1499 1337 1540 sit
1367 1499 1524 1540 mirum
1544 1513 1578 1538 πο

182 1557 383 1597 futurum.
445 1555 524 1597 Illa
555 1557 599 1597 in
632 1557 719 1598 dies
751 1559 942 1613 singulos
966 1558 1102 1613 magis
1133 1558 1353 1614 magisque
1379 1558 1524 1613 opinio

179 1615 402 1655 hominum
441 1616 732 1670 confirmatur,
773 1617 938 1657 etiamsi
979 1617 1090 1658 inter
1127 1631 1271 1658 causas
1309 1631 1524 1658 armorum

181 1674 447 1727 aliquantum
478 1674 657 1729 intersit,
690 1678 831 1716 tamen
864 1676 974 1716 inter
1005 1676 1204 1717 victorias
1230 1690 1316 1716 non
1340 1675 1524 1717 multum

182 1733 495 1773 interfuturum.
557 1732 728 1774 Alteros
767 1749 899 1788 prope
936 1735 1110 1775 modum
1151 1734 1236 1775 iam
1273 1749 1418 1775 sumus
1455 1749 1524 1776 ex-

180 1791 306 1845 perti,
347 1791 395 1832 de
428 1792 561 1832 altero
592 1807 717 1833 nemo
749 1796 812 1833 est
844 1793 947 1847 quin
979 1794 1155 1849 cogitet,
1194 1808 1321 1848 quam
1353 1793 1408 1834 sit
1438 1807 1523 1834 me·
1543 1805 1577 1831 25

180 1850 361 1890 tuendus
393 1850 526 1891 iratus
558 1851 694 1892 victor
724 1855 921 1892 armatus,

269 1908 363 1949 Hoc
399 1909 492 1950 loco
532 1910 567 1950 si
604 1910 751 1950 videor
788 1925 941 1966 augere
983 1911 1173 1952 dolorem
1212 1913 1351 1964 tuum,
1397 1923 1522 1964 quem

180 1967 436 2008 consolando
467 1968 606 2009 levare
640 1969 825 2023 debeam,
858 1971 994 2010 fateor
1024 1984 1091 2010 me
1124 1969 1412 2010 communium
1437 1983 1522 2009 ma-

180 2026 318 2066 10111111
363 2027 695 2068 consolationem
745 2028 905 2069 nullam
950 2028 1138 2069 invenire
1181 2029 1349 2082 praeter
1392 2027 1521 2082 illam,

180 2099 286 2137 quae
318 2087 470 2139 tamen,
504 2086 539 2126 si
570 2086 707 2140 possis
734 2101 824 2127 eam
850 2087 1072 2141 suscipere,
1103 2087 1289 2127 maxima
1314 2088 1388 2140 est,
1421 2101 1518 2140 qua-
1539 2098 1573 2124 30

180 2157 260 2195 que
293 2158 370 2198 ego
404 2144 558 2185 cotidie
584 2145 720 2201 magis
746 2149 854 2199 utor,
888 2145 1187 2186 conscientiam
1213 2147 1350 2185 rectae
1375 2145 1522 2186 volun-

180 2201 279 2241 tatis
323 2203 551 2244 maximam
596 2204 930 2245 consolationem
973 2218 1062 2245 esse
1101 2218 1249 2244 Temm
1292 2203 1522 2244 incommo-

182 2259 217 2298 ‹lz
210 2274 338 2313 ··,11um
366 2275 441 2302 nec
467 2276 555 2302 esse
581 2263 716 2303 ullum
739 2277 942 2319 magnum
967 2263 1126 2303 malum
1151 2264 1318 2316 piaeter
1344 2263 1520 2316 culpam.

181 2316 217 2356 A
257 2332 336 2371 qua
382 2321 582 2372 quoniam
626 2324 792 2362 tantum
809 2298 1056 2375 t>absumus,
1101 2323 1148 2362 ut
1191 2321 1319 2362 etiam
1363 2320 1521 2376 optime
