1659 2552
145 489 163 520 1

145 1253 165 1283 N>

195 90 215 130 1
227 90 279 130 12
693 86 1034 122 EPISTULARUM

828 227 901 270 VI.

451 311 526 347 Scr.
554 311 690 346 Romae
715 311 797 345 circ.
825 310 882 344 Id.
912 308 999 344 Dec.
1027 321 1059 343 a.
1082 310 1156 343 692
1182 310 1274 352 (62).

402 393 450 429 M.
479 392 648 428 CICERO
676 392 709 427 S.
731 392 773 426 D.
795 391 833 425 P.
862 389 1025 425 SESTIO
1051 389 1090 425 L.
1116 389 1156 425 F.
1184 389 1321 433 PROQ.

282 476 387 518 Cum
431 477 484 517 ad
526 491 593 517 me
634 475 789 516 Decius
829 474 1030 515 librarius
1070 475 1255 516 venisset
1297 475 1535 531 egissetque

190 551 367 590 mecum,
399 539 446 576 ut
479 549 649 589 operam
683 534 836 588 darem,
868 548 920 574 ne
951 533 1033 574 tibi
1063 533 1146 574 hoc
1176 536 1367 589 tempore
1398 548 1536 576 succe·
1554 549 1571 575 5

192 596 381 648 deretur,
414 608 669 647 quamquam
702 593 823 633 illum
853 592 1072 633 hominem
1103 593 1218 648 frugi
1250 595 1292 634 et
1322 593 1403 634 tibi
1435 593 1536 634 ami-

191 668 286 695 cum
312 652 619 705 existimabam,
644 654 798 705 tamen,
825 651 939 705 quod
956 652 1162 692 memoria
1183 651 1391 707 tenebam,
1417 652 1536 693 cuius

191 712 306 753 modi
345 712 397 752 ad
427 726 494 752 me
525 711 689 751 litteras
727 713 850 751 antea
886 709 1089 764 misisses,
1126 725 1213 751 non
1243 711 1346 752 satis
1377 710 1535 752 eredjdi

190 771 354 812 homini
392 769 592 824 prudenti
629 772 716 809 tam
748 768 869 810 valde
907 783 996 810 esse
1032 771 1240 810 mutatam
1271 769 1535 811 voluntatem

191 833 319 870 tuam.
388 828 490 883 Sed,
533 830 809 883 posteaquam
853 830 895 868 et
939 826 1136 869 Cornelia
1177 831 1251 869 tua
1293 827 1534 870 Terentiam
1556 843 1589 869 ιο

192 887 400 941 convenit,
433 890 474 928 et
505 902 584 943 ego
611 901 707 928 cum
733 886 779 936 Q.
808 885 1005 927 Cornelio
1030 886 1197 928 locutus
1223 901 1328 942 sum,
1359 887 1536 928 adhibui

193 947 475 1002 diligentiam,
514 946 894 1000 quotienscumque
925 948 1095 987 senatus
1126 946 1225 1000 fuit,
1256 948 1304 986 ut
1335 946 1535 1001 adessem,

191 1006 507 1060 plurimumque
534 1006 578 1045 in
599 1019 648 1046 eo
667 1004 831 1060 negotii
856 1004 1000 1059 habui,
1031 1007 1079 1045 ut
1106 1003 1151 1053 Q.
1178 1004 1358 1059 Fufium,
1390 1007 1440 1046 tr.
1466 1005 1535 1059 pl.‚

193 1067 234 1105 et
266 1067 439 1117 ceteros,
470 1063 523 1104 ad
555 1078 660 1118 quos
692 1065 739 1104 tu
771 1063 1008 1118 scripseras,
1041 1077 1235 1119 cogerem
1260 1063 1368 1104 mihi
1392 1064 1536 1118 potius

193 1123 360 1164 credere
398 1137 524 1176 quam
562 1123 647 1163 tuis
683 1122 850 1163 litteris.
913 1121 1097 1163 Omnino
1129 1137 1194 1164 res
1225 1125 1317 1164 tota
1347 1123 1391 1163 in
1421 1137 1536 1164 men·
1555 1135 1590 1162 15

193 1197 280 1223 sem
311 1180 555 1222 Ianuarium
587 1181 742 1222 reiecta
773 1183 883 1235 erat,
915 1181 988 1222 sed
1018 1181 1141 1222 facile
1174 1181 1458 1222 obtinebatur.

275 1239 370 1295 Ego
396 1242 469 1280 tua
494 1239 780 1295 gratulatione
800 1242 1049 1294 commotus,
1081 1240 1195 1294 quod
1214 1240 1267 1280 ad
1285 1254 1353 1281 me
1371 1240 1536 1295 pridem

193 1299 419 1353 scripseras
456 1298 564 1339 velle
601 1301 643 1339 te
681 1298 787 1339 bene
825 1298 1009 1352 evenire,
1049 1298 1163 1352 quod
1201 1299 1250 1340 de
1284 1297 1433 1340 Crasso
1466 1299 1536 1340 do-

192 1371 310 1398 mum
330 1357 536 1411 emissem,
562 1357 644 1397 emi
671 1371 762 1397 eam
788 1357 923 1411 ipsam
943 1356 1115 1398 domum
1142 1357 1287 1412 {XYXV
1319 1358 1536 1411 aliquanto

192 1418 290 1470 post
326 1418 444 1456 tuam
480 1415 821 1471 gratulationem.
863 1413 1032 1469 {taque
1063 1430 1175 1456 nunc
1211 1417 1278 1456 me
1309 1416 1416 1457 scito
1446 1418 1536 1456 tan·
1556 1429 1590 1455 20

194 1477 285 1515 tum
316 1474 472 1515 habere
505 1474 612 1514 aeris
643 1474 782 1527 alieni,
814 1475 861 1514 ut
893 1474 1059 1527 cupiam
1092 1475 1323 1529 coniurare,
1358 1474 1393 1516 si
1426 1475 1536 1528 quis-

194 1548 321 1587 quam
353 1532 545 1586 recipiat3
583 1532 656 1573 sed
691 1532 848 1587 partim
881 1532 978 1573 odio
1015 1532 1178 1574 inducti
1209 1548 1275 1574 me
1308 1533 1537 1574 excludunt

194 1594 235 1632 et
267 1594 410 1646 aperte
442 1591 651 1632 vindicem
689 1591 994 1632 coniurationis
1026 1591 1222 1646 oderunt,
1262 1592 1419 1646 partim
1450 1606 1537 1634 non

195 1650 370 1691 credunt
402 1652 443 1690 et
474 1664 498 1690 a
528 1664 595 1690 me
627 1650 800 1690 insidias
831 1652 1028 1690 metuunt
1058 1665 1135 1691 nec
1164 1653 1318 1705 putant
1349 1651 1387 1692 ei
1417 1665 1537 1692 num-

193 1723 286 1750 mos
324 1709 439 1749 desse
476 1723 616 1763 posse,
655 1708 727 1762 qui
760 1723 810 1749 ex
843 1708 1062 1750 obsidione
1093 1710 1351 1751 fener-atores
1377 1724 1537 1751 exeme-
1556 1722 1590 1748 25

194 1767 261 1808 rit.
317 1766 488 1821 †Omni
525 1767 770 1808 semissibus
808 1782 961 1823 magna
999 1768 1119 1822 copia
1156 1771 1236 1823 est3
1279 1783 1358 1825 ego
1395 1771 1537 1809 autem

194 1826 299 1867 meis
330 1825 456 1867 rebus
481 1827 612 1882 gestis
637 1826 718 1868 hoc
743 1840 836 1867 sum
862 1826 1094 1882 adsecutus,
1126 1830 1174 1868 ut
1198 1803 1358 1868 bbnum
1382 1841 1537 1869 nomen

195 1885 422 1926 existimer.

282 1943 468 1984 Domum
493 1946 610 1984 tuam
637 1946 762 1997 atque
789 1943 1124 1985 aedificationem
1151 1959 1318 1985 omnem
1342 1944 1538 1998 perspexi

195 2004 235 2042 et
267 2005 484 2043 vementer
515 2002 703 2056 probavi.
772 2001 1029 2057 Antonium,
1072 2003 1150 2043 etsi
1183 2003 1271 2043 eius
1302 2003 1346 2043 in
1377 2017 1444 2043 me
1477 2003 1537 2044 of·
1556 2015 1591 2041 30

195 2060 290 2100 ficia
323 2075 467 2101 omnes
501 2061 750 2115 desiderant,
782 2064 924 2102 tamen
956 2061 1000 2102 in
1033 2064 1179 2102 senatu
1209 2061 1458 2116 gravissime
1489 2076 1539 2103 ac

196 2119 518 2175 diligentissime
563 2119 731 2160 defendi
775 2122 1051 2173 senatumque
1090 2122 1306 2160 vementer
1347 2120 1537 2161 oratione

195 2192 287 2217 mea
319 2181 444 2231 atque
477 2178 728 2219 auctoritate
764 2178 984 2219 commovi.
1047 2177 1111 2218 Tu
1143 2177 1195 2218 ad
1225 2192 1292 2218 me
1318 2178 1445 2219 velim
1470 2179 1538 2220 lit-

196 2238 305 2276 teras
338 2237 525 2278 crebrius
556 2237 712 2278 mittas.
