1659 2552
136 722 155 751 ΚΟ

183 87 268 129 362
691 85 1030 121 EPISTULARUM

755 226 952 269 XXVIII.

308 308 384 345 Ser.
417 309 554 345 Romae
575 310 691 354 paulo
713 313 795 353 post
823 308 935 342 XIII
956 309 1003 343 K.
1031 308 1123 353 Apr.
1154 321 1187 344 a.
1217 311 1285 344 711
1315 311 1403 352 (43).

560 390 614 425 CI
613 390 717 425 CER
723 390 752 425 O
779 390 1091 425 CORNIFICIO
1116 390 1149 426 S.

271 473 501 515 Adsentior
538 474 619 514 tibi
657 488 746 528 eos,
788 488 893 528 quos
931 474 1081 515 scribis
1118 474 1323 528 Lilybaeo
1361 473 1527 528 minari,

182 533 279 574 istic
319 547 474 587 poenas
519 532 617 573 dare
659 532 871 587 debuisse3
911 533 985 574 sed
1020 533 1229 588 metuisti,
1270 536 1318 575 ut
1355 533 1436 587 ais,
1475 547 1527 574 ne
1564 543 1582 569 5

182 592 309 632 nimis
341 592 450 632 liber
476 592 519 631 in
545 591 786 632 ulciscendo
812 591 1012 633 viderere.
1074 591 1267 633 Metuisti
1299 592 1444 648 igitur,
1475 605 1527 633 ne

182 651 324 707 gravis
357 650 471 704 civis,
504 665 556 691 ne
588 650 714 691 nimis
747 651 883 705 fortis,
914 665 967 691 ne
999 651 1126 692 nimis
1157 653 1199 692 te
1233 651 1385 706 dignus
1417 650 1528 691 vide-

184 724 285 750 rere.
342 709 465 758 Quod
490 709 737 754 societatem
762 709 824 750 rei
849 724 887 763 p.
915 710 1224 751 conservandae
1255 710 1337 751 tibi
1362 723 1528 750 mecum

183 784 206 809 a
237 770 357 822 patre
395 770 608 822 acceptam
647 782 842 822 renovas,
879 771 1050 823 gratum
1088 771 1168 823 est3
1206 783 1312 823 quae
1350 767 1528 809 societas

184 827 294 867 inter
325 841 402 867 nos
434 841 610 881 semper,
642 827 702 867 mi
735 825 948 881 Cornifici,
979 827 1180 868 manebit.
1243 826 1421 868 Gratum
1453 826 1527 868 eti-
1548 836 1582 862 10

184 901 251 926 am
284 885 406 940 illud,
445 886 560 939 quod
589 885 696 926 mihi
728 888 803 926 tuo
834 885 1007 926 nomine
1038 887 1197 941 gratias
1229 885 1412 941 agendas
1442 899 1528 926 non

183 947 324 999 putas3
356 958 434 985 nec
466 944 578 985 enim
610 944 653 985 id
685 944 796 985 inter
821 959 898 986 nos
924 945 1059 986 facere
1093 945 1304 986 debemus.
1349 943 1529 985 Senatus

184 1003 349 1057 saepius
387 1017 465 1057 pro
505 1003 713 1058 dignitate
750 1005 824 1044 tua
865 1003 1165 1057 appellaretur,
1209 1004 1245 1044 si
1283 1003 1529 1057 apsentibus

184 1062 428 1102 consulibus
460 1077 663 1115 umquam
688 1062 770 1102 nisi
797 1062 849 1102 ad
874 1077 963 1103 rem
989 1077 1143 1103 novam
1170 1064 1402 1118 cogeretur.
1446 1060 1529 1102 Ita-

184 1135 264 1174 que
304 1135 382 1162 nec
419 1120 469 1161 de
505 1120 579 1161 HS
621 1121 712 1177 ΙΧὶῖὶ
752 1135 830 1162 1166
870 1121 919 1162 de
959 1120 1033 1162 HS
1073 1122 1162 1165 DCC
1201 1121 1426 1175 quicquam
1459 1119 1528 1176 agi
1549 1129 1581 1155 15

184 1194 296 1220 nunc
326 1194 402 1233 per
433 1182 626 1220 senatum
657 1181 809 1234 potest.
871 1179 969 1220 Tibi
1001 1182 1142 1221 autem
1174 1194 1225 1221 ex
1266 1194 1295 1220 s.
1329 1193 1360 1220 6.
1399 1179 1528 1233 1111Ρ6-

185 1238 364 1279 randum
395 1241 645 1279 mutuumve
677 1238 928 1279 sumendum
961 1252 1119 1280 censeo.
1180 1237 1230 1279 In
1268 1252 1312 1278 re
1349 1253 1388 1292 p.
1426 1237 1528 1292 quid

184 1299 347 1352 agatur⁷
379 1296 503 1337 credo
535 1299 577 1337 te
609 1312 662 1338 ex
698 1311 844 1337 eorum
875 1297 1031 1338 litteris
1063 1311 1333 1352 cognoscere,
1372 1296 1445 1350 qui
1476 1296 1529 1337 ad

184 1359 225 1396 te
258 1358 350 1396 acta
382 1355 537 1396 debent
566 1355 837 1409 perscribere.
900 1355 994 1410 Ego
1032 1370 1126 1396 sum
1158 1370 1230 1409 spe
1261 1355 1391 1408 bona3
1432 1368 1528 1396 con-

185 1414 297 1467 silio,
340 1428 456 1467 cura,
496 1414 641 1455 labore
678 1428 764 1454 non
803 1414 967 1468 desum3
1009 1414 1206 1454 omnibus
1244 1413 1427 1454 inimicis
1465 1413 1525 1453 rei
1547 1424 1581 1448 20

184 1472 378 1525 publicae
405 1486 493 1512 esse
519 1487 585 1513 me
612 1473 863 1513 acerrimum
888 1472 1055 1521 hostem
1081 1487 1181 1526 prae
1206 1487 1273 1513 me
1300 1473 1400 1512 fero.
1443 1470 1526 1512 Res

184 1545 318 1584 neque
356 1545 468 1571 nunc
506 1531 670 1571 difficili
707 1531 801 1571 loco
839 1530 945 1570 mihi
977 1531 1145 1571 videtur
1185 1545 1273 1571 esse
1306 1534 1347 1571 et
1378 1530 1527 1572 fuisset

182 1590 407 1643 facillimo,
439 1589 475 1630 si
507 1590 629 1644 culpa
661 1604 684 1630 a
716 1589 970 1643 quibusdam
1001 1589 1185 1630 afuisset.

776 1740 930 1782 XXIX.

545 1821 619 1856 Ser.
648 1821 784 1856 Romae
808 1832 887 1857 vere
912 1833 945 1856 a.
974 1824 1042 1856 711
1070 1823 1160 1865 (43).
1547 1832 1580 1858 25

561 1902 729 1938 CICERO
757 1902 1026 1937 CORNIFICIO
1054 1902 1152 1937 SAL.

271 1998 371 2040 Non
402 1999 529 2040 modo
561 1999 659 2053 tibi,
699 1999 765 2039 cui
803 2000 949 2039 nostra
986 1998 1129 2039 omnia
1164 1996 1386 2038 notissima
1416 1998 1526 2050 sunt,

184 2059 256 2099 sed
287 2058 500 2099 neminem
527 2058 570 2098 in
602 2058 760 2111 populo
787 2056 836 2098 R.
863 2057 1050 2097 arbitror
1074 2071 1174 2110 esse,
1206 2055 1273 2097 cui
1299 2055 1354 2096 sit
1380 2054 1527 2110 ignota

184 2132 230 2158 ea
263 2117 547 2171 familiaritas,
587 2130 692 2170 quae
729 2115 836 2156 mihi
875 2129 970 2156 cum
1007 2114 1052 2155 L.
1089 2114 1286 2155 Lamiast.
1354 2113 1526 2154 Etenim

182 2190 337 2231 magno
379 2175 547 2216 theatro
589 2176 816 2228 spectatast
854 2177 966 2227 tum,
1007 2187 1101 2215 cum
1139 2175 1201 2214 est
1239 2172 1291 2213 ab
1322 2171 1372 2212 A.
1401 2170 1526 2213 Gabi-
1545 2183 1579 2208 30

183 2235 253 2274 nio
287 2234 457 2275 consule
495 2233 724 2288 relegatus,
766 2233 880 2287 quod
910 2232 1043 2273 libere
1075 2235 1117 2273 et
1147 2231 1316 2272 fortiter
1347 2230 1526 2272 salutem

183 2307 318 2333 meam
358 2292 622 2333 defendisset.
683 2291 774 2333 Nec
812 2306 862 2332 ex
901 2305 949 2332 eo
988 2304 1106 2331 amor
1142 2290 1253 2330 inter
1289 2303 1365 2330 nos
1402 2291 1527 2330 natus
