1659 2552
183 104 238 144 14
682 102 1029 149 EPISTULARUM!

181 199 316 255 tione3
347 201 514 240 tantum
546 199 658 240 enim
690 199 821 240 animi
846 198 1036 240 inductio
1067 200 1110 239 et
1139 197 1378 240 mehercule
1404 213 1524 240 amor

181 273 282 315 erga
321 258 572 313 Pompeium
613 258 724 312 apud
763 272 830 298 me
871 256 998 311 valet,
1043 259 1108 311 ut,
1152 271 1258 311 quae
1299 257 1362 299 illi
1399 258 1524 298 utilia

181 320 291 372 sunt,
323 320 365 358 et
396 331 502 372 quae
533 317 604 357 ille
636 317 738 371 vult,
771 331 818 357 ea
848 315 955 356 mihi
987 315 1130 356 omnia
1159 316 1244 356 iam
1276 318 1317 356 et
1342 319 1456 357 recta
1480 319 1523 358 et

181 390 280 417 vela
304 376 544 431 videantur,
575 390 722 430 neque,
754 378 801 415 ut
830 389 908 430 ego
935 374 1132 429 aubin-,or
1163 377 1352 415 erraient
1376 389 1428 415 ne
1454 375 1523 416 ad-

181 435 357 476 versarii
395 434 565 489 quidem
597 435 703 489 eius,
745 434 791 488 si,
824 447 918 474 cum
949 447 1071 488 pares
1102 447 1191 474 esse
1222 447 1308 475 non
1338 436 1522 489 possent,
1541 444 1563 470 5

180 508 370 549 pugnare
402 494 661 534 desisteient.
722 492 791 533 Me
817 491 988 546 quidem
1019 492 1147 539 etiam
1178 491 1252 533 illa
1282 506 1347 533 res
1379 506 1524 534 conso-

181 553 311 607 latur,
355 552 469 606 quod
512 566 590 607 ego
629 552 664 592 is
701 566 810 605 sum,
855 551 922 591 cui
959 551 1027 592 vel
1066 550 1249 591 maxime
1293 551 1524 592 concedant

182 625 344 666 omnes,
376 613 424 651 ut
454 611 521 652 vel
552 625 600 651 ea
632 610 869 664 defendam,
902 624 1008 664 quae
1038 608 1267 663 Pompeius
1298 610 1417 665 velit,
1455 610 1524 652 vel

181 672 342 711 taceam
382 669 450 711 vel
489 669 637 724 etiam,
679 669 721 709 id
762 668 876 722 quod
914 668 1022 709 mihi
1062 669 1245 709 maxime
1287 668 1426 724 lubet,
1470 669 1523 710 ad

181 731 327 770 nostra
365 742 433 769 me
474 728 613 769 studia
652 728 832 768 referam
871 727 1129 783 litterarum3
1173 727 1287 782 quod
1329 727 1521 782 profecto
1541 739 1576 765 10

181 788 351 842 faciam,
396 787 430 828 si
468 787 574 827 mihi
612 801 686 840 per
723 786 910 828 eiusdem
947 786 1178 827 amicitiam
1209 786 1365 828 licebit.
1407 785 1522 836 Quae

182 846 294 887 enim
326 846 544 900 proposita
574 845 712 886 fuerat
739 845 875 900 nobis,
907 859 1002 886 cum
1027 847 1069 886 et
1093 845 1328 887 honoribus
1354 845 1524 900 amplis-

182 905 299 946 simis
331 908 372 946 et
403 904 621 946 laboribus
650 904 848 945 maximis
872 903 1084 959 perfuncti
1110 918 1305 959 essemus,
1337 904 1523 960 dignitas

183 964 227 1005 in
252 964 473 1004 sententiis
499 963 698 1018 dicendis,
723 963 898 1004 libertas
924 963 968 1004 in
994 977 1038 1004 re
1062 963 1234 1017 publica
1259 963 1521 1018 capessenda,

181 1037 230 1064 ea
273 1022 439 1063 sublata
482 1024 633 1076 totast,
684 1036 761 1063 nec
806 1021 913 1063 mihi
959 1022 1097 1078 magis
1141 1036 1268 1076 quam
1307 1022 1576 1078 omnibus315

180 1096 279 1122 nam
311 1084 382 1122 aut
414 1080 734 1122 adsentiendum
765 1083 828 1121 est
858 1080 975 1122 nulla
1010 1095 1105 1122 cum
1137 1081 1345 1136 gravitate
1376 1081 1522 1136 paucis

181 1143 254 1181 aut
285 1140 443 1181 frustra
473 1139 816 1181 dissentiendum.

269 1198 386 1240 Haec
416 1213 495 1255 ego
527 1198 580 1239 ad
610 1201 652 1239 te
684 1198 738 1240 ob
771 1212 862 1239 eam
889 1213 1056 1239 causam
1082 1198 1265 1239 maxime
1291 1198 1442 1254 scribo,
1474 1200 1523 1240 ut

180 1257 265 1298 iam
298 1258 347 1298 de
378 1260 452 1298 tua
484 1272 651 1312 quoque
677 1256 840 1298 ratione
865 1257 1079 1298 meditere.
1137 1256 1407 1299 Commutata
1430 1259 1522 1298 tota

180 1316 289 1357 ratio
316 1318 379 1357 est
404 1319 584 1370 senatus,
610 1316 875 1370 iudiciorum,
901 1316 962 1358 rei
987 1316 1119 1357 totius
1143 1316 1356 1371 publicae3
1385 1315 1520 1358 otium
1540 1327 1575 1354 2⁰

179 1374 304 1415 nobis
342 1374 628 1429 exoptandum
665 1377 744 1428 est,
784 1374 897 1429 quod
929 1375 976 1429 ii,
1009 1374 1082 1428 qui
1113 1375 1337 1429 potiuntur
1367 1389 1520 1430 rerum,

180 1434 434 1488 praestaturi
465 1433 673 1488 videntur,
705 1433 740 1474 si
772 1433 944 1487 quidam
968 1433 1162 1474 homines
1192 1433 1422 1488 patientius
1453 1447 1521 1475 eo-

180 1507 275 1533 rum
294 1491 530 1546 potentiam
550 1492 658 1532 ferre
678 1492 913 1546 potuerint3
939 1491 1192 1547 dignitatem
1212 1492 1383 1546 quidem
1402 1491 1520 1534 illam

180 1551 443 1592 consularem
474 1551 598 1591 fortis
624 1553 666 1591 et
691 1551 923 1592 constantis
948 1551 1154 1599 senatoris
1178 1551 1288 1592 nihil
1318 1553 1381 1592 est
1407 1551 1521 1606 quod

180 1609 432 1665 cogitemus3
474 1609 626 1650 amissa
664 1609 786 1664 culpa
823 1612 886 1650 est
923 1624 1087 1664 eorum,
1126 1609 1198 1663 qui
1237 1625 1260 1650 a
1298 1612 1446 1651 senatu
1477 1611 1520 1651 et
1539 1620 1574 1646 2⁵

179 1668 370 1709 ordinem
396 1668 787 1709 coniunctissimum
813 1671 854 1709 et
878 1668 1095 1709 hominem
1120 1668 1400 1710 clarissimum
1425 1668 1522 1710 aba-

177 1726 400 1768 lienarunt.
463 1726 545 1768 Sed
576 1729 624 1768 ut
655 1727 707 1767 ad
739 1741 797 1781 ea,
830 1741 936 1781 quae
968 1727 1259 1769 coniunctiora
1283 1727 1410 1769 rebus
1434 1727 1520 1769 tuis

179 1788 295 1840 sunt,
327 1788 531 1840 revertar,
569 1785 821 1840 Pompeium
853 1786 933 1827 tibi
965 1786 1085 1827 valde
1118 1786 1300 1827 amicum
1333 1800 1422 1827 esse
1454 1800 1520 1827 co-

177 1845 320 1900 gnovi,
346 1847 388 1885 et
413 1858 462 1886 eo
489 1847 536 1885 tu
562 1845 743 1900 consule,
770 1848 975 1899 quantum
1008 1859 1086 1901 ego
1112 1845 1333 1900 perspicio,
1366 1844 1517 1899 omnia,

179 1917 285 1957 quae
322 1903 458 1958 voles,
501 1903 732 1957 optinebis,
775 1904 929 1958 quibus
970 1904 1014 1944 in
1054 1903 1180 1945 rebus
1220 1918 1287 1945 me
1327 1903 1409 1944 sibi
1447 1903 1573 1944 illeso

178 1962 365 2003 adfixum
396 1962 582 2016 habebit,
615 1977 750 2016 neque
777 1977 800 2003 a
825 1977 892 2003 me
924 1962 1011 2003 ulla
1042 1977 1119 2018 res,
1152 1977 1257 2017 quae
1283 1961 1335 2002 ad
1360 1964 1402 2002 te
1426 1975 1518 2016 per-

177 2020 321 2076 tineat,
353 2021 620 2077 neglegetur3
651 2035 787 2076 neque
819 2022 933 2062 enim
963 2021 1153 2076 verebor,
1184 2035 1236 2062 ne
1261 2020 1342 2061 sim
1367 2020 1406 2061 ei
1431 2034 1519 2061 mo-

176 2078 327 2134 lestus,
379 2080 446 2121 cui
489 2080 720 2121 iucundum
763 2080 844 2121 erit
887 2080 1015 2121 etiam
1063 2082 1238 2135 propter
1280 2093 1322 2119 se
1366 2078 1517 2134 ipsum,

178 2152 305 2191 quom
337 2152 404 2179 me
436 2152 524 2180 esse
555 2141 725 2195 gratum
756 2138 929 2180 videbit.
990 2138 1055 2179 Tu
1085 2138 1212 2179 velim
1237 2137 1318 2177 tibi
1343 2136 1403 2178 ita
1427 2151 1519 2192 per-

177 2197 361 2251 suadeas,
393 2197 553 2238 nullam
585 2212 674 2239 rem
706 2211 794 2239 esse
824 2197 1065 2251 minimam,
1097 2210 1203 2250 quae
1234 2195 1287 2236 ad
1317 2198 1358 2236 te
1389 2196 1571 2250 perti-⁸5

176 2257 284 2308 neat,
317 2270 422 2308 quae
453 2256 561 2297 mihi
591 2271 677 2298 non
710 2256 847 2297 carior
876 2256 932 2297 sit
963 2270 1089 2309 quam
1120 2269 1237 2296 meae
1263 2268 1328 2295 res
1355 2268 1517 2310 omnes3

177 2312 302 2366 idque
329 2328 423 2354 cum
450 2315 640 2370 sentiam,
672 2315 895 2356 sedulitate
920 2314 1115 2355 mihimet
1140 2313 1229 2369 ipse
1255 2313 1356 2355 satis
1381 2313 1518 2355 facere
