1659 2552
102 860 134 884 10

607 118 753 152 LIBER
778 117 827 152 VI
855 121 1005 153 18—20.
1417 115 1501 157 165

150 213 317 254 litterae
350 212 520 267 quidem
552 227 669 254 meae
701 213 1004 268 impediuntur,
1035 212 1080 254 in
1107 212 1262 267 quibus
1294 213 1382 253 sine
1415 212 1502 252 ulla

152 272 494 327 interpellatione
526 286 681 313 versor.
716 271 865 326 Quare,
900 274 948 313 ut
980 272 1176 326 arbitror,
1208 271 1326 325 prius
1358 271 1428 311 hic
1459 274 1500 311 te

152 345 230 372 nos
262 346 389 385 quam
422 331 519 371 istic
545 333 592 372 tu
618 345 696 372 nos
722 331 897 372 videbis.
943 330 1079 385 Lepta
1110 330 1384 371 suavissimus
1417 329 1502 370 edi-

153 392 241 430 scat
265 389 501 431 Hesiodum
534 392 576 430 et
606 389 761 431 habeat
787 390 831 430 in
858 404 929 431 ore
956 390 1047 443 (τῆς
1073 388 1110 431 δ’
1141 389 1296 444 ἀρετῆς
1324 388 1500 443 ῑδρῶτα’

153 451 194 490 et
227 451 374 490 cetera.

765 540 877 582 XIX.

431 622 505 657 Ser.
532 622 691 657 Asturae
717 632 769 656 em.
796 633 840 655 m.
869 621 962 656 Sext.
991 633 1024 656 a.
1054 624 1125 656 709
1148 623 1236 665 (45).

627 702 795 738 CICERO
828 703 1025 738 LEPTAE.

242 787 454 828 Maculam
496 787 637 828 officio
679 788 872 827 functum
898 801 1002 844 'esse
1043 787 1218 843 gaudeo,
1279 785 1385 827 Eius
1424 785 1500 826 Fa-
1529 794 1545 823 1

153 846 320 887 lernum
350 846 457 886 mihi
490 860 655 899 semper
685 845 886 886 idoneum
911 846 1049 886 visum
1082 848 1144 887 est
1177 845 1433 898 devorsorio,
1466 845 1499 885 si

155 905 282 946 modo
301 905 403 945 tecti
424 905 526 945 satis
546 907 608 945 est
629 904 682 944 ad
706 904 955 945 comitatum
980 907 1174 945 nostrum
1200 903 1499 957 recipiendum.

156 963 382 1017 Ceteroqui
414 963 520 1004 mihi
558 963 676 1003 locus
706 977 792 1003 non
825 963 1029 1016 displicet.
1091 963 1182 1004 Nec
1213 977 1261 1003 ea
1291 977 1335 1003 re
1366 961 1500 1002 Petri-

153 1037 256 1063 num
299 1024 421 1062 tuum
465 1021 672 1076 deseram,
714 1037 813 1062 nam
851 1024 892 1062 et
929 1022 1031 1062 villa
1072 1024 1113 1062 et
1154 1021 1387 1062 amoenitas
1427 1020 1501 1060 illa

155 1080 500 1122 commorationis
532 1082 606 1133 est,
637 1094 722 1120 non
755 1080 998 1121 devorsorii.

242 1139 306 1180 De
332 1139 548 1180 curatione
573 1139 716 1193 aliqua
739 1153 963 1180 munerum
995 1139 1212 1193 regiorum
1239 1152 1333 1178 cum
1360 1135 1498 1191 Oppio
1525 1144 1545 1174 2

154 1198 322 1239 locutus
348 1212 458 1252 sum,
489 1213 588 1239 nam
613 1197 807 1251 Balbum,
833 1200 1110 1252 posteaquam
1135 1199 1183 1237 tu
1204 1211 1246 1237 es
1272 1196 1498 1250 profectus,

155 1271 241 1298 non
265 1257 364 1297 vidi.
426 1256 573 1297 Tantis
598 1257 753 1311 pedum
780 1256 999 1297 doloribus
1025 1256 1232 1309 adficitur,
1258 1258 1305 1295 ut
1335 1269 1377 1295 se
1404 1268 1499 1295 con—

154 1315 291 1356 veniri
322 1315 442 1356 nolit.
505 1314 689 1356 Omnino
724 1315 772 1355 de
805 1318 896 1355 tota
927 1329 983 1369 re,
1015 1317 1063 1355 ut
1093 1314 1200 1355 mihi
1232 1313 1406 1367 videris,
1439 1328 1499 1354 sa-

155 1374 340 1428 pientius
371 1375 541 1428 faceres,
573 1374 608 1414 si
639 1388 726 1414 non
757 1388 934 1414 curares.
981 1372 1103 1422 Quod
1129 1372 1241 1413 enim
1274 1386 1322 1413 eo
1353 1372 1498 1412 labore

104 1447 118 1470 2
157 1433 329 1487 adsequi
366 1433 447 1487 vis,
490 1433 608 1473 nullo
648 1432 775 1474 modo
814 1432 1052 1486 adsequere.
1114 1431 1249 1472 Tanta
1286 1433 1348 1472 est
1386 1430 1499 1471 enim

157 1492 420 1532 intumorum
450 1491 700 1545 multitudo,
737 1494 784 1532 ut
817 1505 868 1532 ex
898 1491 950 1531 iis
983 1490 1136 1545 aliquis
1166 1490 1311 1544 potius
1343 1489 1500 1544 effluat,

159 1565 284 1604 quam
326 1564 437 1591 novo
481 1550 536 1590 sit
579 1550 735 1603 aditus,
778 1549 1027 1603 praesertim
1071 1549 1143 1603 qui
1186 1548 1296 1589 nihil
1338 1548 1501 1589 adferat

158 1611 324 1662 praeter
356 1623 544 1663 operam,
581 1609 626 1649 in
658 1623 740 1662 qua
771 1608 842 1649 ille
874 1622 917 1649 se
950 1608 1111 1648 dedisse
1142 1606 1395 1648 beneficium
1426 1621 1500 1660 pu-

159 1667 268 1708 tabit
300 1665 355 1721 (si
385 1667 512 1707 modo
543 1667 683 1721 ipsum
715 1666 849 1722 sciet),
880 1681 967 1707 non
992 1666 1210 1720 accepisse.
1252 1665 1335 1706 Sed
1357 1668 1500 1706 tamen

107 1737 140 1761 25
160 1724 321 1779 aliquid
351 1725 606 1779 videbimus,
649 1725 694 1765 in
731 1739 814 1779 quo
853 1725 908 1765 sit
946 1725 1122 1779 species3
1166 1724 1288 1765 aliter
1329 1724 1499 1778 quidem

159 1798 245 1824 non
269 1783 396 1824 modo
422 1797 507 1824 non
533 1783 827 1837 adpetendum,
859 1782 931 1823 sed
956 1783 1084 1824 etiam
1109 1782 1358 1838 fugiendum
1383 1784 1499 1836 puto.

159 1842 254 1898 Ego
274 1856 341 1883 me
360 1840 542 1882 Asturae
563 1842 721 1882 diutius
747 1841 932 1882 arbitror
958 1844 1329 1895 commoraturum,
1362 1840 1502 1894 quoad

159 1901 231 1942 ille
263 1900 515 1955 quandoque
546 1900 698 1941 veniat.
760 1899 876 1940 Vale.

779 2016 876 2057 XX.

395 2096 469 2132 Ser.
496 2096 654 2131 Asturae
679 2107 731 2130 ex.
764 2108 808 2130 m.
840 2095 982 2141 Quinct.
1009 2107 1042 2130 α,
1072 2098 1143 2130 709
1171 2097 1260 2139 (45).

598 2177 764 2212 CICERO
793 2176 1007 2211 TORANIO
1035 2176 1067 2211 S.

246 2263 456 2304 Dederam
487 2262 630 2303 triduo
663 2264 758 2302 ante
792 2261 935 2315 pueris
969 2259 1041 2301 Cn.
1074 2259 1220 2301 Planci
1252 2260 1416 2300 litteras
1449 2259 1501 2300 ad
1529 2271 1546 2301 1

159 2324 219 2377 te,
260 2336 308 2363 eo
345 2335 457 2362 nunc
495 2335 565 2362 ero
603 2319 774 2361 brevior
809 2322 955 2374 teque,
995 2322 1043 2360 ut
1081 2321 1203 2360 antea
1241 2318 1500 2371 consolabar,
1595 2317 1598 2319 ’
