1659 2552
105 223 149 254 23

107 846 151 878 24

107 1259 150 1290 25

175 92 261 134 498
641 90 981 126 EPISTULARUM

177 189 212 230 is
244 188 418 243 praesit,
461 187 730 229 desideretur.
795 186 930 240 Cyrus
962 186 1033 227 ille
1065 201 1089 227 a
1120 186 1402 241 Xenophonte
1432 201 1519 228 non

176 247 229 288 ad
259 247 462 288 historiae
500 247 626 287 fidem
666 246 865 300 scriptus,
906 245 979 286 sed
1011 245 1063 286 ad
1094 245 1280 301 effigiem
1312 245 1413 286 iusti
1444 246 1520 287 im-

175 306 300 360 perii,
339 306 456 347 cuius
495 320 657 346 summa
698 304 886 359 gravitas
923 304 976 345 ab
1015 304 1088 345 illo
1129 304 1386 359 philosopho
1424 318 1519 346 cum

176 365 382 421 singulari
409 365 607 405 comitate
629 363 919 418 coniungitur,
947 377 1053 417 quos
1080 363 1250 417 quidem
1275 363 1409 404 libros
1434 377 1519 404 non

177 424 266 465 sine
307 438 430 465 causa
473 426 617 464 noster
658 423 729 463 ille
770 422 998 462 Africanus
1039 422 1088 462 de
1128 422 1324 463 manibus
1363 436 1520 477 ponere
1557 433 1574 459 5

175 497 261 524 non
305 482 484 536 solebat3
528 481 692 522 nullum
737 483 801 521 est
845 481 955 521 enim
1001 481 1343 535 praetermissum
1384 481 1427 521 in
1468 481 1521 522 iis

177 541 366 583 officium
394 540 609 595 diligentis
642 543 683 581 et
714 539 922 580 moderati
956 539 1122 594 imperii
1150 564 1204 568 —
1233 554 1362 594 eaque
1395 540 1429 581 si
1461 540 1521 581 sic

177 600 307 641 coluit
346 600 437 654 ille,
477 600 549 653 qui
586 599 778 653 privatus
816 600 984 639 futurus
1021 613 1252 652 numquam
1284 599 1382 652 fuit,
1421 613 1521 653 quo—

175 675 274 700 nam
314 659 441 699 modo
486 658 706 699 retinenda
747 660 844 698 sunt
885 657 954 711 iis,
999 657 1152 711 quibus
1195 658 1421 711 imperium
1462 657 1522 698 ita

178 718 322 759 datum
355 720 435 772 est,
473 720 520 757 ut
552 716 792 770 redderent,
830 718 872 757 et
903 716 956 757 ab
988 716 1041 757 iis
1071 716 1238 771 legibus
1271 716 1415 757 datum
1447 719 1521 771 est,
1541 729 1575 753 10

178 777 230 818 ad
263 791 366 831 quas
399 776 695 816 revertendum
727 775 818 816 est‘?

258 836 322 876 Ac
347 835 454 876 mihi
480 834 650 889 quidem
675 833 873 875 videntur
896 833 980 874 huc
1012 833 1153 874 omnia
1185 847 1273 874 esse
1305 833 1523 875 referenda

177 895 240 949 iis,
262 895 333 948 qui
360 896 560 948 praesunt
581 893 685 947 aliis,
712 895 759 933 ut
784 893 826 946 ii,
853 893 926 946 qui
946 895 1069 933 erunt
1095 892 1138 932 in
1165 906 1311 933 eorum
1331 893 1521 947 imperio,

179 954 264 993 sint
284 968 411 1007 quam
430 952 682 1007 beatissimi,
709 952 822 1006 quod
841 951 922 992 tibi
942 954 984 992 et
1004 965 1092 992 esse
1118 951 1460 1005 antiquissimum
1481 955 1522 992 et

177 1012 230 1053 ab
269 1012 393 1052 initio
425 1012 566 1065 fuisse,
598 1013 645 1051 ut
676 1011 862 1064 primum
893 1009 1041 1050 Asiam
1073 1010 1272 1065 attigisti,
1310 1011 1520 1051 constanti
1541 1021 1574 1046 15

176 1072 289 1111 fama
315 1073 441 1124 atque
463 1070 652 1111 omnium
672 1084 864 1110 sermone
885 1069 1142 1109 celebratum
1162 1071 1235 1109 est.
1277 1068 1356 1109 Est
1380 1072 1520 1111 autem

176 1145 262 1171 non
281 1130 408 1170 modo
429 1129 531 1183 eius,
557 1129 629 1183 qui
650 1128 774 1169 sociis
794 1131 835 1169 et
855 1127 1035 1182 civibus,
1061 1127 1133 1168 sed
1159 1127 1286 1168 etiam
1312 1127 1421 1181 eius,
1447 1128 1520 1182 qui

178 1189 320 1242 servis,
348 1188 417 1242 qui
440 1188 570 1228 mutis
595 1187 827 1241 pecudibus
852 1186 1022 1241 praesit,
1048 1200 1205 1240 eorum,
1232 1186 1386 1240 quibus
1404 1201 1521 1240 prae-

179 1248 245 1302 sit,
272 1247 504 1288 commodis
524 1246 785 1300 utilitatique
806 1246 972 1286 servire.
1010 1244 1139 1285 Cuius
1159 1245 1328 1299 quidem
1354 1245 1520 1300 generis

178 1309 369 1347 constare
407 1306 518 1346 inter
555 1319 699 1346 omnes
737 1304 859 1345 video
898 1304 976 1344 abs
1008 1306 1050 1344 te
1088 1318 1295 1344 summam
1327 1303 1517 1344 adhiberi
1538 1315 1573 1339 20

179 1365 462 1420 diligentiam,
493 1364 658 1404 nullum
691 1377 758 1403 aes
791 1363 974 1403 alienum
1005 1376 1163 1402 novum
1196 1362 1389 1402 contrahi
1421 1362 1519 1403 civi-

178 1423 355 1476 tatibus,
393 1425 533 1463 vetere
571 1425 711 1462 autem
748 1435 903 1476 magno
942 1423 983 1461 et
1019 1421 1139 1475 gravi
1177 1420 1332 1461 multas
1373 1420 1447 1461 abs
1477 1423 1519 1461 te

178 1496 266 1522 esse
306 1481 527 1533 liberatas,
568 1480 694 1521 urbes
733 1480 969 1533 complures
1009 1479 1168 1519 dirutas
1207 1493 1253 1519 ac
1290 1493 1421 1533 paene
1454 1479 1520 1520 de-

178 1543 327 1594 sertas,
364 1540 409 1580 in
447 1539 600 1593 quibus
638 1553 764 1579 unam
794 1537 938 1579 Ioniae
976 1537 1303 1591 nobilissimam,
1344 1538 1519 1578 alteram

180 1598 343 1652 Cariae,
382 1597 555 1639 Samum
588 1600 629 1638 et
660 1597 1021 1650 Halicarnassum,
1062 1611 1137 1650 per
1168 1599 1209 1637 te
1242 1610 1330 1637 esse
1363 1611 1519 1638 recrea·
1539 1607 1572 1632 25

178 1661 253 1712 tas,
285 1657 422 1698 nullas
455 1672 543 1697 esse
569 1657 612 1696 in
639 1656 806 1710 oppidis
838 1655 1083 1709 seditiones,
1115 1655 1252 1695 nullas
1279 1655 1519 1710 discordias,

177 1716 392 1770 provideri
424 1715 498 1757 abs
529 1718 588 1769 te,
627 1718 673 1755 ut
706 1714 897 1755 civitates
930 1714 1201 1768 optimatium
1233 1714 1420 1755 consiliis
1451 1714 1519 1755 ad-

177 1775 490 1829 ministrentur,
531 1773 697 1815 sublata
727 1772 889 1827 Mysiae
920 1772 1159 1826 latrocinia,
1198 1772 1342 1813 caedes
1373 1772 1518 1813 multis

177 1834 282 1875 locis
314 1848 541 1887 repressas,
578 1846 723 1887 pacem
755 1834 845 1873 tota
876 1831 1094 1885 provincia
1126 1831 1418 1885 constitutam,
1450 1846 1519 1872 ne-

179 1908 259 1946 que
301 1893 438 1933 solum
478 1892 551 1932 illa
595 1892 795 1932 itinerum
836 1892 961 1944 atque
1005 1904 1224 1945 agrorum,
1269 1890 1341 1931 sed
1382 1889 1517 1931 multo
1538 1900 1572 1926 30

179 1951 306 1992 etiam
337 1951 460 2005 plura
491 1953 533 1991 et
568 1950 730 1990 maiora
762 1949 1015 2003 oppidorum
1048 1951 1090 1989 et
1120 1949 1315 1989 fanorum
1352 1947 1518 1989 latroci-

177 2010 248 2051 nia
280 2024 367 2050 esse
401 2009 583 2063 depulsa,
616 2010 822 2049 remotam
855 2022 878 2048 a
909 2007 1021 2047 fama
1052 2009 1093 2047 et
1121 2021 1148 2047 a
1179 2006 1361 2047 fortunis
1392 2009 1434 2047 et
1465 2007 1517 2047 ab

178 2069 266 2109 otio
304 2069 580 2122 locupletium
622 2067 739 2107 illam
777 2066 1090 2106 acerbissimam
1128 2066 1365 2106 ministram
1402 2080 1519 2119 prae-

177 2131 319 2168 torum
351 2127 570 2180 avaritiae,
609 2125 880 2178 calumniam,
918 2127 1110 2178 sumptus
1149 2127 1190 2165 et
1226 2124 1387 2164 tributa
1419 2124 1518 2164 civi-

178 2188 313 2226 tatum
343 2185 394 2226 ab
423 2185 630 2239 omnibus,
664 2184 735 2237 qui
762 2197 904 2224 earum
933 2183 1152 2223 civitatum
1184 2183 1288 2223 fines
1320 2182 1517 2237 incolant,
1537 2193 1572 2220 35

177 2244 349 2285 tolerari
382 2244 624 2298 aequaliter,
660 2242 885 2283 facillimos
917 2255 1005 2282 esse
1037 2241 1176 2282 aditus
1208 2241 1260 2281 ad
1290 2243 1343 2295 te,
1374 2243 1517 2294 patere
1549 2294 1551 2296 v

177 2303 289 2343 auris
321 2306 414 2343 tuas
447 2302 628 2357 querelis
655 2300 856 2356 omnium,
887 2300 1045 2341 nullius
1077 2299 1262 2354 inopiam
1295 2313 1341 2339 ac
1373 2299 1518 2340 solitu-
